2153 3372
1126 250 27 43 4

399 369 119 40 Dans
544 366 44 43 la
616 367 98 42 nuit
740 368 60 42 du
831 369 51 42 10
911 383 54 27 au
996 369 48 40 11
1075 368 102 51 mai,
1207 368 39 40 le
1276 380 162 41 groupe
1469 367 158 53 appuie
1657 380 106 28 avec
1791 367 147 42 succès

340 428 55 40 de
420 441 66 27 ses
511 428 102 40 feux
638 442 60 28 un
723 442 110 40 coup
858 429 54 40 de
936 429 120 41 main
1081 428 122 41 serbe
1228 442 73 27 sur
1323 428 61 40 les
1410 428 229 41 tranchées
1663 427 59 42 du
1750 428 188 52 Panidji.

344 489 58 39 Le
429 488 50 40 15
503 488 109 53 juin,
638 488 39 41 le
701 502 162 39 groupe
888 492 181 38 exécute
1095 489 209 52 quelques
1329 488 79 40 tirs
1434 488 203 40 observés
1662 501 52 26 en
1740 491 203 49 présence

343 548 59 41 du
430 548 198 41 ministre
653 549 60 41 du
740 550 250 40 Commerce
1017 550 121 39 serbe
1166 554 43 36 et
1236 549 59 41 du
1325 548 165 41 colonel
1516 549 425 48 BOGUITCHEVITCH,

345 608 313 43 commandant
680 609 238 41 l'artillerie
940 609 58 41 du
1025 609 310 43 détachement
1358 608 54 40 de
1438 608 156 54 Prilep.
1619 609 39 39 A
1684 613 114 35 cette
1823 622 121 28 occa-

345 669 108 50 sion,
493 668 38 41 le
572 669 165 41 colonel
775 670 276 50 ZOLOVITCH,
1092 668 315 42 commandant
1445 668 59 41 du
1543 668 310 41 détachement
1890 669 54 40 de

348 728 155 54 PriJep,
525 728 160 42 félicite
705 729 39 41 le
765 729 225 53 personnel
1013 730 53 40 de
1085 729 238 42 l'artillerie
1344 729 212 51 française
1576 728 110 41 dans
1706 728 60 41 les
1786 734 160 35 termes

350 794 192 36 suivants
566 794 24 36 :

407 883 16 21 «
444 868 58 40 Le
525 869 51 40 15
595 867 109 53 juin,
727 867 39 40 le
787 868 197 40 ministre
1006 868 59 41 du
1086 869 250 40 Commerce
1358 868 135 50 serbe,
1518 868 57 39 M.
1598 868 204 40 VELISAR
1823 869 24 39 y
1871 869 75 39 AN-

353 940 212 38 KOVITCH,
588 941 24 28 a
637 927 130 41 visité
792 927 39 41 le
858 929 120 40 front,
1003 928 59 41 du
1088 928 311 41 détachement
1424 928 54 40 de
1507 927 142 54 Prilep
1677 941 55 27 au
1759 941 106 30 nom
1887 928 60 40 du

350 988 355 42 Gouvernement
738 988 122 53 royal
895 989 135 40 serbe.
1069 990 63 39 De
1165 988 331 41 l'observatoire
1529 988 61 40 du
1623 987 324 51 détachement,

351 1053 125 36 toute
506 1048 42 41 la
579 1049 208 52 première
820 1049 191 54 position
1040 1049 60 40 lui
1134 1062 25 27 a
1190 1051 68 38 été
1288 1051 211 38 montrée.
1532 1049 36 39 A
1602 1052 115 36 cette
1749 1048 198 41 occasion

349 1108 239 42 l'artillerie
609 1109 60 40 du
690 1108 310 44 détachement
1023 1123 25 27 a
1069 1109 131 42 battu
1223 1122 79 40 par
1322 1108 76 42 des
1420 1108 157 42 rafales
1600 1113 172 36 courtes
1794 1112 45 37 et
1859 1109 92 40 vio-

351 1169 140 41 lentes
515 1167 209 55 quelques
748 1169 146 53 points
917 1170 59 41 du
1000 1171 121 39 front
1144 1169 184 40 ennemi.
1354 1169 57 39 M.
1437 1168 38 41 le
1499 1167 197 44 ministre
1722 1183 25 27 a
1771 1171 68 39 été
1863 1171 88 39 très

354 1228 192 43 satisfait
565 1229 54 41 de
640 1234 115 36 cette
777 1229 146 42 action
943 1227 53 43 de
1015 1229 239 42 l'artillerie
1275 1234 45 36 et
1340 1230 88 39 m'a
1449 1229 194 40 ordonné
1662 1228 53 41 de
1736 1229 142 42 saluer
1899 1242 52 28 en

354 1302 79 28 son
461 1301 101 29 nom
592 1294 101 36 tous
719 1290 62 40 les
811 1290 180 41 officiers
1019 1294 46 37 et
1092 1289 167 42 soldats
1286 1289 55 41 de
1368 1289 238 42 l'artillerie
1635 1290 213 50 française
1878 1290 74 52 qui

356 1351 99 40 font
476 1349 140 54 partie
636 1350 60 41 du
717 1350 310 42 détachement
1047 1349 54 42 de
1125 1350 155 54 Prilep,
1305 1364 46 27 ce
1373 1349 111 42 dont
1502 1350 41 52 je
1564 1351 260 52 m'acquitte
1847 1363 106 28 avec

356 1410 39 41 le
416 1409 99 55 plus
536 1410 63 40 vif
622 1410 160 54 plaisir.

1323 1487 16 21 «
1369 1470 120 53 Signé
1513 1470 24 53 :
1572 1471 275 40 ZOLOVITCH.
1881 1487 16 21 »

413 1550 58 40 Le
494 1550 52 40 25
570 1550 118 50 août,
711 1549 39 42 le
773 1558 162 44 groupe
957 1562 116 29 cesse
1094 1549 55 41 de
1171 1549 106 42 faire
1306 1549 140 54 partie
1476 1549 60 41 du
1563 1547 310 43 détachement
1900 1549 53 41 de

360 1609 142 54 Prilep
519 1610 75 52 qui
615 1614 66 35 est
694 1609 142 41 relevé
853 1624 78 40 par
945 1609 43 42 la
1003 1611 75 40 21e
1092 1610 180 53 brigade
1288 1609 54 41 de
1358 1609 44 41 la
1424 1610 73 40 11e
1516 1608 191 42 division
1729 1609 223 41 coloniale.

360 1671 38 39 Il
410 1669 82 43 fait
503 1669 112 42 alors
627 1671 140 52 partie
778 1671 60 40 du
852 1674 288 49 groupement
1152 1670 183 53 d'appui
1349 1669 44 41 de
1415 1669 46 41 la
1475 1670 74 41 21e
1560 1669 179 54 brigade
1757 1673 197 50 (groupe-

360 1736 123 35 ment
497 1729 252 42 d'artillerie
773 1731 53 40 de
851 1731 43 41 la
917 1731 248 53 Makowka)
1193 1736 44 35 et
1260 1735 145 36 rentre
1429 1729 54 42 de
1499 1743 45 27 ce
1560 1730 83 42 fait
1656 1729 112 42 dans
1784 1743 48 29 sa
1845 1730 108 40 divi-

363 1791 109 40 sion.

419 1851 216 53 Jusqu'au
663 1853 49 39 11
742 1850 260 54 septembre,
1032 1863 143 29 aucun
1203 1852 289 53 changement
1519 1864 53 27 ne
1598 1865 58 27 va
1683 1864 43 28 se
1754 1850 204 54 produire

361 1911 110 42 dans
492 1911 44 41 la
555 1911 213 41 situation
789 1912 76 40 des
887 1912 162 53 parties
1072 1911 218 42 adverses.

418 1973 38 39 A
480 1972 138 53 partir
639 1971 53 41 de
716 1977 115 36 cette
853 1972 118 52 date,
995 1971 76 42 des
1095 1972 249 53 opérations
1368 1972 165 41 actives
1556 1976 110 37 vont
1688 1985 44 27 se
1755 1971 204 42 succéder

361 2031 207 53 jusqu'au
598 2038 198 36 moment
825 2036 55 38 où
909 2032 61 41 les
1000 2036 165 40 armées
1195 2032 218 41 ennemies
1442 2032 283 42 s'avoueront
1753 2033 208 41 vaincues

368 2105 72 28 sur
465 2092 39 41 le
531 2093 119 40 front
676 2093 249 41 d'Orient.

424 2153 70 40 Du
535 2153 51 40 12
625 2165 55 29 au
719 2152 49 41 17
805 2153 260 54 septembre,
1101 2154 39 40 le
1174 2165 162 41 groupe
1372 2153 159 53 appuie
1562 2152 62 42 les
1659 2157 205 49 attaques
1898 2153 59 41 du

369 2213 74 41 42e
475 2213 49 40 R.
562 2213 33 39 I.
623 2214 45 41 C.
695 2213 73 53 qui
798 2226 162 40 occupe
986 2213 39 42 le
1052 2214 219 42 mamelon
1297 2213 59 41 du
1380 2213 346 42 Betchiski-Vro.
1748 2214 59 41 Le
1836 2213 65 51 18,
1930 2213 30 40 il

367 2272 210 42 s'installe
616 2277 26 38 à
672 2286 77 28 son
781 2280 101 35 tour
912 2287 72 28 sur
1013 2273 61 42 les
1106 2280 153 46 pentes
1290 2273 258 42 nord-ouest
1578 2273 54 41 de
1665 2287 46 28 ce
1741 2273 218 44 mamelon

368 2346 106 29 avec
499 2333 179 41 mission
700 2334 244 53 d'appuyer
969 2333 39 42 le
1033 2333 249 43 lendemain
1307 2333 39 41 le
1373 2346 182 42 passage
1579 2333 54 42 de
1659 2333 44 41 la
1733 2335 139 41 Cerna
1905 2347 55 28 au

370 2397 109 49 pont
501 2392 55 41 de
582 2393 97 41 Selo
702 2394 227 41 Monastir.

424 2454 62 40 La
504 2454 139 42 Cerna
661 2459 67 36 est
746 2454 194 43 franchie
961 2454 110 42 dans
1088 2453 43 42 la
1150 2455 180 52 journée
1349 2455 59 41 du
1429 2455 52 41 21
1505 2454 247 55 septembre
1772 2458 44 37 et
1834 2453 40 43 le
1895 2455 65 49 23,

371 2513 38 40 le
433 2527 163 40 groupe
621 2520 121 36 entre
766 2518 24 37 à
817 2515 142 54 Prilep
985 2528 106 27 avec
1114 2514 37 42 le
1177 2515 75 41 42e
1280 2515 50 40 R.
1359 2515 33 39 1.
1418 2515 46 41 C.

426 2574 261 41 L'offensive
715 2579 66 36 est
809 2576 160 53 reprise
996 2574 39 42 le
1064 2576 51 40 24
1144 2575 247 53 septembre
1419 2587 52 29 en
1499 2574 214 42 direction
1740 2574 54 41 de
1822 2573 140 43 Vélès.

425 2633 61 41 Le
511 2635 54 41 26
590 2634 258 54 septembre,
876 2640 25 36 à
926 2635 42 41 la
992 2636 113 41 suite
1129 2635 108 41 d'un
1261 2634 159 42 nouvel
1447 2635 138 50 ordre,
1611 2634 40 41 le
1677 2647 162 41 groupe
1865 2648 99 28 can-

375 2697 134 38 tonné
530 2697 25 38 à
577 2695 207 41 Sterdoce
804 2695 96 41 doit
922 2708 196 40 appuyer
1138 2695 39 41 le
1198 2696 76 40 35e
1300 2697 50 39 R.
1375 2695 34 40 I.
1432 2695 46 41 C.
1502 2694 164 43 faisant
1688 2695 140 48 partie
1849 2694 53 41 de
1923 2694 41 41 la

373 2753 180 42 colonne
572 2756 177 39 BÉTRIX
771 2755 74 54 qui
867 2768 24 27 a
912 2768 109 41 pour
1039 2755 180 41 mission
1238 2756 54 40 de
1310 2755 199 41 marcher
1529 2768 72 29 sur
1624 2755 165 41 Kicevo
1808 2754 39 42 le
1868 2754 97 55 plus

374 2815 92 40 vite
491 2814 187 53 possible
704 2828 109 41 pour
840 2828 158 40 couper
1023 2820 25 38 à
1073 2815 43 41 la
1142 2815 88 40 XIe
1258 2819 141 38 armée
1426 2815 243 41 allemande
1694 2815 42 41 la
1760 2819 126 37 route
1910 2815 55 40 de

372 2874 212 42 Monastir
609 2879 25 37 à
663 2875 306 42 Kaltandelen.
999 2875 36 40 Il
1060 2875 250 54 bivouaque
1337 2890 54 28 au
1418 2875 65 42 col
1507 2876 54 40 de
1586 2875 113 42 Brod
1728 2874 38 42 le
1792 2876 50 41 27
1869 2888 95 40 sep-

371 2934 183 41 tembre.

432 2996 62 39 La
517 2995 175 43 marche
718 3008 53 29 en
796 3001 137 36 avant
958 3008 43 29 se
1027 2996 200 55 poursuit
1251 2995 208 55 jusqu'au
1483 3001 198 37 moment
1706 2999 56 39 où
1786 2995 38 42 le
1851 3007 115 30 com-
