2081 3325
809 226 264 40 -7-

216 349 58 41 Le
306 346 51 44 22
388 346 257 54 septembre,
677 346 38 41 le
746 358 161 41 groupe
938 342 190 45 franchit
1157 343 38 42 le
1225 343 169 43 Vardar
1424 347 24 39 à
1477 343 187 44 hauteur
1693 344 53 43 de

159 407 247 53 Dubijanei.

210 468 59 39 Le
294 467 51 41 23
370 466 257 54 septembre,
652 465 30 40 il
707 464 135 52 reçoit
863 463 160 43 l'ordre
1046 463 53 41 de
1125 463 218 53 rejoindre
1368 464 42 42 la
1437 464 72 41 17e
1536 465 52 40 D.
1615 464 35 41 I.
1676 465 68 51 C.;

155 527 28 40 il
199 539 42 29 se
255 526 233 42 rassemble
500 526 39 40 le
553 526 53 40 24
619 528 25 39 à
657 523 23 55 N
703 523 144 55 egotin
862 528 44 37 et
920 524 200 52 séjourne
1135 526 25 39 à
1179 523 173 42 Riberci
1365 524 38 41 le
1418 524 52 41 25
1484 524 259 54 septembre.

208 586 199 42 Pendant
423 585 43 42 la
483 585 174 54 période
674 583 61 42 du
755 585 49 41 15
825 597 55 29 au
899 585 51 39 25
970 583 259 54 septembre,
1249 584 61 40 les
1328 583 188 54 fatigues
1533 583 210 42 endurées

156 659 77 40 par
250 646 39 39 le
309 645 225 54 personnel
553 649 45 36 et
615 644 60 40 les
696 644 206 43 animaux
923 648 77 36 ont
1020 645 68 39 été
1107 645 86 38 très
1214 642 197 55 grandes,
1432 643 39 41 le
1490 657 162 40 groupe
1672 644 72 41 n'a

158 720 57 38 pu
242 705 190 41 recevoir
461 718 83 39 que
573 704 104 42 trois
704 704 120 51 jours
851 703 53 40 de
932 702 352 43 ravitaillement.
1315 703 162 54 Malgré
1507 716 67 29 ces
1603 703 142 54 priva-

162 764 128 52 tions,
310 764 38 41 le
366 765 137 41 moral
521 763 59 42 du
599 764 226 53 personnel
843 768 113 35 reste
974 762 228 54 excellent.

213 825 148 53 Quant
378 838 84 27 aux
481 824 219 50 animaux,
718 837 59 26 un
793 825 87 38 très
897 822 134 54 grand
1051 823 178 40 nombre
1246 828 100 36 sont
1362 823 162 42 blessés
1541 837 78 40 par
1635 824 119 40 suite'

158 883 76 42 des
264 884 178 53 longues
474 884 194 42 marches
701 896 53 27 en
786 896 108 40 pays
927 881 237 52 accidenté,
1197 881 59 42 du
1288 896 189 40 manque
1510 883 151 42 absolu
1692 883 54 40 de

159 956 125 41 repos
311 949 44 36 et
379 943 59 41 du
467 949 98 48 port
592 955 181 42 presque
801 942 179 42 continu
1006 941 58 42 du
1092 942 79 41 bàt
1197 947 44 36 et
1266 943 54 40 de
1347 956 47 28 sa
1422 943 168 53 charge.
1617 943 131 41 Aussi

160 1003 165 54 chaque
343 1004 187 41 batterie
549 1008 65 35 est
632 1003 169 41 réduite
820 1006 25 37 à
863 1015 84 28 une
967 1002 165 41 section
1151 1006 44 36 et
1213 1015 60 28 un
1290 1003 136 53 dépôt
1443 1009 67 35 est
1530 1003 219 42 constitué

159 1076 72 28 sur
254 1064 132 52 place.
410 1066 37 38 A
471 1076 45 28 ce
537 1063 135 53 dépôt
694 1067 100 36 sont
814 1062 149 41 laissés
984 1062 61 40 les
1068 1062 206 42 animaux
1296 1062 60 41 les
1380 1062 95 54 plus
1499 1063 185 41 atteints
1706 1069 44 35 et

161 1123 38 40 le
220 1123 195 41 matériel
437 1122 355 54 correspondant.

216 1184 58 39 Le
299 1184 53 41 26
376 1182 258 54 septembre,
660 1182 38 40 le
724 1194 160 41 groupe
910 1181 143 54 quitte
1083 1182 170 41 Riberci
1279 1185 24 38 à
1328 1184 23 40 5
1378 1183 153 41 heures
1556 1188 45 36 et
1625 1195 125 41 passe

160 1242 37 41 le
213 1242 169 43 Vardar
397 1247 25 37 à
440 1242 184 42 Ulanka.
646 1242 36 39 Il
698 1246 66 37 est
779 1242 81 42 mis
877 1245 25 37 à
918 1241 43 42 la
975 1241 262 55 disposition
1252 1242 59 41 du
1331 1245 64 39 1er
1411 1243 212 53 régiment
1638 1243 109 41 d'in-

160 1302 182 42 fanterie
378 1294 221 50 coloniale.
639 1302 36 40 Il
712 1302 203 41 continue
951 1315 48 28 sa
1033 1303 174 39 marche
1243 1316 79 40 par
1355 1303 171 54 Toplik,
1563 1302 186 51 Sofilari,

162 1363 329 51 Dolm-Balvan,
523 1362 214 51 Kahusta,
765 1363 251 40 Barbarovo
1044 1366 54 36 où
1124 1362 29 40 il
1180 1362 139 41 arrive
1344 1363 39 40 le
1411 1365 64 39 1er
1502 1363 176 41 octobre
1705 1368 45 35 et

161 1421 191 55 apprend
378 1434 83 41 que
482 1421 250 44 l'armistice
755 1422 122 40 vient
898 1421 137 41 d'être
1059 1421 151 42 conclu
1235 1435 105 28 avec
1360 1422 44 41 la
1424 1423 214 53 Bulgarie.

217 1482 78 40 Les
330 1482 247 54 opérations
612 1481 164 42 actives
809 1486 100 37 sont
942 1481 243 42 terminées.
1221 1483 58 40 Le
1312 1496 163 40 groupe
1508 1496 46 28 se
1584 1483 104 41 rend
1724 1486 24 37 à

161 1542 124 41 Velès
321 1554 76 41 par
431 1542 37 40 le
502 1542 135 52 dépôt
669 1541 54 41 de
761 1541 170 41 Riberci
965 1546 44 36 et
1044 1554 246 31 commence
1324 1546 23 38 à
1383 1555 43 28 se
1459 1543 288 41 reconstituer

160 1601 161 53 quand,
352 1601 38 41 le
421 1603 50 40 12
502 1603 189 51 octobre,
721 1601 30 40 il
778 1602 135 51 reçoit
941 1601 158 41 l'ordre
1127 1602 53 41 de
1208 1602 217 52 rejoindre
1455 1603 167 41 Uskub.
1654 1603 37 40 Il
1719 1617 29 38 y

162 1661 140 42 arrive
320 1661 38 40 le
378 1663 51 41 14
447 1662 189 41 octobre.
654 1663 119 40 Dans
792 1666 114 36 cette
923 1659 196 43 dernière
1137 1662 115 51 ville,
1269 1662 38 40 le
1327 1676 163 41 groupe
1509 1668 106 49 peut
1630 1663 118 41 enfin

162 1735 43 26 se
228 1721 167 41 refaire.
419 1721 34 41 Il
473 1721 152 42 devait
642 1735 29 39 y
690 1725 136 38 rester
842 1721 205 54 jusqu'en
1065 1720 168 53 janvier
1256 1722 121 42 1919.

238 1924 229 48 DÉCÉDÉS
487 1919 93 53 DU
611 1934 69 37 18e
713 1926 260 46 RÉGIMENT
1011 1935 363 39 D'ARTILLERIE
1405 1935 274 38 COLONIALE

450 2170 180 47 Officiers.

165 2242 229 37 MORRIAUX
412 2242 142 48 (Jean),
574 2242 123 48 vétér.
714 2247 58 34 lre
785 2243 136 38 classe.

166 2296 235 37 SADILLECK
439 2297 147 47 (Jean),
623 2297 271 38 sous-lieuten.

436 2404 213 48 Adjudant.

164 2475 151 36 BOIVIN
345 2477 179 47 (André).

310 2587 238 37 Maréchaux
572 2587 63 36 des
660 2588 111 46 logis.

166 2659 225 37 BAUDRIER
419 2659 206 47 (Eugène).

166 2712 107 37 BION
303 2712 153 47 (Léon).

167 2767 176 36 BRUNOT
370 2766 268 48 (Alexandre).

168 2820 141 36 BUFFA
337 2820 238 47 (Séraphin).

169 2873 201 38 CAMPANA
398 2874 218 48 (Antoine).

995 2171 136 38 CARLE
1161 2171 165 48 (Louis).

995 2226 158 37 GASSAN
1183 2227 197 46 (Joseph).

994 2281 240 35 DOMBRAYE
1264 2281 154 47 (Léon).

994 2335 223 36 FOURNIER
1244 2335 146 47 (Paul).

993 2389 293 36 MAGNAUDEIX
1310 2390 350 48 (Jean-Baptiste).

995 2443 255 36 PISSARELLO
1279 2444 166 47 (Louis).

993 2497 190 36 SAUNIER
1211 2497 189 47 (Michel).

1253 2588 236 46 Brigadiers.

995 2653 131 42 CRESP
1156 2659 211 47 (Casimir).

995 2713 142 37 GUERS
1166 2713 234 49 (François).

996 2767 200 37 LABARDE
1227 2768 224 48 (Auguste).

995 2821 170 37 OTTAVY
1195 2821 197 48 (Joseph).

996 2874 230 39 PRÉNERON
1256 2876 287 50 (Jean-Louis).
