2108 3322
838 200 266 41 -5-

186 326 212 44 mandant
417 326 59 42 du
497 338 161 43 groupe
680 325 191 56 apprend
896 326 136 53 qu'un
1054 325 217 43 armistice
1293 338 26 29 a
1339 328 68 39 été
1429 324 152 44 conclu
1602 326 96 42 avec
1722 326 49 42 la

182 387 212 53 Bulgarie.
428 388 79 39 Les
540 388 215 40 hostilités
786 386 90 42 doiv
898 386 69 42 ent
999 386 182 54 prendre
1218 386 58 40 fin
1307 385 39 42 le
1377 387 54 40 30
1464 386 244 54 septembre
1742 390 26 38 à

186 447 117 41 midi.

238 508 135 51 Après
392 510 68 37 cet
477 506 229 51 armistice,
725 506 38 40 le
781 519 160 40 groupe
959 505 204 42 continue
1180 519 47 28 sa
1243 504 173 43 marche
1434 510 44 37 et
1496 519 161 40 occupe
1674 520 94 28 suc-

184 566 283 41 cessivement
488 565 61 41 les
572 566 178 52 villages
772 566 54 40 de
854 566 176 51 Kicevo,
1055 565 277 54 Trapohidal,
1361 567 219 51 Drugovo,
1607 566 164 42 Dobre-

185 625 147 54 no\ec,
356 625 248 54 Popoljani,
632 626 147 41 Dibra.

240 686 57 40 Le
326 687 25 40 8
381 686 189 50 octobre,
600 685 43 41 la
670 686 180 41 colonne
879 686 71 53 qui
982 698 25 27 a
1034 685 58 40 dû
1120 685 150 42 laisser
1298 697 53 28 en
1380 687 156 39 arrière
1563 685 53 42 de
1645 699 123 28 nom-

184 746 134 40 breux
349 746 185 52 bagages
567 758 54 28 au
652 758 122 27 cours
805 745 131 40 d'une
966 746 174 39 marche
1172 745 115 41 aussi
1316 745 164 53 rapide,
1513 746 181 53 reprend
1728 746 43 41 la

185 811 122 35 route
322 804 53 41 de
392 804 153 55 Prilep.
564 806 57 40 Le
639 807 48 40 13
705 805 188 50 octobre,
912 804 78 41 elle
1005 810 66 36 est
1086 809 23 38 à
1126 805 263 41 Mormorani
1406 808 54 38 où
1477 805 78 41 elle
1571 805 199 53 séjourne

186 869 44 37 et
243 878 44 27 se
301 865 242 53 réorganise
577 864 206 53 jusqu'au
805 866 25 39 6
853 864 248 51 novembre,
1126 864 103 41 date
1252 868 25 38 à
1298 864 188 53 laquelle
1510 865 79 42 elle
1612 877 44 29 se
1678 871 92 36 met

186 938 52 27 en
255 930 125 36 route
399 938 108 39 pour
528 925 149 40 Nioch.
698 926 58 39 Le
778 925 49 40 12
847 924 248 51 novembre,
1116 923 38 42 le
1174 924 382 43 commandement
1575 926 192 53 apprend

187 997 81 40 que
290 985 59 40 les
373 984 215 42 hostilités
613 990 76 35 ont
713 985 86 53 pris
828 985 58 40 fin
910 996 105 30 avec
1037 983 285 54 l'Allemagne
1346 984 38 41 le
1410 987 48 40 11
1485 986 236 43 novembre
1744 989 25 38 à

186 1044 119 41 midi.

580 1168 336 52 OPÉRATIONS
946 1178 81 41 DU
1063 1178 46 39 2e
1143 1176 224 43 GROUPE

244 1292 83 39 Dès
353 1303 47 28 sa
424 1290 248 48 formation,
698 1290 39 42 le
763 1291 45 40 2e
835 1305 160 40 groupe
1020 1296 67 36 est
1110 1290 82 44 mis
1217 1294 25 38 à
1266 1291 43 40 la
1332 1290 262 54 disposition
1619 1290 60 41 du
1704 1293 69 49 gé-

188 1350 117 42 néral
327 1351 311 41 commandant
657 1351 43 41 la
720 1351 73 40 16e
815 1352 51 39 D.
892 1352 32 39 I.
947 1353 44 40 C.
1017 1351 36 40 Il
1073 1356 66 35 est
1158 1351 82 42 mis
1261 1364 52 27 en
1333 1355 126 36 route
1479 1363 73 28 sur
1571 1350 138 41 Venia
1734 1350 39 40 le

185 1412 26 39 8
230 1410 108 41 avril
356 1414 55 38 où
428 1410 30 40 il
477 1411 139 40 arrive
632 1412 40 40 le
692 1412 51 40 14
762 1412 107 40 avril
890 1414 123 51 après
1033 1411 121 41 avoir
1173 1414 217 38 cantonné
1408 1410 366 42 successivement

185 1475 24 36 à
240 1472 243 50 Annensko,
510 1472 243 50 Leskovec,
786 1472 138 50 Sotin,
960 1471 194 53 Kojalar,
1190 1471 280 49 Karadzalar,
1507 1469 209 43 Hadowo.

242 1531 58 40 Le
319 1531 53 40 26
388 1531 109 52 juin,
517 1531 39 39 le
576 1532 45 39 2e
640 1545 161 39 groupe
821 1537 67 35 est
904 1532 82 43 mis
1005 1536 24 37 à
1048 1532 42 40 la
1107 1531 262 54 disposition
1386 1532 60 40 du
1465 1529 172 54 général
1658 1543 113 28 com-

186 1590 214 43 mandant
426 1591 38 39 le
496 1592 64 40 1er
587 1597 286 48 groupement
900 1591 53 41 de
981 1591 210 42 divisions
1221 1596 44 37 et
1293 1590 96 42 doit
1418 1591 90 41 être
1536 1590 136 54 dirigé
1701 1603 74 28 sur

187 1650 309 51 Gumenzi;les
521 1652 187 52 bagages
735 1664 88 28 non
848 1651 343 53 indispensables
1219 1656 147 37 seront
1392 1654 145 39 versés
1566 1650 209 54 provisoi-

188 1715 167 37 rement
376 1714 25 38 à
421 1711 43 40 la
485 1711 74 41 23e
581 1711 41 40 S.
646 1712 139 41 M..du
811 1712 44 39 P.
879 1712 51 42 A.
956 1713 52 39 D.
1035 1712 64 41 16.

244 1771 68 40 Du
339 1771 52 40 28
418 1770 108 41 avril
551 1785 56 26 au
632 1773 26 39 8
683 1771 100 51 mai,
811 1771 38 41 le
876 1785 161 40 groupe
1063 1771 83 41 fait
1171 1776 125 36 route
1323 1785 78 40 par
1426 1771 126 52 Gida,
1586 1770 188 50 Kurfali,

189 1829 165 51 Isiklar,
378 1829 254 51 Gumendzi,
654 1831 247 51 Bohemica,
922 1831 171 41 l'Arbre
1117 1832 116 51 Noir,
1256 1832 43 40 la
1320 1832 196 41 Fourche
1538 1837 44 35 et
1601 1832 172 40 Kouto.

188 1890 36 39 Il
237 1890 95 41 doit
347 1890 232 53 participer
594 1895 25 37 à
632 1890 216 53 l'attaque
863 1891 60 41 du
938 1892 111 40 Skra
1062 1891 44 40 di
1123 1893 143 52 Legen
1282 1897 44 35 et
1340 1891 96 41 doit
1459 1903 317 42 accompagner

185 1949 53 41 de
269 1962 64 28 ses
364 1950 101 41 feux
493 1951 217 52 l'attaque
739 1951 107 41 d'un
876 1951 213 42 bataillon
1118 1952 61 40 du
1210 1954 46 38 5e
1286 1953 214 52 régiment
1529 1950 246 54 hellénique

178 2010 68 39 du
271 2022 123 40 corps
417 2010 190 43 d'armée
630 2011 53 40 de
707 2012 42 40 la
773 2011 187 41 Défense
984 2012 236 41 nationale.

245 2070 68 40 Du
334 2070 25 40 9
380 2083 54 27 au
456 2071 53 40 28
527 2071 101 51 mai,
651 2071 28 39 il
702 2072 195 52 organise
918 2085 66 28 ses
1006 2071 212 54 positions
1239 2072 54 40 de
1314 2073 188 40 batterie
1524 2069 44 43 et
1590 2072 185 41 effectue

189 2128 75 41 des
287 2129 203 53 réglages.

243 2189 234 53 L'attaque
498 2203 24 28 a
539 2189 85 42 lieu
643 2189 59 43 les
722 2191 54 41 30
796 2197 50 35 et
857 2191 51 42 31
930 2192 88 41 mai
1038 2197 43 36 et
1099 2192 160 41 réussit
1279 2191 279 54 pleinement.
1580 2192 37 40 A
1637 2192 138 54 partir

187 2248 60 40 du
285 2251 64 39 1er
379 2248 107 53 juin,
519 2251 38 39 le
590 2264 161 40 groupe
786 2251 210 42 s'installe
1032 2265 72 28 sur
1138 2252 54 41 de
1229 2252 221 41 nouvelles
1478 2252 228 54 positions.
1738 2251 35 40 Il

188 2308 182 42 effectue
410 2309 75 41 des
528 2312 349 41 concentrations
908 2317 44 36 et
984 2312 75 40 des
1093 2313 78 40 tirs
1203 2312 54 41 de
1287 2312 288 53 représailles
1599 2312 72 53 sur
1712 2312 61 40 les

190 2368 143 52 points
363 2369 285 43 intéressants
678 2371 54 40 de
763 2384 48 28 sa
845 2384 105 28 zone
983 2372 188 41 d'action
1194 2372 24 41 :
1257 2372 142 41 Ravin
1431 2372 55 40 de
1522 2373 44 40 la
1596 2372 174 49 Boucle,

186 2427 125 42 ravin
332 2428 53 41 de
407 2430 43 39 la
472 2430 167 41 Maison
659 2430 143 51 isolée,
830 2431 128 42 Piton
989 2432 32 50 I,
1050 2431 127 42 Piton
1200 2432 337 50 intermédiaire,
1565 2431 130 50 Piton
1713 2431 59 51 II,

190 2488 127 40 Piton
336 2488 83 51 III,
437 2489 60 40 les
514 2490 220 41 Mamelles
750 2490 220 52 jumelées,
989 2491 39 40 le
1045 2492 126 41 ravin
1187 2493 60 41 du
1264 2492 285 53 Labyrinthe.

244 2548 57 40 Le
338 2549 51 40 15
425 2551 257 51 septembre,
719 2551 39 40 le
795 2564 160 39 groupe
992 2565 43 27 se
1071 2556 249 49 transporte
1357 2565 72 28 sur
1463 2552 61 40 les
1561 2552 213 54 positions

189 2620 235 29 reconnues
446 2613 25 37 à
491 2608 159 42 l'ouest
669 2611 59 41 du
750 2611 110 41 Skra
881 2611 44 39 di
950 2611 81 40 Did
1057 2615 54 38 où
1133 2611 30 40 il
1186 2612 139 41 arrive
1347 2612 38 41 le
1410 2612 52 40 16
1485 2625 54 28 au
1560 2611 155 42 matin.

245 2669 83 38 Dès
347 2668 85 41 lors
452 2668 261 43 l'infanterie
735 2676 289 48 progressant,
1047 2671 38 41 le
1107 2683 161 42 groupe
1289 2685 44 28 se
1355 2677 124 48 porte
1500 2685 53 27 en
1575 2677 136 36 avant
1731 2676 45 36 et

190 2739 159 40 occupe
368 2729 362 52 successivement
747 2730 60 41 les
828 2731 212 53 positions
1058 2731 54 40 de
1135 2732 156 50 Noute,
1312 2733 60 39 du
1393 2732 63 40 col
1476 2732 54 39 de
1549 2732 43 40 la
1612 2733 161 48 Dzena,

194 2785 157 53 Huma,
381 2777 294 63 Bratotchelo,
707 2790 236 42 Mirowtsa.

246 2846 58 41 Le
328 2848 51 39 25
403 2849 257 52 septembre,
684 2848 39 42 le
746 2850 169 41 Vardar
938 2855 67 37 est
1026 2850 184 42 franchi.
1236 2852 59 39 Le
1319 2852 66 51 27,
1410 2852 38 40 le
1473 2864 162 41 groupe
1659 2855 68 37 est
1750 2854 23 37 à

198 2905 140 52 Ritch,
362 2906 39 42 le
425 2908 54 40 28
501 2912 25 38 à
548 2908 248 52 Wladovki,
821 2909 39 42 le
884 2911 53 40 29
960 2915 24 37 à
1011 2911 226 51 Podaretz,
1264 2911 38 40 le
1325 2911 54 42 30
1403 2925 56 27 au
1484 2912 88 40 soir
1594 2910 30 40 il
1653 2915 68 37 est
1750 2914 22 37 à

192 2965 200 42 Matsovo
419 2967 109 42 dans
555 2969 43 41 la
625 2969 133 41 haute
786 2969 137 42 vallée
951 2970 54 40 de
1032 2970 43 42 la
1100 2970 286 55 Brégalnitsa.
