2536 3769
538 562 190 64 Note
788 561 126 79 sur
970 554 104 68 les
1130 548 366 93 appareils
1552 548 40 70 à
1648 548 204 71 volet

623 774 101 41 PAR
748 772 106 42 MM.
885 772 51 42 A.
966 768 242 45 HERPIN
1234 770 46 39 et
1308 766 50 42 0.
1388 766 260 43 HUGUET

973 856 138 39 (Centre
1137 855 40 29 de
1202 853 203 38 Bordeaux.)

834 1111 13 21 L

731 1188 15 18 V

469 1246 125 43 Dans
620 1260 88 29 une
733 1249 107 39 note
867 1248 279 54 précédente,
1174 1260 114 29 nous
1315 1260 142 30 avons
1481 1246 199 56 indiqué,
1711 1247 133 43 d'une
1872 1248 133 54 façon

383 1323 215 55 générale,
619 1328 104 38 tout
746 1322 38 44 le
811 1323 120 56 parti
951 1336 85 43 que
1056 1323 91 43 l'on
1173 1324 189 56 pouvait
1384 1323 108 42 tirer
1511 1325 52 42 de
1587 1322 45 43 la
1657 1323 349 57 thérapeutique

384 1416 82 41 par
489 1400 221 58 appareils
735 1402 25 40 à
784 1400 137 50 volet,
948 1401 113 43 dans
1084 1401 62 42 les
1170 1404 148 53 pertes
1353 1402 67 41 de.
1442 1401 248 50 substance,
1710 1401 54 42 de
1788 1400 43 41 la
1855 1402 152 52 région

385 1478 227 56 angulaire
648 1479 60 42 du
742 1477 247 44 maxillaire
1024 1478 220 43 inférieur.

520 2475 72 32 FIG.
626 2487 42 22 i.
668 2487 43 22 -
727 2477 32 30 A
784 2478 109 42 gauche
893 2478 48 42 :
967 2481 161 30 situation
1152 2481 148 31 normale
1327 2478 44 31 du
1395 2477 177 39 masséter;
1597 2478 20 30 à
1642 2467 138 43 droite':
1804 2479 134 31 modifi-

479 2525 127 29 cations
632 2525 174 41 produites
830 2536 58 31 par
913 2527 31 30 la
971 2527 173 32 déviation
1169 2529 41 30 de
1235 2529 32 30 la
1291 2526 125 31 branche
1416 2526 48 31 :
1491 2526 31 29 le
1548 2525 156 41 pointillé
1728 2526 138 40 indique
1890 2527 48 29 les

479 2576 156 29 contours
651 2584 159 20 normaux
828 2578 33 28 et
876 2579 131 36 permet
1024 2576 208 41 d'apprécier
1248 2576 31 30 le
1295 2574 317 30 raccourcissement
1629 2572 43 30 du
1689 2573 137 31 muscle.

518 2632 73 39 (On
606 2633 58 29 tlie
681 2633 74 39 left,
774 2635 126 29 normal
923 2635 160 30 situation
1107 2635 40 30 of
1165 2636 57 29 the
1245 2635 175 34 masseter:
1438 2641 42 20 on
1496 2631 58 30 the
1570 2631 101 40 right,
1690 2631 247 31 modifications

478 2680 172 40 produced
677 2681 43 40 by
745 2681 59 30 the
830 2682 172 30 déviation
1028 2682 41 30 of
1089 2682 57 30 the
1172 2682 98 36 rami;
1303 2678 67 42 the
1370 2678 185 42 stippling
1583 2678 113 32 shows
1719 2679 58 29 the
1808 2680 127 29 normal

478 2728 145 30 outlines
639 2729 65 28 and
719 2728 120 32 allows
854 2733 35 26 to
905 2730 191 39 appreciate
1118 2729 59 29 the
1200 2726 194 38 shartening
1410 2725 40 29 of
1450 2725 69 29 the
1537 2725 153 40 muscle.)

486 2894 125 43 Nous
654 2909 141 29 avons
839 2895 112 43 ainsi
991 2909 58 30 eu
1090 2892 236 45 l'occasion
1369 2893 54 42 de
1465 2896 202 40 montrer
1707 2892 315 59 l'importance

399 2969 205 55 qu'avait
628 2985 94 36 eue,
744 2986 115 42 pour
877 2973 39 43 le
937 2972 387 43 fonctionnement
1352 2968 214 44 ultérieur
1593 2971 55 42 de
1675 2970 44 42 la
1745 2971 275 50 mandibule,

399 3042 39 41 le
459 3046 360 44 rétablissement
843 3048 262 56 d'équilibre
1129 3048 54 41 de
1203 3046 107 42 l'arc
1331 3059 162 37 osseux
1515 3050 45 38 et
1582 3046 121 44 aussi
1722 3047 45 43 la
1786 3048 238 43 réduction

401 3130 55 29 en
485 3119 96 42 leur
611 3121 125 54 place
754 3122 212 43 normale
998 3125 77 41 des
1105 3122 151 58 points
1287 3120 261 44 d'insertion
1582 3123 76 42 des
1688 3123 191 43 muscles
1909 3123 112 42 inté-

398 3196 150 41 ressés.
574 3195 118 44 C'est
714 3211 59 29 au
792 3202 117 40 reste
930 3195 243 48 l'évidence
1194 3197 160 50 même,
1377 3198 114 43 mais
1512 3198 32 40 il
1564 3198 212 43 convient
1798 3199 226 56 peut-être
