2428 3754
572 358 269 31 TREATMENT
870 361 54 28 OF
953 357 87 30 THE
1069 354 190 32 TRISMUS
1290 354 173 31 DURING
1493 355 135 30 SLEEP
1857 352 48 41 51

288 443 72 40 the
384 444 103 48 jaws
514 447 81 38 and
623 458 61 27 we
710 446 129 51 apply
866 450 80 34 two
974 446 91 35 cost
1091 442 225 51 openwork
1348 441 152 51 splints
1528 441 142 51 fitting
1697 442 72 41 the
1795 439 115 39 teeth

290 512 39 35 ol
361 510 70 38 the
460 515 80 34 two
569 511 103 48 jaws
704 510 106 50 (fig.
810 510 72 50 1).

372 576 58 37 To
456 576 71 37 the
550 586 135 40 upper
707 573 128 52 splint
861 573 180 49 German
1067 570 124 40 silver
1214 569 123 50 guide
1361 570 36 38 A
1422 569 35 39 is
1480 571 112 39 fixed
1616 570 135 40 which
1776 569 34 39 is
1835 569 78 39 sol-

293 639 125 39 dered
442 642 44 35 to
513 652 25 25 a
563 638 117 40 small
707 638 112 40 hook
846 650 28 26 c.
956 635 198 44 Another,
1188 634 113 38 hook
1330 632 35 38 is
1396 633 189 41 soldered
1611 639 44 35 to
1688 635 71 40 the
1776 633 140 57 splint

296 706 44 34 at
372 701 119 51 point
528 703 32 37 b.

376 766 59 37 To
460 767 72 37 the
553 766 125 38 lower
700 765 126 51 splint
852 777 25 29 a
901 763 202 42 standard
1123 763 36 37 B
1182 761 35 38 is
1239 761 122 45 fixed,
1389 765 43 34 to
1457 761 135 40 which
1613 776 29 25 a
1665 763 121 40 small
1808 764 112 39 hook

301 841 24 25 a
348 828 34 37 is
406 828 253 40 soldered.

381 892 87 38 The
488 892 149 49 splints
658 903 68 27 arc
746 894 200 38 attached
967 886 104 44 with
1089 893 176 37 cement.
1344 889 135 39 Guide
1497 892 38 37 A
1557 893 84 37 and
1667 892 203 38 standard
1886 892 36 38 B

303 967 69 26 arc
388 960 76 45 put
483 955 88 38 into
589 955 128 50 place,
737 955 102 38 with
858 957 72 37 the
943 955 151 40 mouth
1110 955 150 44 closed,
1280 954 58 49 by
1353 967 145 26 means
1515 955 43 38 of
1575 967 165 26 sciews.
1809 956 116 38 Rub-

303 1018 75 38 ber
412 1017 110 50 rings
559 1030 70 27 are
662 1018 124 40 fitted
819 1031 55 25 on
904 1018 43 39 in
979 1020 121 38 order
1128 1021 44 35 to
1204 1017 87 48 join
1318 1017 114 39 hook
1460 1029 24 25 a
1511 1022 45 34 to
1584 1019 134 41 hooks
1744 1019 36 40 b
1780 1019 92 40 and
1895 1032 30 26 c.

305 1081 118 50 They
444 1093 70 27 are
533 1082 111 39 fixed
666 1087 44 33 to
733 1084 72 37 the
826 1083 133 40 hooks
985 1082 105 40 with
1117 1081 80 39 silk
1223 1082 150 39 thread
1398 1081 200 51 ligatures
1625 1094 44 27 so
1704 1085 96 37 that
1827 1085 102 49 they

307 1157 100 38 may
432 1149 74 34 not
532 1147 54 37 be
611 1148 195 54 removed
833 1147 84 38 and
942 1145 192 53 replaced
1160 1147 59 50 by
1245 1146 72 38 the
1342 1145 178 53 patient.

390 1208 157 41 Elastic
581 1222 44 26 ac
653 1210 205 50 produces
888 1212 84 39 and
1002 1224 54 26 an
1086 1210 144 40 action
1270 1211 108 38 from
1419 1212 135 38 above
1595 1215 44 34 to
1671 1210 146 46 below,
1851 1213 84 38 and

312 1274 510 53 anteriorly-posteiiorly,
846 1275 137 40 which
1004 1276 124 39 tends
1154 1280 44 35 to
1226 1274 150 40 realize
1401 1276 71 39 the
1502 1275 48 39 (c
1550 1275 144 39 inverse
1716 1274 180 41 attitude
1896 1274 40 41 »

316 1344 42 35 to
388 1341 72 38 the
488 1339 235 48 deviation;
752 1341 119 52 point
904 1354 18 25 c
948 1341 125 51 being
1102 1342 111 38 fixed
1241 1341 73 38 the
1340 1341 214 38 mandible
1582 1340 35 39 is
1645 1339 179 40 lowered
1853 1342 85 38 and

314 1404 157 41 carried
493 1405 192 40 forward.
764 1405 159 41 Elastic
948 1406 50 38 ab
1026 1419 144 27 causes
1193 1406 73 38 the
1286 1405 180 51 condyle
1492 1409 44 34 to
1566 1397 199 47 advance.
1849 1404 89 39 The

318 1474 82 37 two
433 1471 135 39 forces
602 1483 79 28 can
714 1471 54 39 be
802 1471 222 53 employed
1058 1470 352 52 simultaneously
1441 1483 46 26 or
1523 1469 313 53 separately.

397 1536 162 51 During
585 1537 72 39 the
683 1537 90 39 first
799 1539 85 51 day
910 1539 43 37 of
979 1542 242 42 treatment,
1250 1549 61 27 we
1335 1540 80 48 put
1441 1536 100 51 only
1565 1549 80 26 one
1672 1536 155 39 rubber
1851 1534 92 51 ring

320 1601 66 38 for
386 1601 66 38 n°
470 1600 24 39 6
512 1602 160 51 palling
689 1603 44 38 of
751 1604 111 39 hook
882 1616 24 25 a
924 1608 44 33 to
988 1604 111 39 hook
1120 1616 29 25 c.
1223 1603 88 39 The
1329 1603 91 39 first
1440 1601 119 52 night
1584 1602 76 38 has
1696 1615 24 25 a
1750 1601 86 39 bad
1865 1611 81 27 one

322 1666 65 37 for
413 1667 70 38 the
508 1667 177 51 patient,
714 1670 92 38 who
834 1669 107 50 slept
962 1670 79 38 but
1067 1668 130 46 little;
1223 1669 72 39 the
1322 1670 153 37 second
1494 1667 133 51 night,
1652 1668 54 38 he
1728 1679 84 27 was
1838 1665 108 53 slept

325 1732 293 51 comfortably.

405 1794 162 53 During
591 1796 122 52 sleep,
740 1799 72 38 the
835 1802 199 36 constant
1057 1798 246 40 unilaterale
1328 1798 237 52 expanding
1594 1797 126 46 force,
1745 1788 205 60 procured

328 1856 59 51 by
414 1859 73 38 the
514 1860 156 47 elastic,
701 1861 187 41 distends
917 1864 73 38 the
1017 1863 226 39 cicatricial
1270 1862 130 40 tissue
1429 1864 85 37 and
1541 1863 73 38 the
1648 1861 75 40 left
1749 1858 203 44 masseter

331 1918 44 40 in
402 1921 316 54 hypertonicity
746 1928 83 38 and
857 1928 74 37 the
956 1928 151 39 mouth
1141 1925 219 52 gradually
1387 1938 141 40 opens.
1613 1927 67 38 On
1708 1925 245 51 awakening

332 1984 73 40 the
432 1987 164 51 patient
624 1990 75 38 has
728 2003 24 25 a
781 1992 79 48 diy
888 1991 143 39 throat
1060 1992 81 38 due
1169 1995 45 34 to
1242 1990 157 50 having
1427 1990 107 51 slept
1563 1988 103 41 with
1696 1987 72 43 the
1803 1992 152 38 mouth

333 2060 108 40 open
467 2052 161 38 and'he
651 2053 230 51 complains
905 2054 43 51 of
974 2055 73 37 the
1071 2053 164 51 painful
1260 2054 211 39 sensation
1498 2058 44 35 at
1568 2054 107 39 level
1698 2055 43 38 of
1768 2065 101 28 scar.

418 2115 64 38 He
513 2117 230 48 undergoes
775 2117 151 49 during
958 2118 85 48 day
1075 2117 103 39 time
1210 2129 53 26 no
1298 2120 249 44 treatment;
1581 2118 73 38 the
1688 2117 167 40 elastics
1888 2130 71 28 are

339 2181 193 37 removed
554 2180 65 38 for
640 2193 25 25 a
688 2184 82 34 rest
793 2181 44 38 of
859 2193 25 26 a
917 2181 79 38 few
1022 2182 146 45 hours;
1192 2181 106 38 with
1318 2180 124 50 guide
1465 2184 36 37 A
1522 2185 198 48 prevents
1743 2181 215 40 deviation

340 2242 43 37 of
408 2242 72 38 the
503 2242 81 48 jaw
608 2246 45 35 to
680 2243 88 40 left.

421 2305 238 52 Gradually,
680 2320 61 26 we
758 2309 109 39 have
885 2309 138 41 added
1039 2324 57 39 up
1116 2314 45 35 to
1180 2310 95 38 four
1294 2309 154 39 rubber
1466 2309 91 52 rings
1557 2309 46 52 :
1625 2313 84 36 two
1727 2309 236 40 horizontal

344 2371 84 38 and
449 2374 83 36 two
554 2370 179 53 oblique.
812 2375 88 39 The
921 2373 177 53 patient,
1122 2376 92 39 who
1237 2373 36 38 is
1295 2385 101 27 soon
1426 2375 269 39 accustomed
1722 2377 46 35 to
1795 2373 47 47 it,
1868 2387 97 37 goes

346 2439 45 36 to
417 2435 108 53 sleep
552 2436 139 52 easily.

430 2501 117 39 After
581 2502 260 51 twenty-five
879 2505 105 52 days
1018 2505 43 38 of
1098 2504 85 40 this
1219 2506 226 35 treatment
1483 2502 72 39 the
1599 2501 180 52 opening
1815 2502 44 38 of
1895 2503 74 38 the

347 2567 149 43 mouth
527 2570 230 40 amounted
789 2575 45 34 to
869 2578 49 40 25
947 2568 260 43 millimeters
1235 2567 143 51 (about
1405 2565 69 51 I")
1508 2566 80 50 (fig.
1617 2579 35 32 1,
1682 2570 35 34 to
1743 2566 61 39 the
1830 2564 136 54 right).

429 2633 87 40 The
540 2632 176 54 patient,
743 2636 95 38 who
862 2634 34 39 is
920 2635 109 40 from
1054 2629 86 45 this
1164 2629 180 47 district,
1374 2642 85 28 was
1483 2634 95 35 sent
1603 2643 121 37 away
1748 2634 46 36 to
1818 2643 154 28 conva-

352 2698 106 41 lesce
487 2700 65 38 for
583 2713 25 26 a
635 2702 163 44 month,
834 2704 160 42 rdurn;
1027 2697 180 49 wearing
1238 2696 73 38 the
1342 2698 241 48 apparatus.
1672 2696 142 51 Every
1844 2696 129 45 week,

354 2765 53 38 he
429 2763 133 41 called
587 2768 44 37 at
657 2765 73 39 the
755 2764 154 41 service
933 2768 46 35 to
1004 2766 108 38 have
1137 2762 74 38 the
1235 2758 164 40 elastics
1424 2757 203 53 replaced.

436 2829 66 39 On
524 2828 67 40 his
614 2832 145 37 leturn
783 2830 108 39 from
916 2830 128 44 leave,
1072 2828 72 37 the
1166 2823 149 43 buccal
1339 2826 194 49 aperture
1556 2836 86 27 was
1665 2835 52 38 30
1740 2823 240 43 millimeter

358 2892 179 41 without
574 2893 148 39 lateral
757 2892 228 41 deviation.
1076 2891 89 39 The
1199 2887 152 53 splints
1386 2900 106 27 were
1528 2889 129 39 taken
1692 2889 58 39 off
1787 2891 85 39 and
1908 2890 75 38 the

359 2955 177 50 patient,
568 2959 91 38 who
691 2959 85 38 had
808 2949 231 53 recovered,
1075 2953 184 50 rejoined
1289 2951 65 40 his
1384 2964 135 40 corps.

453 3115 54 42 In
531 3121 89 37 two
644 3117 128 42 other
793 3132 123 29 cases
947 3119 45 41 of
1017 3117 195 47 trismus,
1238 3114 197 43 without
1456 3114 160 43 lateral
1644 3108 244 57 deviation,
1915 3129 68 29 we

369 3191 238 56 employed
631 3193 78 42 the
736 3198 245 39 treatment
1010 3192 158 54 during
1195 3191 130 54 sleep.
