2518 3778
699 361 178 35 PLASTIC
906 357 242 37 PROTHESIS
1176 361 47 29 IN
1253 356 111 33 FACE
1391 357 302 35 MUTILATIONS
1958 354 52 44 I9

474 454 48 39 2°
554 451 227 41 Irritation
819 451 153 41 caused
1014 449 51 52 by
1103 448 65 41 the
1204 450 153 38 nature
1395 448 43 51 of
1474 448 66 40 the
1575 451 182 37 cements
1796 442 217 57 employed

389 526 146 42 which
563 541 74 28 are
665 526 60 42 all
751 525 111 43 with
885 526 131 41 ether
1043 524 91 40 and
1161 521 198 42 resinous
1388 522 132 43 basis.

477 608 50 46 30
557 601 228 43 Irritation
814 600 154 42 caused
1002 598 51 54 by
1082 598 67 42 the
1176 597 197 53 frictions
1402 598 103 54 long
1536 601 91 41 and
1656 597 222 56 energetic
1906 596 111 43 with

392 678 127 41 ether
551 677 145 44 which
731 677 77 42 the
844 676 174 56 patient
1054 678 122 39 must
1212 674 257 55 frequently
1504 680 185 38 execute
1724 676 47 42 in
1806 676 130 41 order
1969 679 48 37 to

395 753 189 42 dissolve
620 754 78 40 the
732 752 184 43 varnish
950 751 146 43 which
1131 750 185 42 adheres
1352 742 203 63 strongly
1589 756 48 37 to
1673 752 78 42 the
1787 751 113 42 skin.

480 829 142 41 These
659 828 88 41 last
786 832 89 37 two
914 827 247 41 irritations
1200 839 73 28 are
1313 826 77 41 the
1429 832 118 37 most
1587 827 251 56 important
1877 826 147 42 which

398 902 173 55 compel
605 907 47 36 to
688 903 191 52 adjourn
916 902 203 53 carrying
1153 901 77 42 the
1266 905 245 51 apparatus
1546 903 124 42 until
1670 903 104 42 the
1808 902 101 43 skin
1943 903 82 41 has

399 992 125 27 come
558 978 116 41 back
709 981 46 37 to
791 977 58 41 its
882 977 175 42 normal
1091 980 130 38 state.
1317 978 80 41 We
1419 978 128 59 have
1584 978 116 44 tried
1734 983 49 37 to
1818 992 207 42 suppress

400 1053 121 55 them
521 1053 98 55 by
650 1053 269 54 completely
949 1052 251 57 modifying
1232 1053 77 42 the
1340 1053 194 43 formula
1565 1055 45 40 of
1642 1055 78 40 the
1751 1059 199 38 cements
1981 1054 46 42 in

400 1143 77 27 use
505 1143 61 41 up
595 1133 46 37 to
669 1142 115 35 now,
813 1128 46 41 in
887 1128 279 55 eliminating
1193 1129 77 42 the
1298 1129 118 42 rosin
1445 1130 115 41 from
1588 1125 116 47 their
1731 1131 298 54 composition

402 1204 147 41 which
578 1205 201 53 strongly
808 1204 214 55 adhering
1052 1210 47 37 to
1130 1205 78 43 the
1238 1205 100 42 skin
1369 1219 81 28 can
1482 1206 107 54 only
1617 1207 64 53 by
1709 1207 139 41 taken
1879 1208 62 40 off
1968 1209 64 51 by

406 1281 136 42 ether.

494 1358 80 43 We
608 1358 115 43 have
758 1358 105 42 thus
897 1359 113 42 been
1043 1359 73 42 led
1150 1364 46 37 to
1232 1373 78 28 use
1344 1364 198 37 cements
1576 1358 146 42 which
1756 1373 74 27 are
1864 1359 171 43 soluble

408 1436 44 42 in
472 1441 111 37 water
583 1441 56 37 :
660 1450 106 40 gum
786 1436 164 49 arabic,
973 1436 203 44 dextrine
1194 1436 47 42 in
1261 1437 321 42 concentrated
1599 1435 210 50 solution,
1831 1435 205 43 dextrine

411 1513 92 42 and
534 1513 190 54 glucose,
761 1517 83 39 etc.

499 1589 71 42 All
606 1590 124 43 these
767 1595 199 38 cements
1003 1591 56 41 do
1095 1595 81 38 not
1211 1591 174 43 irritate
1421 1591 79 43 the
1537 1590 112 50 skin,
1688 1591 84 41 but
1808 1590 117 42 have
1961 1589 78 42 the

413 1670 125 49 great
569 1667 145 42 defect
743 1668 46 41 of
816 1667 90 56 not
906 1667 203 56 holding
1138 1682 58 29 on
1224 1668 104 55 long
1356 1668 178 55 enough
1563 1682 57 28 on
1648 1668 78 42 the
1755 1666 112 43 skin.

502 1743 129 41 After
668 1758 140 40 many
845 1749 126 44 tests,
1013 1760 64 28 we
1112 1745 265 43 discovered
1413 1746 104 41 that
1555 1745 78 42 the
1672 1758 157 29 reason
1867 1743 176 42 thereof

417 1830 91 30 was
536 1814 77 47 the
644 1820 220 43 defective
892 1821 246 43 adherence
1169 1824 44 40 of
1241 1823 78 43 the
1348 1820 205 56 gelatine.

504 1895 135 42 From
675 1897 101 41 that
816 1903 215 46 moment,
1061 1912 73 28 we
1171 1899 115 41 have
1325 1897 187 43 decided
1546 1912 123 41 upon
1705 1898 77 41 the
1820 1896 225 53 following

420 1969 190 43 technic.

509 2046 109 40 Coat
649 2046 78 41 the
760 2053 102 48 part
893 2049 46 39 of
971 2049 76 42 the
1078 2049 221 56 prothesis
1329 2049 146 41 which
1505 2049 37 41 is
1573 2056 47 36 to
1652 2051 56 40 be
1740 2050 120 42 fixed
1890 2055 48 37 to
1969 2049 79 41 the

423 2120 97 41 skin
557 2121 111 41 with
701 2122 77 41 the
814 2123 225 55 following
1073 2125 168 43 varnish
1241 2125 43 43 :

584 2265 139 53 Drops
763 2268 45 37 of
846 2268 711 52 mastic.
1645 2279 54 39 50
1736 2282 151 38 grams.

587 2335 570 54 Ether
1157 2335 285 54 q.
1442 2335 285 54 s.

519 2512 82 43 Let
636 2514 84 54 dry
749 2514 69 42 for
849 2529 26 28 a
908 2515 83 43 few
1020 2517 210 49 minutes,
1264 2517 91 41 and
1384 2504 128 53 when
1543 2515 78 43 the
1652 2516 184 42 varnish
1866 2516 36 42 is
1935 2517 124 54 quite

435 2592 96 54 dry,
562 2606 103 41 pass
694 2606 26 28 a
748 2592 195 43 solution
973 2594 45 41 of
1045 2592 330 45 concentraded
1403 2590 203 43 dextrine
1636 2592 90 41 and
1753 2592 63 41 fix
1843 2592 45 42 in
1918 2594 140 54 place.

520 2668 107 43 This
661 2670 189 43 method
883 2670 37 43 is
956 2670 191 55 entirely
1181 2668 301 53 satisfactory,
1519 2666 111 43 since
1630 2666 37 43 :

525 2751 47 35 1°
603 2745 216 44 Dextrine
845 2747 110 42 fixes
980 2747 162 42 almost
1168 2760 48 27 as
1241 2743 149 54 firmly
1413 2757 49 28 as
1487 2756 91 43 any
1601 2743 199 48 resinous
1825 2746 92 42 and
1940 2745 127 42 ether

438 2821 203 50 varnish;

528 2904 49 37 20
608 2899 69 41 No
706 2898 224 43 irritation
958 2900 230 42 whatever
1215 2897 46 41 of
1288 2896 77 41 the
1393 2895 161 47 tissues
1582 2896 36 43 is
1646 2899 250 55 produced;

526 2976 49 48 30
609 2973 42 41 It
681 2986 83 27 can
792 2973 54 42 be
875 2973 148 55 easily
1040 2974 138 41 taken
1206 2970 63 41 off
1294 2970 64 54 by
1384 2976 27 35 a
1438 2969 158 56 simple
1624 2972 123 41 wash
1773 2972 112 42 with
1912 2977 158 43 water;

528 3051 50 48 40
610 3047 40 41 If
687 3047 36 41 it
761 3061 104 40 goes
903 3048 185 54 slightly
1123 3045 183 56 beyond
1342 3044 78 42 the
1457 3045 139 43 limits
1635 3047 45 41 of
1717 3047 79 42 the
1833 3047 240 55 prothesis,

441 3117 36 43 it
520 3119 106 43 does
666 3125 80 36 not
789 3128 180 49 present
1011 3124 129 41 those
1182 3120 199 43 brilliant
1424 3117 151 46 marks
1618 3123 230 54 produced
1889 3124 64 53 by
1994 3123 78 41 the

446 3193 156 43 rosins.
