2394 3850
450 381 190 47 18
640 381 254 47 LA
920 397 335 37 RESTAURATION
1280 400 405 35 MAXILLOFACIALS

452 496 27 27 a
508 482 166 55 capital
704 484 140 54 point.
932 488 44 41 If
1006 503 82 30 one
1119 492 104 42 does
1252 506 58 28 no
1340 506 122 29 more
1492 493 112 41 than
1635 491 198 54 showing
1857 491 94 41 him
1979 490 103 42 how

453 562 48 36 to
536 563 94 37 cast
665 560 67 41 his
767 562 218 54 prothesis
1021 580 107 30 once
1163 579 49 32 or
1245 570 128 43 twice
1407 570 151 42 before
1592 569 68 42 his
1695 570 248 53 departure
1964 569 115 40 from

453 633 77 43 the
568 635 195 56 hospital
800 641 89 41 and
927 646 46 38 to
1011 646 110 41 send
1156 645 94 43 him
1289 648 62 40 off
1387 646 109 42 with
1534 646 68 41 his
1638 645 169 49 mould,
1846 644 68 42 his
1952 648 128 52 paste

454 712 90 41 and
572 718 189 45 cement,
791 717 233 44 whatever
1050 721 66 43 his
1147 723 133 42 social
1311 723 224 53 standing,
1568 723 76 41 the
1674 722 176 55 patient
1880 722 88 43 will
1997 721 84 43 feel

453 787 69 42 his
556 802 113 41 way,
702 788 88 44 will
823 799 80 37 not
939 800 186 41 succeed
1157 800 45 42 in
1236 798 175 56 making,
1411 798 110 56 his
1556 799 134 54 piece,
1728 798 88 43 will
1848 799 91 42 lose
1973 798 110 42 time

455 865 104 50 and,
598 866 243 56 disgusted,
878 872 88 43 will
1001 876 210 43 abandon
1246 877 68 42 his
1350 876 233 55 prothesis.

542 942 69 42 He
641 951 121 37 must
793 949 278 45 understand
1100 953 88 42 that
1216 953 65 42 the
1310 953 228 54 remaking
1567 953 44 53 of
1638 952 68 42 his
1735 952 209 55 prothesis
1973 956 115 38 must

461 1017 44 41 be
532 1033 58 28 an
617 1025 228 41 automatic
873 1032 64 36 act
962 1027 67 53 for
1055 1029 90 42 him
1171 1032 91 41 and
1288 1036 47 37 to
1365 1030 89 42 this
1481 1031 87 41 end
1595 1031 56 41 he
1677 1034 123 38 must
1827 1031 55 41 be
1910 1029 177 54 obliged

456 1109 135 43 every
618 1100 217 56 morning,
867 1104 159 56 during
1049 1110 95 39 two
1174 1121 49 28 or
1250 1108 125 42 three
1404 1108 158 49 weeks,
1594 1112 47 38 to
1673 1112 94 38 cast
1797 1108 91 41 and
1916 1111 83 51 put
2029 1120 58 28 on

456 1172 68 44 his
558 1177 219 53 prothesis
804 1169 98 54 and
934 1182 54 42 he
1023 1188 122 38 must
1179 1189 81 38 not
1294 1186 55 41 be
1384 1185 187 42 allowed
1604 1189 48 37 to
1689 1185 159 55 depart
1883 1184 115 42 until
2032 1184 56 41 he

457 1255 96 49 gets
585 1253 123 54 quite
740 1256 194 44 familiar
964 1259 110 42 with
1106 1261 90 42 this
1229 1262 246 55 operation.

546 1335 49 37 2°
626 1331 78 43 We
737 1333 100 55 give
870 1335 95 43 him
999 1337 67 43 his
1098 1340 157 41 mould
1288 1339 175 56 packed
1488 1339 45 41 in
1569 1353 26 27 a
1627 1340 90 41 box
1753 1339 45 41 of
1831 1339 77 42 the
1940 1338 151 42 model

460 1408 275 52 reproduced
765 1410 45 41 in
842 1412 71 53 fig.
952 1426 20 27 i
1007 1415 91 41 and
1129 1415 44 41 of
1198 1415 145 41 which
1374 1416 77 40 the
1484 1416 279 52 advantages
1794 1415 81 40 has
1908 1415 183 53 already

459 1481 111 43 been
610 1485 248 55 explained,
900 1503 48 27 as
986 1491 97 41 well
1122 1506 48 28 as
1208 1506 26 26 a
1279 1491 216 55 quantity
1533 1492 45 41 of
1616 1496 127 50 paste
1783 1489 220 43 sufficient
2043 1494 47 37 to

460 1549 156 53 enable
650 1561 94 44 him
779 1568 48 38 to
864 1570 94 38 cast
993 1566 45 42 in
1074 1569 201 42 advance
1312 1569 139 41 about
1487 1566 81 44 ten
1600 1567 222 56 prothesis
1856 1566 146 43 which
2037 1568 56 41 he

461 1637 135 54 keeps
623 1651 128 43 away
776 1641 116 43 from
919 1643 111 54 light
1060 1659 46 28 so
1134 1646 102 41 that
1266 1660 134 40 every
1428 1647 91 54 day
1546 1645 58 41 all
1630 1644 56 42 he
1713 1644 80 42 has
1820 1649 48 37 to
1898 1644 56 41 do
1983 1644 36 42 is
2047 1648 47 38 to

461 1712 51 40 fit
542 1727 62 40 up
633 1714 67 43 his
729 1716 121 54 piece
879 1719 145 42 which
1052 1722 108 43 lasts
1190 1724 84 40 but
1305 1738 25 26 a
1359 1723 86 41 few
1472 1722 209 41 minutes.
1771 1720 123 42 Thus
1923 1720 56 43 he
2008 1721 88 43 will

463 1788 105 55 only
595 1790 54 41 be
677 1792 176 54 obliged
880 1800 45 47 to
956 1802 92 37 cast
1077 1799 125 42 three
1230 1799 131 42 times
1389 1813 77 41 per
1492 1799 173 42 month.

548 1865 94 43 The
683 1868 197 45 maimed
922 1874 277 55 appreciates
1243 1866 185 65 quickly
1470 1876 78 41 the
1592 1875 279 54 advantages
1914 1874 46 42 of
2003 1874 90 41 this

463 1943 219 51 prothesis
698 1944 116 44 since
832 1948 54 42 he
907 1963 83 30 can
1013 1953 118 40 walk
1150 1955 141 40 about
1314 1953 177 41 without
1512 1952 230 52 attracting
1764 1965 86 40 any
1873 1951 219 48 attention,

464 2018 145 43 which
649 2023 137 41 result
826 2024 46 42 is
902 2020 316 52 unattainable
1259 2030 111 42 with
1411 2043 90 40 any
1542 2029 141 43 other.
1786 2030 104 41 And
1929 2028 91 42 this
2060 2027 37 42 is

466 2095 116 55 why,
612 2102 130 50 apart
777 2115 26 26 a
840 2101 85 42 few
946 2088 277 72 exceptions,
1253 2105 155 56 nearly
1436 2106 58 41 all
1531 2106 44 41 of
1605 2106 124 41 them
1760 2105 139 54 easily
1922 2095 176 64 compel

466 2171 267 45 themselves
773 2180 46 37 to
862 2178 75 43 the
979 2181 180 43 various
1198 2196 287 28 manoeuvres
1527 2182 45 41 of
1612 2181 77 43 the
1729 2180 369 53 manufacturing

465 2247 45 41 of
542 2249 115 43 their
688 2251 154 55 pieces.
1670 2239 424 12 ,-

550 2327 91 42 But
667 2329 129 43 when
820 2331 77 43 the
921 2333 122 55 piece
1067 2336 81 42 has
1172 2338 113 40 been
1311 2335 171 43 carried
1505 2336 69 42 for
1598 2351 26 26 a
1648 2336 85 41 few
1758 2336 125 53 days,
1910 2333 191 56 another

469 2404 147 43 defect
630 2406 291 59 particularly
936 2411 167 44 serious
1117 2413 174 56 springs
1304 2427 61 41 up
1380 2417 47 37 to
1444 2414 77 41 the
1546 2412 176 57 patient
1741 2413 91 41 and
1856 2411 58 42 its
1936 2410 165 56 impor-

469 2484 131 40 tance
617 2482 36 43 is
675 2485 108 42 such
805 2487 102 50 that
930 2489 34 42 it
989 2491 149 42 would
1158 2491 59 42 all
1237 2492 63 52 by
1321 2490 119 42 itself
1459 2491 158 42 render
1638 2491 78 41 the
1737 2504 78 28 use
1831 2489 46 42 of
1894 2489 92 41 this
2009 2492 91 37 sort

470 2556 45 40 of
541 2560 222 52 prothesis
788 2562 257 59 impossible
1071 2566 33 41 if
1128 2568 126 41 there
1280 2580 112 28 were
1417 2580 57 28 no
1503 2581 154 27 means
1683 2571 48 36 to
1761 2566 189 53 remedy
1972 2564 49 41 it.

555 2635 105 43 This
693 2639 159 51 defect,
886 2641 36 43 is
955 2643 76 42 the
1063 2644 193 54 sticking
1286 2642 111 43 with
1429 2657 26 27 a
1487 2647 190 37 cement.
1769 2640 107 42 This
1909 2640 192 53 sticking

472 2709 229 53 produces,
732 2714 44 42 in
806 2716 106 51 fact,
945 2725 57 35 on
1030 2720 78 42 the
1137 2719 113 50 skin,
1282 2733 58 28 an
1368 2718 223 42 irritation
1622 2718 44 41 of
1695 2716 132 56 triple
1856 2717 244 41 character.

562 2792 46 34 10
638 2787 226 55 irritation
887 2796 153 40 caused
1079 2795 50 54 by
1152 2797 64 41 the
1251 2796 257 42 hinderance
1543 2794 186 55 opposed
1763 2798 39 37 to
1837 2793 65 42 the
1930 2793 174 41 normal

473 2859 196 54 function
700 2868 43 52 of
773 2869 64 41 the
868 2871 100 42 skin
998 2872 45 43 in
1076 2873 57 42 all
1164 2875 78 42 the
1274 2873 190 42 covered
1494 2876 116 51 part.

560 2940 104 43 This
707 2943 221 47 irritation
971 2949 38 43 is
1052 2950 256 57 impossible
1354 2954 46 38 to
1439 2943 155 55 avoid;
1632 2948 35 42 it
1712 2947 36 43 is
1810 2947 172 43 besides
2027 2948 77 43 the

472 3014 196 55 lightest,
700 3023 90 40 and
816 3038 64 28 we
910 3041 110 28 even
1050 3029 91 41 add
1168 3028 102 43 that
1299 3028 36 41 it
1363 3027 36 41 is
1429 3041 46 27 so
1504 3026 136 42 much
1668 3025 78 42 the
1773 3038 123 28 more
1924 3039 48 28 so
2001 3025 119 41 that

475 3094 79 42 the
587 3095 219 52 prothesis
840 3115 72 29 are
948 3104 123 42 often
1105 3106 182 54 applied
1321 3118 57 28 on
1413 3102 239 44 cicatricial
1687 3102 160 41 tissues
1880 3101 45 42 in
1960 3097 160 46 which

475 3172 77 43 the
581 3173 244 41 cutaneous
852 3176 226 46 functions
1107 3195 86 35 are,
1223 3181 35 42 it
1286 3184 81 38 not
1394 3179 326 50 non-existant,
1749 3184 46 38 at
1824 3179 112 42 least
1965 3177 140 42 consi-

478 3245 187 56 derably
698 3248 266 45 reduced.
