2299 3901
680 659 454 93 Extra-oral
1134 659 455 93 expansion
1646 656 259 70 device

918 829 144 58 with
1108 828 267 58 bilateral
1420 846 253 59 grooves

476 954 91 59 for
607 971 320 44 treatment
964 958 70 58 of
1067 960 98 57 the
1205 958 262 59 fracture
1504 955 71 59 of
1608 956 97 58 the
1745 950 249 64 mandible
1994 950 111 64 (1)

1063 1142 71 55 By
1167 1143 50 40 E.
1253 1141 268 50 MORALE,

476 1227 92 31 Chief
568 1227 62 31 of
639 1229 56 29 the
710 1228 203 42 Laboratory
926 1230 39 30 of
977 1230 184 40 prosthesis
1174 1230 40 30 of
1214 1230 67 30 the
1298 1231 75 37 13th
1386 1230 166 30 District's
1565 1229 252 30 m;nillo-facial
1831 1226 276 41 Center(Vichy).

925 1283 124 39 (Chief
1063 1283 39 30 of
1116 1284 57 30 the
1193 1284 101 30 Center
1294 1284 44 30 :
1359 1284 44 29 Dr
1422 1283 33 30 F.
1475 1283 199 35 LEMAlTRE.)

565 1657 93 42 The
689 1657 149 53 object
869 1658 45 40 of
943 1657 91 42 this
1063 1662 247 51 apparatus
1338 1658 37 42 is
1404 1661 48 37 to
1482 1658 162 55 spread
1672 1657 91 41 and
1792 1660 47 37 to
1869 1655 173 56 replace
2071 1653 44 42 in

480 1748 27 27 a
537 1732 289 56 satisfactory
856 1733 194 56 position
1083 1749 26 26 a
1139 1734 225 55 fragment
1395 1734 44 41 of
1465 1733 228 43 mandible
1720 1733 210 57 displaced
1930 1733 84 57 to
2041 1731 76 42 the

480 1809 180 43 median
680 1809 88 42 line
789 1824 57 27 on
867 1814 193 38 account
1081 1810 46 41 of
1146 1825 26 26 a
1193 1811 195 42 fracture
1409 1810 110 42 with
1538 1811 87 42 loss
1647 1811 45 41 of
1712 1812 240 41 substance
1973 1808 144 43 which

480 1887 226 42 extended
735 1887 114 41 from
879 1887 77 43 the
986 1886 119 56 right
1134 1891 48 38 to
1212 1888 76 41 the
1318 1888 80 42 left
1428 1887 171 56 cuspid.

567 1964 40 41 A
634 1963 163 56 special
826 1964 171 42 feature
1026 1965 45 40 of
1099 1964 90 42 this
1216 1969 248 51 apparatus
1491 1964 36 41 is
1554 1964 220 56 provided
1799 1966 62 54 by
1889 1964 77 41 the
1994 1977 124 43 sepa-

482 2044 96 39 rate
612 2039 150 44 action
795 2042 45 40 of
872 2041 110 43 each
1014 2041 161 56 sliding
1206 2043 214 48 member,
1454 2041 146 42 which
1630 2042 156 42 makes
1807 2040 203 57 possible
2043 2040 76 42 the

481 2122 262 38 movement
772 2133 48 27 as
848 2118 173 43 desired
1048 2119 46 41 of
1122 2119 76 42 the
1227 2119 121 42 front
1377 2133 49 27 or
1454 2119 76 43 the
1558 2120 116 41 back
1702 2119 46 42 of
1775 2119 76 42 the
1880 2119 238 53 fragment,

482 2195 92 43 and
599 2198 47 38 to
674 2199 140 38 arrest
841 2196 77 41 the
944 2209 203 42 progress
1174 2196 46 41 of
1246 2195 142 43 either
1413 2197 88 41 end
1527 2201 47 37 at
1601 2211 92 41 any
1718 2195 174 43 desired
1917 2194 142 57 point.

570 2327 324 41 DESCRIPTION
919 2338 57 30 OF
998 2337 285 32 APPARATUS.
1301 2353 58 3 -
1379 2327 94 43 The
1496 2326 247 56 expansion
1767 2326 153 42 device
1943 2324 36 43 is
2002 2339 119 28 com-

483 2404 139 57 posed
648 2404 45 42 of
720 2408 89 39 two
836 2404 103 43 oval
964 2404 126 44 wires
1120 2418 20 28 i
1169 2405 92 42 and
1287 2417 37 30 2.
1433 2404 142 43 These
1601 2403 127 44 wires
1755 2417 72 29 are
1856 2404 44 40 of
1927 2403 194 43 German

484 2482 145 51 silver,
657 2482 169 56 having
852 2497 26 28 a
904 2482 219 44 diameter
1150 2482 46 43 of
1220 2494 27 42 4
1265 2481 114 56 m/m
1410 2481 146 56 (5/32"
1581 2482 205 55 approx.)
1810 2481 91 42 and
1920 2481 111 55 they
2049 2493 72 28 are

484 2562 249 43 connected
752 2566 48 38 at
822 2560 116 44 their
957 2561 82 42 left
1059 2561 108 50 end;
1190 2560 77 41 the
1288 2572 132 43 space
1439 2559 204 42 between
1663 2559 126 41 them
1810 2557 133 55 being
1964 2567 24 43 5
2009 2556 112 57 m/m

488 2638 147 56 (3/16"
666 2638 221 56 approx.).
977 2638 127 54 They
1130 2640 124 38 must
1282 2636 54 41 be
1365 2635 252 42 assembled
1643 2634 185 57 parallel
1856 2648 83 29 one
1968 2639 47 37 to
2044 2633 76 42 the

483 2715 129 44 other
639 2716 91 42 and
757 2716 117 42 have
901 2730 27 26 a
956 2714 115 44 total
1097 2713 156 55 length
1281 2712 45 41 of
1357 2724 22 42 7
1407 2726 84 27 cm.
1526 2713 40 50 (2
1596 2711 102 56 3/4"
1729 2711 222 56 approx.).

573 2793 91 43 The
685 2791 271 56 assembling
975 2792 127 43 takes
1120 2791 126 56 place
1266 2803 57 27 on
1342 2802 26 28 a
1389 2788 125 42 thick
1532 2789 146 41 round
1695 2788 104 42 wire
1823 2788 56 55 (4)
1903 2788 46 42 of
1966 2800 27 41 4
2010 2787 112 55 m/m

485 2868 220 45 diameter
728 2870 92 42 and
843 2870 190 42 extends
1057 2873 48 37 to
1131 2868 77 42 the
1232 2869 153 52 gutter
1413 2865 56 54 (3)
1498 2869 47 37 to
1570 2864 147 42 which
1740 2864 34 42 it
1801 2865 36 41 is
1861 2864 260 44 connected.

572 2946 143 46 Wires
751 2962 20 28 1
807 2948 91 42 and
932 2960 38 36 2,
1006 2945 234 44 extension
1273 2956 28 41 4
1333 2943 91 41 and
1455 2946 154 51 gutter
1642 2954 38 40 3,
1716 2956 109 28 once
1859 2940 264 48 assembled,

487 3025 115 43 form
630 3026 252 54 altogether
910 3039 84 27 one
1022 3023 138 54 single
1188 3022 137 55 piece.

575 3102 248 44 Extension
848 3114 40 41 4,
914 3101 146 41 which
1085 3103 212 39 connects
1320 3097 127 42 wires
1475 3109 20 29 1
1522 3097 92 42 and
1639 3110 23 29 2
1688 3102 47 37 to
1759 3100 155 52 gutter
1937 3109 38 40 3,
2002 3097 122 41 must

486 3179 56 42 be
564 3180 46 40 of
633 3180 168 42 curved
823 3179 115 41 form
962 3192 49 28 so
1032 3192 50 28 as
1105 3182 47 37 to
1176 3175 158 44 enable
1357 3174 77 42 the
1464 3173 85 56 lips
1571 3178 48 37 to
1643 3174 51 42 fit
1717 3173 59 50 in,
1801 3173 148 42 whilst
1982 3172 142 43 main-

489 3254 173 55 taining
686 3256 78 42 the
789 3257 104 42 rods
918 3256 92 42 and
1033 3255 78 43 the
1131 3253 161 55 sliding
1309 3251 224 43 members
1553 3250 183 56 slightly
1761 3251 134 42 lower
1916 3251 112 42 than
2049 3249 77 42 the

527 3374 36 40 (J)
586 3371 81 36 Voir
684 3372 29 30 le
731 3376 91 28 texte
842 3375 154 40 franais,
1015 3380 37 24 no
1070 3373 29 40 6,
1116 3373 72 41 juin
1209 3371 89 42 1918,
1317 3381 86 31 page
1423 3380 59 20 ZIO
1499 3373 33 27 et
1549 3371 184 29 suivantes.
