2524 3793
465 368 226 40 PROTHÈSE
721 380 240 38 PLASTIQUE
991 380 116 29 DANS
1136 378 78 29 LES
1243 378 300 29 MUTILATIONS
1573 378 58 28 DE
1661 379 54 28 LA
1745 379 111 29 FACE
1957 379 49 39 13

464 457 184 40 Examen
673 458 25 38 à
721 458 172 39 l'entrée.
920 450 274 48 Écrasement
1219 456 57 38 du
1300 468 77 26 nez
1401 469 104 26 avec
1530 456 283 41 déformation
1837 456 174 40 notable

381 525 43 34 et
455 523 202 39 ensellure
685 525 86 37 très
799 524 248 51 prononcée.
1079 522 61 38 La
1168 519 147 40 narine
1342 519 138 40 droite
1509 525 64 35 est
1601 522 408 40 considérablement

384 588 189 41 atrésiée.

464 661 23 39 5
517 654 164 39 octobre.
713 656 94 38 Une
836 651 275 54 rhinoplastie
1139 655 63 35 est
1230 651 223 51 pratiquée
1480 665 79 38 par
1586 652 36 39 le
1651 654 60 37 Dr
1739 654 170 38 Lecène.
1941 653 69 39 Un

383 716 161 49 greffon
564 718 138 39 costal
724 723 63 34 est
810 718 164 39 insinué
995 729 99 27 sous
1114 717 42 38 la
1177 727 109 40 peau
1308 716 57 38 du
1388 716 127 39 front.

467 792 51 27 20
536 783 163 40 octobre.
714 784 61 38 La
792 783 128 50 greffe
937 786 63 36 est
1021 782 198 39 rabattue
1236 784 42 35 et
1298 780 105 39 fixée
1413 781 25 38 à
1456 793 48 27 ce
1521 781 73 51 qui
1613 786 109 35 reste
1739 782 73 39 des
1829 782 180 39 narines.

1000 2275 72 30 FIG.
1093 2286 43 30 7.
1136 2286 44 30 —
1197 2274 118 32 Soldat
1315 2274 85 32 M.

475 2445 83 39 Par
572 2444 111 41 suite
700 2447 128 40 d'une
845 2455 119 45 perte
982 2452 53 39 de
1052 2455 227 39 substance
1296 2450 260 52 importante
1574 2449 52 39 de
1644 2450 40 38 la
1702 2450 147 40 narine
1866 2451 151 48 droite,

392 2509 203 41 nécessité
621 2511 103 41 d'un
751 2513 292 43 débridement
1068 2518 129 51 jugal.

474 2587 50 38 30
544 2577 221 40 novembre.
791 2579 243 43 Retouches
1054 2584 198 38 diverses.
1277 2579 221 40 Réfection
1519 2578 53 38 de
1592 2578 41 39 la
1654 2578 146 39 narine
1822 2579 147 41 droite.

476 2651 47 40 15
547 2643 115 40 avril.
688 2644 233 42 Retouche.

475 2707 193 54 Quoique
695 2710 41 39 la
766 2711 229 41 difformité
1025 2713 81 39 soit
1138 2714 84 36 très
1252 2709 222 43 diminuée,
1506 2707 38 38 le
1575 2708 176 38 résultat
1782 2709 239 51 esthétique

392 2773 109 41 n'est
520 2788 75 38 pas
615 2788 149 27 encore
782 2778 85 38 très
886 2777 260 39 satisfaisant
1169 2777 85 50 (fig.
1273 2774 56 51 2).
1350 2771 124 41 Aussi
1491 2784 83 27 une
1592 2773 198 50 prothèse
1806 2774 213 52 plastique

393 2840 162 39 est-elle
580 2841 224 51 appliquée
828 2855 52 26 en
904 2842 237 51 septembre
1168 2850 102 41 1917
1299 2838 84 50 (fig.
1411 2837 54 50 3).

476 2965 103 39 OBS.
599 2965 57 38 II.
676 2989 55 4 —
748 2965 147 39 Albert
912 2967 110 44 W.,
1040 2971 71 45 99e
1128 2958 268 45 d'infanterie
1411 2959 248 47 allemande,
1676 2961 238 51 vingt-cinq
1930 2975 88 32 ans,

395 3026 134 41 blessé
555 3028 37 40 le
621 3040 49 39 17
697 3028 111 40 avril
832 3040 103 40 1917
962 3041 79 40 par
1064 3027 123 45 balle,
1217 3025 117 39 entré
1360 3036 55 26 au
1441 3024 158 40 service
1624 3025 317 40 maxillo-facial
1968 3027 53 39 de

393 3091 42 38 la
461 3098 72 33 12e
559 3095 140 48 région
726 3094 37 38 le
788 3106 52 38 24
865 3107 98 26 mai.

476 3155 130 40 Séton
626 3159 52 38 de
695 3160 42 37 la
760 3158 89 39 face
867 3170 79 39 par
963 3158 110 40 balle
1093 3157 142 39 entrée
1254 3156 105 38 dans
1381 3153 40 39 la
1440 3153 97 49 joue
1557 3155 161 48 gauche
1738 3168 51 25 en
1809 3160 130 34 avant
1962 3157 58 38 du

395 3222 206 39 masséter
623 3225 42 36 et
691 3222 129 39 sortie
844 3224 23 37 à
893 3222 152 50 l'étage
1068 3232 153 40 moyen
1246 3220 56 38 du
1328 3231 89 26 nez.
