2383 3787
399 3278 38 21 LA
462 3279 250 23 RESTAURATION
738 3281 312 22 MAXILLO-FACIALE.

1794 3280 15 29 4

256 555 433 66 Treatment
730 553 85 67 of
847 552 124 68 the
1014 550 305 69 trismus
1359 551 280 94 during
1680 552 197 89 sleep

484 747 69 52 By
581 748 148 39 THEO.
763 746 343 48 MORINEAU,
1138 744 198 55 Military
1367 744 164 46 Dentist
1531 744 83 46 I1)

675 831 124 31 Center
822 832 255 29 maxillofacial
1095 830 40 30 of
1147 831 58 30 the
1226 830 89 40 12th
1315 830 143 40 Region.

352 1224 220 56 Amongst
607 1240 81 28 our
717 1227 222 42 wounded
970 1227 99 42 who
1111 1240 74 29 are
1216 1226 195 43 afflicted
1440 1226 111 44 with
1585 1226 197 51 trismus,
1822 1243 66 28 we

268 1299 94 44 find
382 1315 121 30 some
524 1302 99 43 who
645 1304 57 41 do
726 1308 78 37 not
829 1304 168 55 always
1018 1303 110 43 wish
1150 1309 50 37 to
1224 1303 156 43 obtain
1405 1317 27 28 a
1456 1308 181 52 prompt
1662 1317 223 42 recovery.

357 1378 51 42 In
431 1379 175 54 dealing
627 1379 110 43 wish
767 1379 91 44 this
889 1381 188 54 subject,
1102 1380 45 42 in
1177 1379 70 43 his
1277 1385 150 49 report
1450 1386 48 36 to
1530 1381 77 41 the
1633 1379 257 43 Interallied

271 1455 211 56 Congress
529 1472 57 29 on
632 1456 215 44 ((trismus
892 1456 44 44 in
988 1471 122 29 cases
1155 1456 45 43 of
1245 1457 214 54 gun-shot
1499 1457 186 42 wounds
1725 1456 46 43 of
1811 1456 79 42 the

273 1531 95 45 face
401 1535 91 41 and
523 1535 134 54 jaw»,
749 1535 77 42 Dr.
860 1536 116 55 Frey
1009 1536 143 41 draws
1184 1534 225 43 attention
1440 1539 49 37 to
1521 1534 77 43 the
1630 1528 257 61 unanimity

273 1608 45 41 of
353 1611 77 41 the
466 1612 186 43 authors
689 1627 57 28 on
785 1613 110 42 «the
930 1612 277 58 importance
1245 1612 45 42 of
1325 1613 78 42 the
1438 1610 330 59 psychological
1803 1610 84 43 ele-

272 1690 100 36 ment
372 1690 60 36 »
463 1689 91 41 and
582 1690 160 41 makes
772 1688 91 43 this
894 1689 226 55 pertinent
1152 1689 188 43 remark
1340 1689 53 43 :
1393 1689 136 43 «It
1562 1688 36 42 is
1629 1687 263 54 interesting

275 1763 48 36 to
354 1768 105 36 note
491 1778 57 27 on
581 1779 84 28 one
695 1766 123 41 hand
850 1767 78 41 the
961 1765 355 57 comparatively
1347 1764 129 58 rapid
1507 1778 201 42 progress
1740 1764 45 42 in
1817 1765 77 41 the

276 1848 99 30 case
403 1838 46 40 of
474 1840 168 43 certain
677 1842 171 42 officers
879 1857 49 28 or
958 1842 183 43 soldiers
1167 1842 191 42 anxious
1383 1842 47 41 of
1456 1856 212 42 recovery
1694 1841 44 43 in
1768 1842 129 42 order

278 1917 48 36 to
359 1918 152 39 return
544 1922 48 37 to
625 1917 79 42 the
739 1917 135 50 front,
909 1920 91 40 and
1032 1918 110 41 with
1175 1917 192 43 certains
1400 1932 122 29 cases
1554 1919 100 42 who
1688 1933 75 28 are
1796 1932 100 28 sure

279 1987 45 41 of
345 1989 131 55 being
500 1986 260 60 discharged
783 2008 57 28 on
865 1999 190 36 account
1083 1994 45 41 of
1152 1994 190 57 another,
1342 1994 255 57 infirmity,
1622 1996 92 41 and
1737 2010 57 28 on
1819 1996 77 42 the

279 2064 128 43 other
432 2067 122 42 hand
579 2068 78 42 the
684 2068 107 42 slow
818 2082 200 41 progress
1045 2069 46 40 of
1118 2068 197 55 patients
1342 2069 254 43 indifferent
1626 2084 48 28 as
1702 2076 48 37 to
1779 2070 116 43 their

281 2152 222 46 recovery,
540 2156 49 28 or
623 2145 45 40 of
703 2143 283 54 malingerers
1025 2144 208 54 (Claude).
1233 2144 42 54 »

365 2216 93 41 The
497 2217 192 56 therapy
727 2218 45 41 of
811 2217 77 42 the
926 2216 184 43 trismus
1149 2218 44 41 of
1224 2217 123 53 jaws,
1388 2221 46 39 of
1473 2219 144 44 which
1656 2221 77 41 the
1772 2220 123 44 main

282 2288 121 44 ideas
448 2291 116 43 have
610 2293 112 41 been
769 2292 239 56 published
1054 2296 60 53 by
1162 2295 86 39 Drs
1295 2294 249 57 Kouindjy,
1593 2295 300 56 Lebedinsky,

279 2366 181 49 Besson,
494 2367 184 49 Gernez,
714 2369 172 43 Imbert
920 2372 91 42 and
1044 2370 112 43 Real
1187 2369 46 42 in
1265 2369 117 43 their
1414 2371 404 43 communications
1850 2378 48 37 to

282 2443 78 44 the
402 2443 256 45 Interallied
698 2446 165 43 Dental
909 2449 214 54 Congress
1142 2448 61 55 (2),
1250 2445 36 43 is
1337 2445 180 56 applied
1565 2446 45 43 in
1660 2448 78 42 the
1778 2462 123 29 same

284 2535 186 29 manner
500 2520 44 44 in
574 2522 78 43 the
681 2523 334 43 maxillo-facial
1046 2528 184 39 centers.

370 2599 144 44 While
536 2599 82 44 the
646 2606 244 51 apparatus
917 2601 68 42 for
1011 2599 243 44 correction
1283 2611 82 31 can
1392 2598 56 42 be
1476 2598 167 50 varied,
1680 2599 77 42 the
1784 2600 120 55 prin-

286 2677 135 57 ciples
458 2679 45 41 of
543 2677 189 44 rational
770 2679 276 43 mechanical
1087 2677 90 42 and
1216 2673 192 55 surgical
1448 2678 247 39 treatment
1735 2676 171 42 remain

287 2756 77 43 the
398 2770 121 29 same
553 2758 90 41 and
677 2758 77 42 the
789 2755 273 59 application
1099 2753 43 42 in
1181 2753 79 40 the
1293 2750 215 57 majority
1543 2752 45 40 of
1625 2765 122 30 cases
1780 2753 123 55 gives

289 2833 215 43 excellent
537 2834 173 43 results.

374 2908 82 44 We
491 2910 116 42 have
641 2910 205 42 however
881 2906 290 58 experienced
1201 2903 178 44 failures
1411 2905 91 42 and
1536 2904 45 43 in
1618 2908 77 41 the
1730 2921 100 29 case
1865 2907 45 42 of

292 2998 121 29 some
449 2987 219 41 wounded
703 3001 103 28 men
842 3001 65 28 we
942 2986 116 41 have
1093 2981 186 56 guessed
1314 2994 122 30 more
1479 2982 110 42 than
1626 2982 285 45 indifference

354 3104 42 38 (1)
418 3104 59 30 See
494 3106 57 29 the
570 3106 217 31 illustrations
803 3118 102 24 pages
921 3117 36 25 4s
976 3106 64 31 and
1058 3115 48 27 47.

352 3151 42 39 (2)
410 3150 124 42 Report
562 3152 42 39 of
630 3142 228 53 Proceedings
858 3142 77 53 of
945 3153 51 30 the
1027 3142 208 40 interallied
1235 3142 139 40 dental
1401 3150 180 42 Congress,
1613 3162 32 30 p.
1676 3152 57 41 643
1766 3153 64 30 and
1854 3154 58 29 the

295 3195 191 44 following.
