2428 3760
527 366 284 29 TRAITEMENT
841 365 82 28 DES
953 362 343 30 COXSTRICTIONS
1326 361 84 28 DES
1439 360 255 29 MACHOIRES
1872 360 50 38 45

379 450 35 37 A
435 463 46 25 ce
501 457 186 32 moment
710 455 41 33 et
773 453 130 34 avant
925 461 45 24 sa
990 443 286 52 présentation
1297 444 157 38 devant
1476 456 81 25 une
1584 441 268 40 commission
1873 442 52 38 de

300 514 177 39 réforme
492 514 71 52 qui
579 514 88 38 doit
686 512 126 50 régler
828 511 36 39 le
880 516 85 30 sort
985 509 51 37 de
1050 520 46 25 ce
1111 507 149 43 blessé,
1278 519 105 26 nous
1399 518 180 38 prenons
1595 505 59 39 les
1676 505 250 53 empreintes

299 580 74 38 des
388 577 231 40 mâchoires
636 585 39 30 et
694 589 105 26 nous
817 571 252 53 appliquons
1084 572 110 37 deux
1211 570 229 48 gouttières
1455 570 190 47 ajourées
1662 584 48 24 en
1734 569 195 41 maxillor

299 642 121 39 coulé
445 642 232 38 emboîtant
704 638 57 39 les
785 640 123 38 dents
932 637 71 38 des
1028 635 111 39 deux
1163 632 255 40 maxillaires
1449 634 81 50 (fig.
1557 635 54 49 I).

1087 2658 73 28 Fui.
1160 2658 45 28 I.

419 2805 37 37 A
475 2804 42 40 la
536 2805 207 49 gouttière
763 2805 236 51 supérieure
1019 2816 43 27 se
1080 2805 81 37 fixe
1178 2815 59 26 un
1256 2799 124 52 guide
1401 2813 49 27 en
1469 2801 263 41 maillechort
1752 2804 36 38 A
1809 2806 154 48 auquel

337 2874 65 32 est
422 2868 129 40 soudé
569 2883 58 25 un
646 2869 106 51 petit
771 2870 167 38 crochet
959 2883 29 24 c.
1011 2868 69 39 Un
1098 2872 120 35 autre
1235 2866 166 38 crochet
1421 2869 63 34 est
1503 2868 131 39 soudé
1652 2868 25 39 à
1694 2868 42 39 la
1755 2868 209 50 gouttière

342 2944 55 27 au
422 2931 120 51 point
542 2931 60 51 b.

424 2996 36 37 A
476 2998 43 37 la
536 2998 206 48 gouttière
759 2996 219 42 inférieure
997 3009 43 27 se
1058 2997 79 38 fixe
1154 3008 82 26 une
1253 2999 178 46 potence
1445 2996 48 45 B,
1514 2997 24 38 à
1554 2996 181 52 laquelle
1753 3003 63 33 est
1836 3000 130 38 soudé

347 3057 39 38 le
405 3060 107 47 petit
534 3062 166 38 crochet
722 3075 36 24 a.

428 3123 79 39 Les
525 3125 226 48 gouttières
771 3132 95 33 sont
889 3127 165 39 scellées
1074 3140 52 26 au
1148 3125 166 38 ciment.
1338 3126 57 37 Le
1414 3126 125 49 guide
1558 3127 36 38 A
1614 3133 40 33 et
1676 3129 40 37 la
1736 3133 178 44 potence
1930 3130 36 37 B

347 3188 80 37 mis
450 3199 50 26 en
524 3186 130 52 place,
678 3190 162 39 bouche
863 3191 163 43 fermée,
1053 3195 94 33 sont
1172 3189 101 38 fixés
1296 3200 79 39 par
1394 3191 74 38 des
1491 3192 76 37 vis.
1592 3193 84 37 Des
1700 3204 192 27 anneaux
1915 3195 54 37 de
