2455 3766
542 343 282 33 TRAITEMENT
855 348 81 28 DES
967 340 341 35 CONSTRICTIONS
1339 345 82 27 DES
1452 345 252 28 MACHOIRES
1882 337 51 45 47

315 428 94 47 raie,
432 429 37 41 la
488 433 273 39 constriction
780 435 73 37 des
870 430 229 41 mâchoires
1118 434 63 34 est
1201 427 267 41 irréductible
1486 434 40 34 et
1548 442 82 38 que
1648 429 38 38 le
1703 429 138 39 soldat
1861 429 73 38 C.

315 494 108 39 n'est
447 509 75 37 pas
546 510 58 26 un
629 497 256 39 simulateur.

397 561 59 38 La
477 559 290 52 radiographie
785 559 139 41 décèle
943 560 97 48 cinq
1060 569 53 27 ou
1134 557 66 38 six
1220 555 132 51 petits
1373 555 129 40 éclats
1522 557 151 40 d'obus
1694 558 52 38 de
1765 557 41 39 la
1825 568 112 40 gros-

316 635 93 27 seur
430 625 126 38 d'une
579 626 88 37 tête
688 623 205 52 d'épingle
915 621 242 41 disséminés
1181 620 104 38 dans
1308 619 39 38 le
1367 632 114 28 mass
1499 622 16 37 f
1538 621 136 39 facial.

400 688 56 37 Le
483 688 132 39 blessé
644 694 63 34 est
736 688 157 40 soumis
920 700 54 27 au
1003 686 243 40 traitement
1274 685 376 51 mécanothérapique
1650 685 67 51 ;
1748 699 55 26 au
1831 687 105 38 bout

317 751 102 39 d'un
449 751 120 47 mois,
600 752 254 40 l'ouverture
885 750 171 40 buccale
1086 749 107 39 n'est
1226 760 80 37 que
1338 747 50 39 de
1420 761 23 38 9
1464 748 277 47 millimètres;
1773 749 76 40 elle
1874 755 64 34 est

317 815 216 38 suffisante
554 829 105 37 pour
680 821 227 46 permettre
928 817 53 38 de
1001 815 176 52 prendre
1199 813 158 38 d'assez
1379 814 159 37 bonnes
1580 815 250 50 empreintes
1867 816 74 38 des

318 876 124 39 dents
465 878 72 38 des
561 879 111 38 deux
694 879 242 39 mâchoires.

402 942 33 35 A
462 940 38 39 la
524 942 209 38 mâchoire
756 944 248 48 supérieure,
1032 954 54 25 on
1111 937 197 54 applique
1332 952 82 26 une
1438 939 153 51 plaque
1609 952 50 25 en
1679 940 262 40 maillechort

1076 2023 78 32 FIG.
1154 2023 48 32 2.

337 2205 186 49 estampé
553 2210 248 36 recouvrant
832 2205 39 39 la
902 2208 162 38 surface
1093 2209 230 38 triturante
1352 2210 72 38 des
1455 2212 123 39 dents
1609 2216 42 34 et
1681 2213 141 49 garnie
1852 2213 105 39 inté-

340 2265 247 41 rieurement
614 2270 52 37 de
690 2270 260 41 caoutchouc
977 2270 214 42 vulcanisé
1216 2283 107 41 pour
1350 2274 211 38 recouvrir
1583 2276 41 38 la
1648 2288 233 39 muqueuse
1907 2278 54 38 de

339 2328 39 39 la
402 2330 127 40 voûte
554 2332 186 50 palatine
767 2334 82 50 (fig.
877 2333 53 51 2).

418 2395 36 38 A
484 2395 41 39 la
555 2396 210 40 mâchoire
795 2398 231 50 inférieure,
1058 2415 83 26 une
1171 2401 206 52 gouttière
1409 2414 50 26 en
1477 2401 260 41 maillechort
1769 2406 190 50 estampé

341 2471 195 29 recouvre
560 2459 40 42 la
626 2461 162 41 surface
814 2462 226 43 triturante
1065 2468 73 39 des
1164 2468 135 38 dents.
1326 2466 91 39 Elle
1443 2470 63 33 est
1535 2467 146 39 scellée
1708 2468 24 37 à
1758 2468 40 38 la
1823 2473 137 46 gutta,

340 2525 156 40 celle-ci
513 2526 186 42 formant
717 2528 166 41 coussin
902 2541 70 31 sur
990 2530 58 40 les
1067 2533 122 39 dents
1207 2528 267 46 antérieures,
1496 2532 152 37 restées
1666 2531 297 41 douloureuses

341 2592 26 39 à
397 2592 36 40 la
462 2592 107 42 suite
598 2594 52 40 de
677 2593 289 54 l'application
994 2596 255 40 d'écarteurs
1276 2598 179 48 prenant
1485 2594 326 41 exclusivement
1840 2598 120 50 point

341 2659 174 53 d'appui
540 2672 72 29 sur
636 2659 107 41 elles.
773 2661 64 38 De
855 2662 161 51 chaque
1049 2663 93 39 côté
1174 2661 52 39 de
1257 2671 66 28 ces
1355 2659 241 50 gouttières,
1630 2673 54 26 au
1717 2660 152 41 niveau
1891 2664 71 37 des

343 2724 276 52 prémolaires,
642 2730 94 36 sont
757 2726 160 52 placées
942 2727 111 39 deux
1077 2731 195 46 potences
1296 2723 206 39 inversées
1527 2737 50 25 en
1601 2723 273 42 maillechort.

423 2791 60 38 La
507 2796 175 45 potence
708 2792 36 38 A
768 2792 53 38 de
845 2791 40 39 la
909 2791 207 49 gouttière
1139 2788 218 40 inférieure
1384 2787 18 37 I
1428 2787 180 40 descend
1632 2789 178 40 d'abord
1835 2790 127 40 verti-

343 2853 205 42 calement
568 2854 37 41 le
624 2855 96 50 long
739 2857 53 38 de
808 2857 41 39 la
867 2855 183 52 gencive,
1071 2853 94 52 puis
1183 2866 43 26 se
1246 2852 198 39 recourbe
1462 2864 106 39 pour
1582 2857 210 36 remonter
1804 2856 161 39 ensuite

346 2916 37 38 le
406 2919 94 50 plus
522 2920 104 39 haut
649 2920 180 51 possible
852 2920 106 40 dans
980 2919 37 39 le
1039 2919 119 38 sillon
1182 2915 269 41 vestibulaire
1474 2916 50 40 de
1546 2918 41 39 la
1609 2918 210 41 mâchoire
1843 2921 120 51 supé-

348 2979 142 48 rieure,
515 2984 54 38 où
593 2982 76 41 elle
691 2997 43 26 se
757 2985 175 41 termine
954 2995 77 41 par
1051 2996 59 27 un
1132 2982 169 39 crochet
1325 2994 36 26 a.

428 3045 60 38 La
511 3051 176 46 potence
706 3049 36 37 B
765 3062 43 25 se
831 3049 81 39 fixe
933 3050 25 38 à
981 3046 216 54 l'appareil
1219 3044 214 53 supérieur
1454 3046 26 39 S
1504 3058 77 41 par
1601 3061 57 27 un
1683 3059 148 29 verrou
1855 3049 108 39 hori-

346 3108 152 38 zontal.
521 3110 65 38 On
604 3112 41 37 la
662 3111 117 50 place
798 3125 50 26 en
866 3113 41 39 la
924 3116 203 48 poussant
1146 3111 174 40 d'avant
1340 3123 51 26 en
1409 3111 150 40 arrière
1577 3113 105 38 dans
1699 3125 83 26 une
1800 3112 120 51 gaine
1940 3127 24 37 g

347 3172 154 39 soudée
522 3174 23 37 à
566 3174 41 38 la
629 3175 217 49 gouttière.
