2521 3784
414 606 510 72 Désinsertion
956 604 179 70 d'un
1164 604 536 94 ptérygoïdien
1732 625 304 54 externe

783 802 152 55 pour
973 781 202 57 obvier
1214 786 33 50 à
1284 800 95 51 un
1401 781 244 75 trismus

639 908 380 89 compliqué
1071 921 76 55 de
1197 918 616 66 latéro-déviation

762 1114 101 40 PAR
885 1114 106 40 MM.
1017 1106 317 50 DIEULAFÉ
1359 1117 43 39 et
1424 1115 256 43 ACHARD

684 1184 137 55 (tentre
848 1199 40 30 de
915 1200 167 40 chirurgie
1108 1200 276 31 maxillo-facialc
1411 1202 41 30 de
1476 1202 32 30 la
1534 1208 54 34 17e
1613 1201 154 42 Région).

505 1623 83 41 Sur
618 1637 62 28 un
709 1622 143 43 blessé
883 1608 101 72 déjà
1015 1625 134 55 opéré
1178 1639 114 41 pour
1320 1623 255 44 extraction
1607 1624 54 42 de
1693 1623 148 44 divers
1872 1623 169 56 projec-

419 1695 100 45 tiles
567 1699 78 43 des
698 1698 176 57 régions
920 1700 303 51 massétérine,
1274 1700 151 44 nasale
1474 1704 46 39 et
1568 1698 472 59 ptérygp-maxillaire,

419 1776 129 52 après
580 1775 308 57 l'application
922 1778 54 41 de
1007 1781 129 39 notre
1169 1775 213 46 méthode
1414 1776 244 49 habituelle
1691 1778 55 42 de
1778 1776 264 43 traitement

419 1850 77 42 des
545 1850 183 48 trismus
782 1854 237 55 (massage,
1073 1854 239 43 dilatation
1360 1853 310 57 progressive),
1721 1863 114 34 nous
1880 1852 161 51 'vîmes,

419 1928 128 51 après
577 1928 318 53 amélioration
932 1932 54 40 de
1021 1945 82 28 son
1137 1930 199 50 trismus,
1374 1930 272 56 apparaître,
1684 1943 59 29 au
1777 1930 168 43 niveau
1981 1931 62 42 du

412 2002 252 54 maxillaire
680 2002 223 52 inférieur,
924 2021 88 28 une
1029 2005 394 44 latéro-déviation
1441 2006 170 55 gauche
1631 1984 121 65 avec
1764 1995 275 66 propulsion.

504 2077 62 43 Le
594 2078 156 51 blessé,
774 2080 286 44 maintenant
1089 2082 109 56 qu'il
1226 2080 179 44 ouvrait
1434 2080 104 43 bien
1559 2080 51 43 la
1637 2081 176 43 bouche
1840 2085 45 38 et
1915 2081 126 43 obte-

417 2151 96 41 nait
544 2168 61 27 un
631 2155 276 43 écartement
932 2159 90 39 très
1048 2159 190 54 marqué
1262 2159 76 41 des
1365 2157 121 41 deux
1512 2157 183 42 arcades
1720 2156 240 49 dentaires,
1983 2171 57 28 ne

417 2228 247 57 présentait
700 2230 102 55 plus
836 2231 353 56 l'engrcnement
1228 2230 75 46 des
1342 2233 146 48 dents,
1526 2232 126 44 avait
1689 2246 92 32 une.
1815 2231 224 51 occlusion

397 2304 306 52 défectueuse
759 2310 45 38 et
852 2309 253 53 présentait
1159 2307 378 45 extérieurement
1593 2321 89 28 une
1737 2307 303 61 déformation

420 2378 306 56 disgracieuse.

504 2455 248 47 Gomment
769 2458 234 58 expliquer
1031 2466 70 38 cet
1132 2464 94 43 état
1257 2458 292 56 anatomique
1579 2458 227 46 anormal?

504 2534 85 43 Les
619 2535 267 57 projectiles,
921 2552 82 41 par
1034 2537 102 44 leur
1159 2538 211 56 présence
1404 2537 112 41 dans
1548 2534 53 42 lar
1622 2533 159 57 sphère
1817 2536 61 42 du
1910 2534 130 56 triju-

416 2625 145 37 meau,
593 2612 180 44 avaient
802 2615 98 42 créé
925 2614 39 44 le
992 2615 206 51 trismus;
1227 2614 95 42 leur
1350 2610 266 44 extraction
1631 2616 45 37 et
1704 2610 47 43 le
1771 2612 265 44 traitement

417 2690 264 56 mécanique
715 2691 181 52 avaient
932 2692 263 56 quasiment
1221 2689 124 55 guéri
1377 2702 49 28 ce
1458 2686 222 44 trismus.

504 2768 66 44 La
597 2768 264 56 disparition
893 2782 59 28 ou
981 2773 104 38 tout
1119 2782 58 28 au
1201 2765 152 43 -moins
1384 2762 344 44 l'amélioration
1761 2751 62 56 du
1853 2763 186 45 trismus

418 2841 155 46 furent
573 2841 178 46 suivis
785 2845 55 42 de
869 2829 417 58 latéro-déviation
1294 2840 71 41 du
1396 2838 247 45 maxillaire
1685 2840 212 45 inférieur
1929 2856 111 30 avec

414 2918 270 57 propulsion
698 2921 62 42 du
779 2921 245 43 maxillaire
1046 2936 56 28 en
1124 2922 140 42 avant
1293 2921 45 39 et
1370 2918 25 41 à
1422 2917 184 54 gauche.
1636 2918 65 41 La
1732 2919 308 55 conséquence

403 2995 111 51 .fut
514 2995 112 51 une
675 2996 331 47 malocclusion.
1060 2999 67 41 La
1175 2993 395 44 latéro-déviation
1627 2994 256 57 n'apparut
1925 2995 114 44 ainsi

417 3070 208 55 qu'après
659 3078 240 37 ouverture
936 3075 54 41 de
1027 3073 45 43 la
1104 3071 175 46 bouche
1315 3073 44 39 et
1389 3062 414 63 désengrènement
1819 3071 216 43 dentaire.

504 3145 245 45 L'examen
797 3141 270 51 minutieux
1105 3150 76 41 des
1230 3150 319 40 mouvements
1601 3137 77 53 des
1728 3139 312 50 articulations

418 3224 497 56 tcmporo-maxillaircs
952 3213 181 66 montra
1168 3221 241 58 l'intégrité
1447 3224 53 43 de
1537 3237 71 30 ces
1645 3222 312 46 articulations
1993 3215 44 51 et
