2329 3853
476 415 51 51 46
869 428 54 27 LA
950 428 335 29 RESTAURATIOX
1313 427 403 30 MAXILLO-FACIALE

476 513 262 39 caoutchouc
767 518 95 33 sont
887 516 122 48 posés
1034 529 105 37 pour
1166 516 138 40 réunir
1328 515 35 39 le
1388 515 169 39 crochet
1583 526 24 25 a
1631 527 86 26 aux
1741 512 192 40 crochets
1960 512 21 39 b
2004 515 45 36 et
2076 523 33 27 c.

477 579 68 38 On
569 577 59 39 les
655 577 79 39 fixe
760 592 85 25 aux
871 580 189 40 crochets
1087 594 76 38 par
1188 583 74 38 des
1285 581 201 50 ligatures
1513 592 54 27 au
1594 578 44 40 fil
1662 579 53 39 de
1742 578 85 38 soie
1853 587 107 40 pour
1985 574 128 52 qu'ils

478 641 264 51 ne"puissent
767 656 75 37 pas
867 644 88 38 être
979 645 164 39 enlevés
1168 652 40 33 et
1234 647 123 38 remis
1380 657 78 39 par
1480 643 37 39 le
1539 644 180 51 patient.

560 706 256 51 L'élastique
838 721 24 25 a
879 722 18 24 c
918 710 232 40 détermine
1169 724 83 26 une
1272 710 188 51 pression
1481 710 52 39 de
1554 710 105 37 haut
1682 721 50 25 en
1753 708 75 39 bas
1851 711 40 34 et
1913 705 196 41 d'arrière

479 783 52 27 en
558 777 131 33 avant
718 773 72 49 qui
818 774 102 38 tend
947 775 24 37 à
1000 774 167 41 réaliser
1194 769 250 45 «l'attitude
1470 774 142 38 inverse
1612 774 54 38 »
1693 774 25 37 à
1744 773 42 38 la
1811 770 238 45 déviation;
2072 769 40 38 le

477 837 121 49 point
632 850 18 24 c
682 838 120 38 étant
836 838 92 44 fixe,
963 839 40 39 la
1033 840 244 48 mandibule
1311 844 63 34 est
1406 838 188 40 abaissée
1627 843 41 33 et
1701 839 146 49 portée
1879 850 51 25 en
1962 840 150 36 avant.

481 900 254 51 L'élastique
762 915 23 25 a
807 903 19 39 b
853 916 216 40 provoque
1094 905 306 40 l'avancement
1428 904 58 38 du
1511 903 193 51 condyle.
1735 904 77 37 Les
1839 902 111 39 deux
1976 901 136 38 forces

478 974 186 42 peuvent
690 967 251 52 s'employer
963 970 342 40 simultanément
1331 983 54 25 ou
1409 971 279 49 séparément.

560 1032 57 37 Le
651 1033 178 49 premier
863 1034 95 48 jour
991 1035 56 38 du
1083 1036 259 46 traitement,
1380 1047 105 26 nous
1520 1046 132 26 avons
1686 1032 80 40 mis
1787 1030 229 41 seulement
2051 1043 58 26 un

479 1109 164 26 anneau
668 1097 61 45 de,
745 1099 260 38 caoutchouc
1031 1111 108 39 pour
1163 1100 302 38 redressement
1492 1104 49 33 n°
1566 1098 24 38 6
1616 1098 57 38 du
1698 1098 167 39 crochet
1892 1109 25 25 a
1942 1108 54 27 au
2022 1106 88 28 cro-

478 1161 95 39 chet
604 1175 30 25 c.
666 1163 63 38 La
755 1164 200 49 première
983 1165 92 38 nuit
1104 1165 66 38 fut
1197 1164 218 39 mauvaise
1443 1176 107 39 pour
1577 1163 36 38 le
1642 1162 177 51 patient,
1850 1161 73 51 qui
1950 1160 157 39 dormit

478 1239 101 39 peu;
607 1227 37 39 le
670 1228 220 41 deuxième
915 1230 96 45 soir,
1039 1229 30 40 il
1096 1230 270 39 s'endormait
1394 1228 254 40 facilement.

559 1294 193 38 Pendant
780 1307 76 25 son
883 1294 202 45 sommeil,
1113 1294 41 40 la
1181 1296 111 37 force
1320 1294 278 51 d'expansion
1624 1295 199 38 continue
1847 1290 265 47 unilatérale,

478 1358 254 40 déterminéé
758 1371 76 38 par
858 1359 249 51 l'élastique,
1134 1360 171 38 distend
1332 1358 37 39 le
1395 1359 107 38 tissu
1528 1357 225 40 cicatriciel
1777 1362 43 35 et
1846 1356 38 40 le
1908 1357 208 39 masséter

479 1424 159 49 gauche
668 1411 62 64 en
747 1424 309 51 hypertonicité
1084 1430 42 32 et
1154 1422 42 39 la
1224 1424 162 38 bouche
1416 1423 274 38 s'entr'ouvre
1717 1421 396 52 progressivement.

480 1488 65 39 Au
571 1488 138 46 réveil,
727 1486 47 40 Te
799 1489 109 47 sujet
934 1502 24 25 a
983 1488 40 39 la
1047 1501 124 38 gorge
1195 1489 121 37 sèche
1340 1488 164 38 d'avoir
1527 1486 137 40 dormi
1689 1487 39 38 la
1751 1488 163 37 bouche
1939 1491 175 33 ouverte

481 1557 42 34 et
551 1551 29 38 il
607 1555 149 36 accuse
781 1566 98 28 une
894 1553 212 38 sensation
1133 1552 275 40 douloureuse
1439 1564 52 26 au
1521 1551 152 40 niveau
1703 1552 51 38 de
1781 1552 41 38 la
1850 1550 206 39 cicatrice.

560 1618 117 37 Dans
696 1611 42 44 la
757 1617 184 48 journée,
967 1629 104 25 nous
1092 1629 53 25 ne
1164 1616 60 38 lui
1245 1616 156 37 faisons
1424 1616 114 38 subir
1560 1630 137 24 aucun
1714 1616 243 39 traitement
1976 1616 136 38 méca-

480 1669 323 63 nothérapique;
840 1680 58 40 les
932 1680 227 51 élastiques
1191 1687 96 32 sont
1324 1680 142 39 retirés
1501 1691 107 40 pour
1640 1680 200 52 quelques
1874 1682 149 38 heures
2056 1680 53 38 de

483 1758 136 39 repos;
646 1745 36 39 le
705 1735 124 61 guide
852 1747 37 37 A
914 1747 198 49 empêche
1133 1744 40 40 la
1196 1745 219 39 déviation
1439 1747 24 37 à
1487 1746 161 49 gauche
1671 1746 52 39 de
1746 1746 41 38 la
1809 1745 226 40 mâchoire.

563 1807 394 53 Progressivement,
977 1821 107 28 nous
1099 1823 132 25 avons
1247 1810 80 39 mis
1343 1810 170 50 jusqu'à
1532 1816 148 44 quatre
1695 1806 194 45 anneaux
1903 1812 52 38 de
1968 1814 144 35 caout-

480 1876 106 39 chouc
586 1876 54 39 :
668 1872 113 42 deux
807 1876 292 41 horizontaux,
1128 1875 111 39 deux
1266 1874 201 51 obliques.
1498 1876 56 37 Le
1582 1876 177 49 patient,
1789 1875 187 45 habitué,
2007 1874 105 39 s'en-

483 1940 94 37 dort
605 1939 253 40 facilement.

560 2005 67 38 Au
647 2005 106 43 bout
774 2005 53 38 de
845 2004 239 51 vingt-cinq
1105 2005 114 48 jours
1240 2006 51 38 de
1312 2017 46 25 ce
1381 2006 258 45 traitement,
1662 2005 256 40 l'ouverture
1937 2003 174 41 buccale

482 2071 232 50 spontanée
738 2069 156 40 atteint
922 2079 48 38 25
996 2069 260 41 millimètres
1285 2070 83 50 (fig.
1397 2081 35 34 l,
1460 2070 23 37 à
1509 2071 154 50 droite).

563 2135 57 38 Le
642 2134 147 46 blessé,
814 2135 73 53 qui
910 2141 63 34 est
997 2136 52 39 de
1072 2135 39 40 la
1136 2137 152 49 région,
1315 2140 63 34 est
1402 2136 162 49 envoyé
1587 2148 51 26 en
1661 2135 323 40 convalescence
2006 2134 104 40 d'un

483 2200 106 40 mois
614 2212 113 27 avec
743 2204 152 41 retour,
923 2205 171 46 porteur
1119 2201 53 38 de
1196 2213 64 25 ses
1286 2200 219 51 appareils.
1534 2202 173 49 Chaque
1731 2201 195 47 semaine,
1945 2199 30 39 il
1994 2200 120 38 vient

484 2278 54 27 au
565 2265 156 38 service
746 2264 103 40 faire
874 2264 229 51 remplacer
1126 2277 64 27 ses
1215 2264 238 52 élastiques.

563 2330 37 38 A
623 2341 76 27 son
723 2334 141 35 retour
887 2330 52 38 de
961 2329 259 52 permission,
1244 2328 259 41 l'ouverture
1525 2329 171 40 buccale
1721 2331 231 50 spontanée
1974 2332 64 35 est
2062 2328 53 38 de

485 2406 50 38 30
558 2395 261 40 millimètres
841 2407 96 26 sans
960 2395 215 40 déviation
1198 2393 182 40 latérale.
1407 2396 77 37 Les
1507 2395 228 49 gouttières
1758 2400 96 34 sont
1880 2393 168 41 retirées
2073 2397 43 35 et

484 2460 38 40 le
544 2462 145 44 blessé,
715 2460 129 51 guéri,
870 2460 150 48 rejoint
1040 2473 80 26 son
1143 2471 134 39 corps.

571 2619 125 41 Dans
729 2620 120 41 deux
882 2623 152 37 autres
1066 2631 76 28 cas
1175 2618 55 41 de
1263 2615 296 42 constriction
1593 2617 77 40 des
1703 2616 265 49 mâchoires,
2003 2614 115 43 mais

482 2709 104 28 sans
605 2695 233 43 déviation
856 2694 187 42 latérale
1060 2709 55 27 en
1134 2695 188 40 chantre
1342 2693 53 40 de
1414 2691 177 53 village,
1611 2704 114 29 nous
1745 2704 143 30 avons
1905 2691 211 56 employé

482 2771 39 43 le
545 2772 267 54 traitement
837 2773 205 53 pendant
1066 2770 40 42 le
1131 2768 219 44 sommeil.

563 2901 103 39 OBS.
689 2900 56 40 II.
767 2924 55 4 -
840 2900 145 39 Soldat
1006 2901 72 38 C.
1101 2898 282 40 Constriction
1402 2897 73 39 des
1494 2895 252 46 mâchoires;
1766 2887 226 48 ouverture
2010 2896 105 39 buc-

484 2964 89 39 cale
586 2969 232 46 spontanée
832 2964 114 53 égale
962 2974 22 39 5
1000 2965 270 44 millimètres,
1287 2961 267 41 consécutive
1570 2961 24 38 à
1608 2974 85 26 une
1708 2961 183 40 fracture
1907 2960 202 40 ancienne

485 3030 234 49 consolidée
740 3031 52 39 de
812 3032 40 38 la
874 3031 184 39 branche
1079 3032 223 38 montante
1318 3027 147 40 droite.
1490 3027 36 38 A
1550 3026 93 40 subi
1665 3026 94 40 huit
1779 3026 108 40 mois
1901 3026 53 39 de
1969 3026 146 39 traite-

485 3100 115 33 ment
623 3095 106 38 dans
748 3109 59 27 un
831 3101 142 34 centre
1005 3093 328 42 maxillo-facial.
1374 3093 202 50 Renvoyé
1611 3093 25 38 à
1672 3104 76 27 son
1783 3092 130 51 dépôt
1948 3103 165 28 comme

485 3159 260 40 simulateur.

568 3224 76 39 Est
667 3224 79 39 mis
768 3239 51 25 en
842 3211 269 53 observation
1134 3238 53 26 au
1211 3229 141 34 centre
1374 3221 317 41 maxillo-facial
1713 3222 52 38 de
1786 3223 169 49 Troyes.
1981 3221 37 38 A
2041 3231 76 28 son

486 3288 160 43 arrivée
666 3300 54 27 au
741 3289 167 46 service,
930 3290 37 38 le
986 3292 60 36 Dr
1065 3289 210 40 Schaeffer
1292 3292 195 35 constate
1507 3299 93 40 que.
1621 3298 98 27 sous
1731 3286 244 40 anesthésie
1994 3286 125 49 géné-
