2487 3850
497 379 51 41 3°
886 382 55 30 LA
966 384 335 35 RESTAURATION
1328 389 403 32 MAXILLO-FACIALË

500 472 102 37 tout
632 469 54 41 de
714 469 158 49 même,
894 486 115 40 pour
1034 475 152 44 mieux
1214 479 328 55 préciser,.d'en
1572 486 202 37 montrer
1800 480 39 41 le
1867 480 103 43 bien
1991 482 135 42 fondé

498 559 82 39 par
610 545 214 55 quelques
852 548 162 54 figures
1041 556 315 53 reproduisant
1385 556 62 44 les
1476 559 330 53 conséquences
1835 558 78 41 des
1941 557 183 51 lésions;

497 620 30 40 il
552 635 52 27 en
633 621 194 51 découle,
854 628 102 41 tout
982 631 360 53 naturellement,
1370 634 42 41 la
1435 634 220 42 nécessité
1679 634 61 41 du
1764 633 361 44 rétablissement

499 698 25 40 à
556 697 43 42 la
630 699 213 43 normale.

586 774 151 43 Mieux
764 790 86 41 que
876 784 130 40 toute
1036 783 286 58 description,
1352 787 63 44 les
1443 789 163 52 figures
1633 786 225 55 ci-jointes
1879 788 246 57 indiquent

497 850 60 43 les
587 851 251 45 déviations
865 859 231 51 produites
1121 877 84 40 par
1230 863 62 43 les
1319 864 220 42 fractures
1564 863 199 56 siégeant
1792 878 59 28 au
1877 866 167 42 niveau
2071 868 55 41 de

632 2102 72 31 FIG.
735 2115 40 19 2.
775 2115 42 19 -
839 2107 30 29 A
897 2107 150 41 gauche:
1077 2111 165 41 temporal
1270 2120 40 19 en
1337 2109 161 30 situation
1523 2109 168 36 normale:
1718 2109 18 29 à
1763 2109 129 31 droite:
1923 2107 131 32 modifi-

591 2152 127 28 cations
735 2151 16 30 à
769 2153 29 28 la
816 2155 85 29 suite
917 2155 42 29 du
978 2155 235 41 déplacement
1237 2158 41 28 de
1300 2157 32 29 la
1353 2156 146 29 branche
1522 2160 143 28 montante
1665 2160 48 28 ;
1731 2156 31 30 le
1779 2157 124 29 muscle
1922 2160 49 26 est
1987 2155 18 30 à
2021 2165 34 20 sa

590 2197 106 31 limite
714 2198 40 30 de
772 2204 219 28 contraction.

630 2256 71 37 (On
714 2258 58 30 the
788 2259 76 40 left,
881 2263 165 39 temporal
1063 2265 31 28 in
1112 2263 127 31 normal
1256 2263 178 36 situation;
1453 2272 42 20 on
1511 2263 57 29 the
1591 2263 101 40 right,
1720 2261 247 31 modifications
1989 2261 64 30 due

592 2308 35 26 to
643 2305 58 30 the
720 2306 242 41 displacement
979 2310 40 31 of
1019 2310 69 31 the
1106 2314 93 36 rami,
1215 2311 58 30 the
1290 2310 125 29 muscle
1433 2311 26 29 is
1473 2314 34 26 at
1524 2311 41 29 its
1580 2311 87 29 limit
1685 2310 39 30 of
1738 2310 238 39 contracture.)

507 2482 160 57 l'angle
696 2487 55 41 de
777 2486 43 43 la
845 2489 240 50 mâchoire,
1114 2496 44 37 et
1185 2490 63 43 les
1274 2502 289 29 manœuvres
1594 2489 269 43 nécessaires
1896 2490 54 41 de
1984 2488 154 43 réduc-

508 2560 97 43 tion
650 2563 77 42 des
772 2565 202 54 portions
1019 2581 213 29 osseuses.

596 2639 113 43 Mais
724 2640 62 43 les
807 2643 334 42 modifications
1162 2644 216 42 affectent
1402 2641 250 55 également
1677 2641 39 42 le
1738 2644 197 53 système
1959 2655 177 28 muscu-

510 2711 118 45 laire.
649 2717 60 43 Le
727 2719 230 50 masséter,
978 2722 113 41 dans
1109 2719 39 44 le
1167 2723 297 39 mouvement
1488 2717 280 43 d'ascension
1794 2720 54 41 de
1874 2717 43 43 la
1941 2718 196 43 branche

510 2797 249 47 montante,
785 2810 42 29 se
851 2802 163 38 trouve
1038 2797 129 43 dévié
1196 2800 53 40 de
1279 2810 50 28 sa
1358 2795 218 42 direction
1606 2794 228 55 primitive
1864 2800 44 37 et
1938 2810 68 27 ses
2035 2794 103 43 fais-

510 2880 141 30 ceaux
675 2872 262 51 présentent
959 2889 88 27 une
1071 2873 221 56 obliquité
1326 2875 214 52 marquée
1576 2886 55 28 en
1672 2876 154 38 avant.
1854 2873 118 41 Leur
2002 2872 137 43 inser-

510 2941 103 50 tion
613 2941 250 50 inférieure
888 2955 68 37 est
989 2966 54 28 en
1076 2952 146 42 même
1254 2954 151 51 temps
1437 2948 101 56 plus
1565 2948 161 49 élevée,
1760 2947 43 43 la
1834 2948 219 55 longueur
2077 2950 61 42 du

510 3020 166 43 muscle
709 3024 126 42 étant
867 3026 226 43 diminuée
1113 3027 226 48 d'autant,
1375 3030 44 38 et
1448 3024 62 44 les
1535 3026 146 48 fibres,
1707 3039 114 43 pour
1846 3025 148 43 suivre
2019 3030 119 38 cette

508 3096 206 43 nouvelle
739 3100 232 54 direction,
996 3103 227 44 subissent
1261 3118 61 27 un
1357 3108 295 37 mouvement
1689 3104 54 41 de
1778 3102 170 43 torsion
1985 3102 78 57 qui
2094 3117 45 27 se

509 3172 207 44 combine
740 3191 107 29 avec
870 3179 39 43 le
932 3181 317 43 relâchement.
1286 3182 65 41 La
1372 3190 155 32 course
1550 3180 108 43 utile
1681 3183 128 41 étant
1833 3180 241 49 diminuée,
2098 3179 44 43 la

510 3252 125 42 force
669 3251 53 40 de
755 3259 278 41 contraction
1077 3264 66 36 est
1185 3257 339 56 parallèlement
1565 3257 261 43 amoindrie.
