2498 2062
1061 726 330 31 SOMMAIRE

486 779 32 29 L.
538 779 349 31 ROUSSEAU-DECELLE
906 784 35 26 et
957 780 62 30 Ch.
1039 780 151 30 DUBOST.
1209 799 47 3 —
1270 778 47 31 La
1326 777 154 43 prothèse
1490 776 169 42 plastique
1674 776 82 31 dans
1774 774 45 31 les
1837 772 133 32 mutila-

651 821 96 40 tions
747 821 48 40 de
795 821 145 40 laface.
959 821 144 39 (Plastic
1112 818 175 45 prothesis
1287 818 52 45 in
1339 818 87 45 face
1426 818 248 45 mutilations.)

487 861 173 31 DIEULAFÉ
677 867 34 26 et
726 863 159 31 ACHARD.
903 883 47 4 —
965 863 233 31 Désinsertion
1215 863 82 30 'd'un
1314 857 237 47 pterigoïdien
1551 857 146 47 externe
1697 857 91 47 pour
1788 857 148 47 obvier
1950 856 20 31 à

650 914 44 20 un
709 904 136 31 trismus
861 904 184 42 compliqué
1058 906 39 29 de
1115 904 297 31 latéro-déviation.
1432 902 250 39 (Disinsertion
1705 901 42 40 of
1760 911 42 19 an
1818 897 155 33 external

647 946 240 41 pterygoïdian
903 949 31 27 to
948 946 125 31 obviate
1089 949 29 27 to
1135 958 19 18 a
1171 946 136 30 trismus
1320 944 218 42 complicated
1550 943 37 39 by
1602 954 19 19 a
1640 941 125 32 lateral
1774 940 195 39 deviation.)

486 985 42 30 A.
545 985 133 32 HERPIN
697 991 34 26 et
747 987 44 30 O.
810 987 159 31 HUGUET.
988 1007 45 5 —
1057 987 87 32 Note
1168 998 57 19 sur
1252 986 45 31 les
1322 985 168 42 appareils
1511 985 20 30 à
1552 983 95 32 volet.
1675 983 73 39 (On
1773 982 52 31 the
1848 981 125 31 shutter

651 1031 207 36 apparatus.)

485 1066 95 31 Théo
597 1068 198 31 MORINEAU.
815 1088 46 4 —
875 1069 44 30 Le
934 1073 190 27 traitement
1147 1069 55 30 des
1227 1069 231 29 constrictions
1472 1067 54 30 des
1543 1066 182 30 mâchoires
1742 1063 141 32 rebelles
1893 1069 80 35 pen-

650 1109 83 30 dant
749 1109 30 30 le
794 1102 163 47 sommeil.
957 1102 200 47 (Treatment
1157 1102 54 47 of
1211 1102 93 47 the
1320 1110 135 29 trismus
1470 1106 123 44 during
1593 1106 141 44 sleep.)

488 1148 32 29 E.
540 1149 155 30 MORALE.
713 1168 40 4 —
770 1150 198 30 Extra-oral
982 1152 177 44 expansion
1184 1151 108 30 device
1315 1149 83 31 wich
1421 1148 165 41 bilatéral
1586 1148 149 41 grooves
1751 1148 175 28 treatment
1940 1144 41 40 of

644 1190 64 39 for
723 1190 52 30 the
782 1191 156 39 fracture
954 1186 37 45 of
991 1186 64 45 the
1070 1191 180 32 mandible.

487 1229 107 31 Index
610 1224 315 51 bibliographique.
925 1224 335 51 (Êibliographical
1274 1232 133 37 index.)
