2350 3838
465 393 50 43 34
856 397 55 28 LA
935 393 337 34 RESTAURATION
1298 394 404 33 MAXILLO-FACIALE

462 482 153 55 région
648 482 53 41 de
732 482 44 42 la
805 483 196 44 branche
1032 489 239 40 montante
1303 486 201 48 absente,
1538 485 161 47 donne,
1733 497 82 41 par
1845 482 38 42 le
1915 482 84 43 fait
2031 483 63 42 du

465 557 389 44 fonctionnement
888 560 174 44 normal
1096 563 76 42 des
1206 561 192 44 muscles
1432 561 62 43 du
1526 562 102 41 côté
1659 559 111 50 sain,
1807 574 62 27 un
1902 558 190 44 résultat

464 634 277 44 fonctionnel
777 636 330 46 extrêmement
1144 640 285 42 intéressant.
1471 639 127 41 Nous
1634 651 56 28 en
1728 641 272 51 rapportons
2037 635 58 42 ici

465 712 216 55 quelques
710 712 325 47 observations.

550 865 337 46 OBSERVATION
924 870 32 42 I.
990 896 59 4 —
1087 872 76 42 Ch.
1195 872 107 48 H.,
1344 871 62 41 du
1444 877 78 47 59e
1562 868 269 50 d'artillerie,
1873 866 143 44 blessé
2052 867 41 43 le

464 949 25 39 3
509 937 113 42 avril
644 939 110 54 1916
775 940 27 42 à
820 939 196 51 Verdun,
1037 947 45 38 et
1103 942 139 54 dirigé
1264 956 76 29 sur
1360 941 40 43 le
1423 947 50 47 5e
1493 939 165 44 blessés
1676 953 60 29 au
1753 939 339 43 Val-de-Grâce.

467 1007 35 41 Il
532 1008 144 44 arrive
706 1011 114 42 dans
846 1011 39 43 le
914 1013 167 43 service
1111 1014 54 42 de
1192 1014 242 41 Bordeaux
1462 1011 39 42 le
1531 1025 27 41 4
1584 1010 98 54 juin
1714 1012 123 53 1918,
1869 1023 103 29 sans
2001 1010 93 42 être

865 2159 71 30 FIG.
962 2160 29 30 6.
1015 2178 33 5 —
1072 2160 92 31 Th.
1184 2158 249 41 Radiographie
1458 2159 40 28 de
1522 2158 31 29 la
1576 2157 117 30 lésion.

957 2218 132 42 (Th.
1089 2218 208 42 Radiograph
1297 2218 56 42 of
1353 2218 75 42 the
1428 2218 174 42 injury.)

465 2401 126 44 muni
622 2418 158 29 encore
814 2405 54 42 de
901 2405 145 56 pièces
1079 2408 53 42 de
1166 2405 223 57 prothèse.
1424 2405 39 40 A
1496 2417 48 29 ce
1576 2406 218 45 moment,
1829 2400 30 42 il
1891 2403 206 52 présente

464 2472 63 44 les
555 2473 162 45 lésions
747 2476 201 44 suivantes
948 2476 61 44 :
1041 2477 198 43 fracture
1268 2474 427 57 parasymphysaire
1725 2473 186 54 gauche,
1942 2484 155 29 conso-

465 2543 112 45 lidée
616 2561 54 28 en
709 2547 303 57 malposition.
1055 2550 61 41 Le
1164 2547 225 54 fragment
1439 2545 227 43 antérieur
1713 2550 66 37 est
1826 2558 54 27 en
1926 2542 171 54 linguo-

464 2616 186 42 trusion.
678 2617 118 44 C'est
821 2618 43 43 la
888 2618 118 43 seule
1031 2618 180 56 portion
1236 2616 79 56 qui
1339 2619 129 52 porte
1493 2617 78 41 des
1595 2616 133 41 dents
1751 2619 44 38 et
1820 2614 96 41 cela
1939 2611 159 57 depuis

464 2683 43 44 la
526 2688 233 43 deuxième
780 2689 264 56 prémolaire
1063 2689 173 54 gauche
1255 2686 182 56 jusqu'à
1456 2684 216 44 l'incisive
1691 2683 198 45 centrale
1908 2683 186 54 gauche.

464 2756 74 42 Du
562 2759 102 63 côté
689 2760 131 49 droit,
849 2760 29 41 il
904 2776 30 41 y
959 2775 26 28 a
1011 2775 87 28 une
1123 2764 127 52 perte
1278 2759 53 41 de
1357 2758 242 42 substance
1625 2755 223 56 complète
1874 2754 141 43 allant
2043 2753 54 42 de

463 2826 44 42 la
539 2828 151 55 région
725 2832 61 41 du
818 2837 106 38 trou
956 2831 287 44 mentonnier
1276 2828 214 55 jusqu'au
1522 2826 167 44 niveau
1722 2827 62 41 du
1816 2825 205 56 condyle.
2061 2823 36 42 Il

464 2912 55 28 ne
548 2898 62 41 lui
638 2905 116 39 reste
784 2917 87 40 que
900 2902 39 42 le
968 2902 207 55 condyle,
1213 2905 44 38 et
1298 2912 80 29 son
1404 2898 68 42 col
1519 2897 108 43 étiré
1655 2910 82 43 par
1776 2896 62 42 les
1878 2896 221 43 tractions

464 2969 304 44 musculaires.

552 3040 129 42 Cette
712 3044 181 52 portion
925 3051 66 36 est
1024 3043 287 43 inaccessible
1343 3055 115 42 pour
1487 3038 311 57 l'application
1830 3038 136 42 d'une
1996 3050 102 42 pro-

461 3115 140 42 thèse.
631 3112 126 41 Dans
779 3113 40 42 le
845 3115 166 43 service
1036 3115 256 56 précédent,
1320 3116 71 38 cet
1416 3112 182 41 homme
1623 3109 126 43 avait
1774 3108 102 43 subi
1900 3107 198 43 diverses

463 3182 259 60 opérations
761 3184 113 43 dans
911 3186 43 42 la
992 3186 152 55 région
1185 3186 54 42 de
1278 3182 162 54 l'angle
1482 3181 117 43 droit
1638 3186 46 38 et
1724 3182 54 42 de
1818 3179 43 44 la
1899 3179 198 42 branche

460 3259 256 43 montante,
737 3258 46 38 et
806 3254 28 40 il
862 3272 29 38 y
917 3257 248 55 présentait
1189 3272 62 26 un
1278 3254 114 43 tissu
1418 3251 239 45 cicatriciel
1683 3249 413 58 particulièrement
