2347 3844
452 417 53 48 36
845 427 55 29 LA
925 428 337 30 RESTAURATION
1289 426 405 31 MAXILLO-FACIALE

453 518 274 50 supportant
766 513 38 42 le
843 516 135 41 volet.
1022 516 89 43 Dès
1149 517 87 42 lors
1273 514 259 44 l'occlusion
1573 528 44 27 se
1656 512 203 42 trouvait
1899 510 187 43 rétablie

454 583 114 41 ainsi
594 598 86 40 que
707 583 270 57 l'équilibre;
1004 587 161 56 l'angle
1192 589 172 52 gauche
1392 586 111 42 était
1531 585 183 42 ramené
1741 584 26 40 à
1792 595 50 29 sa
1868 581 220 43 situation

455 654 200 42 normale
676 662 43 35 et
742 656 25 40 à
787 657 273 43 l'ouverture
1082 659 119 42 aussi
1221 659 104 42 bien
1352 658 106 54 qu'à
1484 657 44 40 la
1553 657 242 40 fermeture
1821 653 64 42 les
1904 666 185 29 mouve-

455 729 148 38 ments
646 727 352 43 mandibulaires
1041 730 169 42 étaient
1254 731 289 40 exactement
1585 724 314 43 horizontaux.

544 795 89 42 Dès
662 795 42 42 la
732 796 111 43 mise
871 813 54 27 en
954 799 126 56 place
1110 801 54 41 de
1192 797 248 58 l'appareil,
1471 811 57 28 on
1558 801 83 51 put
1672 798 229 40 constater
1930 808 88 40 que
2046 793 43 42 la

455 866 118 41 force
597 870 195 46 exercée,
808 882 58 27 au
890 876 203 36 moment
1119 873 53 40 de
1196 870 43 41 la
1256 869 254 46 fermeture,
1531 880 58 27 au
1607 866 165 42 niveau
1787 867 61 40 du
1864 866 224 52 fragment

456 936 185 53 gauche,
662 937 121 43 nulle
799 952 59 28 au
871 940 141 42 début
1029 942 61 40 du
1103 940 279 46 traitement,
1400 937 111 43 était
1527 939 203 40 devenue
1746 949 123 28 assez
1884 934 203 42 sérieuse.

458 1008 225 55 Quelques
723 1008 124 53 jours
890 1013 143 52 après,
1077 1011 44 39 la
1163 1009 225 40 tolérance
1432 1007 167 40 s'étant
1642 1005 178 46 établie,
1866 1004 38 40 le
1946 1003 147 41 blessé

458 1078 162 43 accusa
652 1079 233 42 lui-même
920 1094 87 26 une
1044 1079 118 40 force
1198 1077 232 41 suffisante
1467 1088 113 41 pour
1615 1077 245 51 permettre
1897 1085 49 27 sa
1980 1070 111 42 mise

568 1891 71 29 FIG.
666 1892 27 28 8.
714 1909 40 5 —
769 1892 84 30 Bo.
882 1892 114 30 Lésion
1021 1898 31 24 et
1073 1894 149 38 appareil
1240 1893 15 29 à
1275 1894 91 29 volet
1391 1904 39 18 en
1458 1895 141 29 bouche.
1620 1895 40 29 Le
1680 1894 155 40 pointillé
1855 1896 137 38 indique

875 1940 30 29 le
933 1944 141 25 contour
1098 1941 126 28 normal
1249 1941 39 28 de
1315 1941 29 28 la
1369 1941 135 38 portion
1530 1942 148 29 absente.

567 1999 9 36 (
586 1998 81 29 BI!.
696 1998 32 29 In
730 1999 78 39 jury
831 1999 64 29 and
918 1999 130 34 shutter
1071 2004 178 35 apparatus
1274 2001 30 27 in
1328 2000 57 29 the
1411 2000 150 40 mouth.
1561 2000 86 40 The
1647 2000 215 40 stippling
1862 2000 130 40 shows

856 2047 56 27 the
938 2046 126 29 normal
1089 2047 128 28 outline
1242 2044 40 31 of
1301 2046 57 29 the
1382 2048 138 37 missing
1543 2048 162 38 portion.)

464 2225 59 29 au
561 2214 143 52 grand
743 2212 177 55 régime.
963 2215 65 39 La
1066 2212 290 44 mastication
1396 2214 54 42 de
1490 2220 104 36 tous
1632 2213 64 42 les
1733 2212 212 43 aliments
1984 2210 111 43 était

465 2285 203 41 devenue
702 2282 209 57 possible,
949 2289 43 37 et
1028 2286 202 54 pendant
1266 2283 62 43 les
1363 2284 216 56 quelques
1614 2283 219 43 semaines
1868 2284 59 40 où
1961 2282 30 41 il
2026 2282 70 41 fut

465 2357 213 41 conservé
710 2371 54 27 en
797 2356 304 49 observation,
1136 2356 30 40 il
1199 2369 162 29 accusa
1392 2370 88 27 une
1512 2354 312 44 amélioration
1856 2357 241 39 constante

464 2426 180 56 jusqu'à
681 2442 86 27 une
805 2426 218 43 situation
1060 2427 320 43 sensiblement
1418 2426 286 54 équivalente
1741 2428 26 40 à
1802 2425 44 42 la
1880 2424 215 43 normale.

468 2498 35 39 Il
527 2498 69 42 fut
621 2498 168 42 évacué
813 2499 61 40 du
896 2498 168 42 service
1087 2498 39 42 le
1152 2511 52 29 12
1229 2497 183 40 octobre
1438 2497 123 54 1918.

556 2638 109 41 OBS.
701 2637 58 42 II.
789 2663 59 3 —
883 2637 196 42 Maurice
1119 2638 130 46 Th.,
1293 2635 61 42 du
1396 2643 105 45 172e
1542 2633 298 49 d'infanterie,
1878 2633 143 43 blessé
2060 2632 39 43 le

465 2721 27 41 4
522 2708 112 42 avril
664 2711 123 52 1918,
818 2712 102 51 près
948 2709 53 42 de
1032 2707 201 49 Moreuil,
1262 2720 84 40 par
1373 2705 117 42 éclat
1519 2706 174 41 d'obus.

556 2779 44 51 Il,
615 2780 207 55 présente
845 2794 88 27 une
949 2779 204 42 fracture
1177 2779 62 41 du
1261 2775 250 44 maxillaire
1534 2775 210 43 inférieur
1766 2789 110 29 avec
1901 2776 199 42 destruc-

467 2850 95 42 tion
588 2864 192 33 osseuse,
807 2849 257 43 s'étendant
1090 2850 62 41 du
1176 2848 166 44 niveau
1367 2848 55 41 de
1447 2846 43 42 la
1515 2847 108 41 dent
1650 2847 54 41 de
1731 2859 173 42 sagesse
1928 2845 173 54 gauche

468 2922 26 40 à
515 2920 43 41 la
578 2920 146 56 partie
746 2919 255 54 supérieure
1023 2922 55 41 de
1099 2920 43 41 la
1162 2919 197 43 branche
1380 2921 261 45 montante;
1662 2931 56 27 ne
1740 2922 102 37 sont
1865 2918 236 41 conservés

469 3004 86 38 que
582 2991 39 41 le
650 2990 189 54 condyle
868 2994 43 37 et
935 3004 80 27 son
1041 2990 67 41 col
1134 2994 44 38 et
1203 2989 267 55 l'apophyse
1492 2988 251 49 coronoïde,
1768 2986 132 42 isolés
1924 2986 93 42 l'un
2047 2987 55 41 de

468 3058 160 44 l'autre
650 3076 82 40 par
752 3075 60 30 un
833 3060 110 42 trait
965 3061 54 42 de
1041 3060 196 43 fracture
1259 3059 287 43 sectionnant
1566 3058 44 40 la
1629 3057 146 43 mince
1796 3058 149 42 bande
1964 3056 138 42 inter-

471 3130 210 43 médiaire
713 3133 25 40 à
766 3133 43 41 la
838 3130 180 58 portion
1048 3145 225 42 moyenne
1303 3132 54 41 de
1386 3129 317 43 l'échancrure.
1739 3128 35 41 Il
1803 3128 188 56 possède
2020 3141 81 29 son

471 3202 160 40 arcade
657 3203 202 43 dentaire
886 3203 237 56 complète,
1151 3203 54 42 de
1230 3202 44 42 la
1300 3203 107 41 dent
1436 3202 53 42 de
1517 3214 172 41 sagesse
1716 3200 144 44 droite
1887 3200 26 42 à
1938 3200 43 41 la
2005 3213 95 41 pre-

471 3269 136 42 mière
642 3275 265 49 prémolaire
942 3275 185 53 gauche.
