2359 3874
467 417 52 52 64
662 436 8 7 -
856 428 55 30 LA
937 429 335 32 RESTAURATION
1298 430 405 32 MAXILLO-FACIALE

1244 3222 55 33 L'
1299 3222 447 33 Administrateur-Gérant:
1770 3222 43 31 H.
1834 3219 184 32 VILLAIN.

685 3307 184 34 Bordeaux.
892 3326 46 7 -
962 3308 225 41 Imprimeries
1212 3309 272 36 GOUNOUILHOU,
1509 3315 86 29 9-11,
1619 3315 56 20 rue
1703 3303 184 31 Guiraude.

748 739 73 36 Cet
853 740 121 37 index
1008 743 355 45 bibliographique,
1400 743 101 34 dont
1535 752 101 24 nous
1669 752 102 25 nous
1804 752 88 35 pro-

673 820 146 36 posons
841 813 50 35 de
913 814 234 44 poursuivre
1170 815 38 35 la
1230 813 260 48 publication,
1516 814 152 34 devant
1690 812 204 46 présenter

671 881 188 37 d'autant
887 884 87 44 plus
1002 885 190 35 d'intérêt
1220 884 95 46 qu'il
1346 894 87 26 sera
1460 884 90 45 plus
1578 884 184 45 complet,
1792 895 102 24 nous

672 952 134 45 prions
832 964 72 25 nos
932 956 197 35 confrères
1157 956 66 46 qui
1253 955 182 35 auraient
1462 954 136 46 publié
1625 957 69 34 des
1721 958 172 32 travaux

674 1025 49 34 de
756 1024 90 36 bien
879 1027 155 34 vouloir
1065 1038 101 24 nous
1200 1038 47 24 en
1281 1029 153 34 donner
1466 1026 247 36 l'indication
1746 1027 149 45 précise

672 1105 101 35 pour
792 1095 126 36 éviter
937 1100 146 33 autant
1102 1109 78 34 que
1200 1098 172 45 possible
1391 1100 115 33 toute
1526 1098 201 35 omission.

750 1618 96 34 This
878 1617 331 46 bibliographical
1242 1617 119 36 index
1393 1618 134 34 whose
1558 1618 247 45 publication
1839 1628 58 24 we

674 1688 139 35 intend
826 1691 43 32 to
885 1691 98 42 keep
997 1699 64 31 on,
1075 1688 79 33 will
1171 1688 51 35 be
1241 1687 41 34 of
1300 1700 24 22 a
1344 1690 155 43 greater
1516 1688 167 36 interest
1703 1699 44 24 as
1765 1689 33 34 it
1816 1684 78 39 will

675 1759 163 34 become
864 1770 108 24 more
999 1758 207 46 complete.

750 1829 211 37 Therefore
989 1840 58 24 we
1074 1831 73 34 ask
1173 1829 42 35 of
1241 1840 73 23 our
1343 1842 13 18 a
1374 1829 200 35 confreres
1594 1842 24 31 »,
1648 1830 88 35 who
1766 1831 131 36 would

674 1900 104 34 have
803 1900 129 35 issued
960 1910 108 25 some
1092 1900 141 43 works,
1261 1901 43 32 to
1330 1900 50 34 be
1407 1910 41 24 so
1475 1898 97 37 kind
1598 1911 44 24 as
1667 1903 45 32 to
1737 1901 90 44 give
1852 1913 46 24 us

677 1970 50 35 all
764 1970 277 36 informations
1076 1971 125 34 about
1236 1970 123 43 them,
1397 1970 40 34 in
1472 1971 116 35 order
1621 1975 43 31 to
1702 1972 118 36 avoid
1856 1984 44 25 as

679 2042 119 35 much
824 2052 44 26 as
893 2043 171 46 possible
1090 2054 79 35 any
1194 2041 207 36 omission.

572 3084 42 29 LA
646 3083 257 32 RESTAURATION
928 3084 333 31 MAXILLO-FACIALE
1288 3087 49 25 est
1368 3092 64 19 une
1458 3081 133 30 tribune
1619 3081 102 36 libre;
1750 3081 45 28 les
1821 3079 197 40 signataires
2051 3078 57 29 des

479 3132 133 33 articles
636 3135 33 25 et
694 3132 46 28 les
762 3134 197 28 annonciers
982 3132 142 41 gardent
1147 3130 151 32 l'entière
1323 3128 256 41 responsabilite
1605 3128 39 30 de
1668 3129 87 29 leurs
1779 3126 257 41 appreciations.
