2293 3850
453 424 50 40 44
844 427 55 28 LA
924 428 337 31 RESTAURATION
1286 427 405 30 MAXILLO-FACIALE

539 511 279 53 Cependant,
840 527 114 29 nous
975 529 142 30 avons
1137 518 78 41 des
1235 517 202 41 insuccès
1461 519 45 37 et
1532 515 54 41 de
1610 514 44 42 la
1677 518 104 50 part
1807 513 54 41 de
1885 511 195 43 certains

452 586 166 41 blessés
644 601 115 28 nous
787 603 140 29 avons
955 595 261 53 soupçonné
1242 593 102 56 plus
1372 592 169 55 qu'une
1569 590 289 42 indifférence
1888 603 58 27 au
1974 587 109 43 trai-

451 667 190 47 tement,
669 664 100 56 plus
796 667 167 54 qu'une
990 669 247 43 limitation
1265 671 54 41 de
1345 669 96 41 leur
1466 669 147 47 effort,
1641 666 114 44 mais
1782 680 87 28 une
1896 664 186 43 volonté

452 740 104 43 bien
582 742 274 45 déterminée
883 747 53 41 de
962 761 56 28 ne
1043 762 83 41 pas
1150 746 161 55 guérir.

540 818 127 43 Nous
694 833 142 30 avons
863 823 169 43 médité
1058 839 72 28 ces
1157 825 140 53 lignes
1326 823 61 42 du
1416 823 62 39 Dr
1504 822 91 55 Frey
1595 822 55 55 :
1683 822 33 40 «
1716 822 66 40 La
1809 819 273 56 psychothé-

454 895 122 54 rapie
603 896 139 43 devra
768 899 93 41 être
889 902 141 41 douce
1057 906 44 37 et
1129 900 274 56 persuasive,
1428 900 92 40 très
1539 898 260 56 persuasive
1823 898 164 46 même,
2008 909 76 29 car

454 969 39 42 le
517 972 118 54 sujet
661 987 26 28 a
712 976 70 40 été
806 976 258 44 réellement
1090 977 143 43 blessé
1257 982 44 37 et
1326 976 29 40 il
1380 976 100 42 faut
1505 976 160 42 arriver
1665 976 60 42 à
1748 975 40 41 le
1813 973 268 42 convaincre

455 1047 109 55 qu'il
589 1049 76 42 n'a
690 1050 100 43 subi
816 1066 173 30 aucune
1007 1055 147 43 lésion
1180 1054 159 49 sérieuse
1339 1054 54 49 ;
1420 1059 44 37 et
1491 1052 115 56 puis,
1633 1065 176 29 comme
1835 1050 67 43 dit
1928 1051 152 42 André

456 1123 209 53 Thomas,
696 1127 39 42 le
764 1130 204 43 médecin
996 1132 231 42 lui-même
1255 1131 117 42 n'est
1402 1144 82 42 pas
1513 1133 184 51 exempt
1727 1130 53 41 de
1811 1129 175 42 doutes.
2010 1144 15 21 »

544 1204 120 42 Pour
690 1220 115 28 nous
833 1207 192 45 délivrer
1052 1211 54 41 de
1135 1224 48 28 ce
1212 1210 153 48 doute,
1396 1209 129 54 après
1554 1206 127 44 avoir
1709 1204 375 44 consciencieuse-

456 1285 125 38 ment
604 1284 157 54 essayé
781 1297 105 30 sans
907 1288 153 39 succès
1082 1289 103 39 tous
1206 1286 64 41 les
1291 1298 189 42 moyens
1501 1283 375 55 thérapeutiques
1898 1286 44 38 et
1965 1284 120 39 cette

459 1359 45 56 «
504 1359 367 56 psychothérapie
891 1364 91 39 très
1002 1362 225 53 persuasive
1227 1362 83 53 »,
1332 1375 115 28 nous
1467 1375 142 27 avons
1629 1361 137 54 pensé
1786 1360 26 41 à
1833 1357 254 56 supprimer

455 1432 257 45 l'influence
741 1437 255 43 consciente
1026 1453 59 27 ou
1112 1438 305 42 inconsciente
1448 1438 54 41 de
1530 1437 45 42 la
1602 1438 187 41 volonté
1818 1437 61 41 du
1907 1433 179 44 malade

457 1525 82 40 par
567 1511 199 56 l'emploi
797 1514 134 42 d'une
961 1514 395 55 mécanothérapie
1386 1515 92 40 très
1508 1515 142 41 douce
1682 1515 112 41 dont
1823 1512 187 42 l'action
2040 1524 45 29 se

459 1588 250 54 produirait
743 1592 203 52 pendant
980 1590 39 43 le
1054 1590 217 50 sommeil,
1306 1589 398 56 mécanothérapie
1740 1589 211 42 d'autant
1985 1587 101 56 plus

458 1663 178 43 efficace
667 1665 162 55 qu'elle
859 1667 136 42 serait
1026 1666 195 43 facilitée
1251 1681 83 41 par
1362 1666 44 42 la
1436 1666 247 42 résolution
1713 1665 285 44 musculaire.

551 1741 36 40 Il
608 1742 222 54 s'agissait
853 1745 53 40 de
929 1744 109 41 faire
1060 1749 155 50 porter
1234 1758 59 27 au
1314 1742 146 44 blessé
1480 1745 78 41 des
1579 1743 225 57 appareils
1825 1748 264 37 extenseurs

460 1817 350 44 intra-buccaux
831 1822 113 40 dont
964 1820 43 42 la
1027 1821 238 55 puissance
1285 1820 71 43 fût
1378 1834 129 28 assez
1522 1822 142 42 douce
1686 1826 45 38 et
1751 1820 203 44 indolore
1975 1832 114 43 pour

463 1908 56 28 ne
546 1908 82 40 pas
653 1894 271 56 l'empêcher
951 1899 54 40 de
1034 1896 265 43 s'endormir
1325 1902 45 36 et
1399 1898 112 41 dont
1538 1896 44 43 la
1608 1897 254 42 continuité
1890 1896 198 42 d'action

461 1969 237 44 arriverait
728 1972 26 41 à
781 1973 181 42 vaincre
991 1973 43 42 la
1062 1973 245 43 rétraction
1338 1973 282 43 cicatricielle
1648 1980 45 36 et
1721 1972 369 58 l'hypertonicité

461 2048 270 43 musculaire
753 2052 204 53 pendant
980 2050 342 44 l'inconscience
1345 2052 55 41 de
1423 2051 131 43 l'état
1578 2052 54 42 de
1656 2050 205 44 sommeil
1885 2052 62 42 du
1970 2050 119 54 sujet

462 2132 45 38 et
536 2127 45 43 la
608 2127 246 43 résolution
884 2129 270 43 musculaire
1183 2129 304 43 consécutive.

544 2258 314 38 OBSERVATION
888 2257 17 37 1
940 2282 54 3 -
1013 2260 56 37 Le
1096 2258 138 39 soldat
1260 2259 80 38 D.
1369 2257 135 40 arrive
1529 2272 53 26 au
1608 2264 142 33 centre
1775 2254 319 43 maxillo-facial

467 2322 358 52 (médecin-major
849 2323 239 51 Chompret,
1116 2323 93 39 chef
1235 2324 53 38 de
1313 2323 170 52 service)
1511 2325 247 49 présentant
1784 2335 83 25 une
1892 2320 199 39 constric-

462 2388 90 39 tion
577 2387 72 39 des
674 2386 231 41 mâchoires
933 2388 38 50 (8
996 2388 258 40 millimètres
1279 2388 273 39 d'ouverture
1574 2385 176 42 buccale
1776 2385 246 53 spontanée)
2049 2388 43 36 et

462 2467 84 26 une
568 2453 214 40 déviation
807 2453 54 40 de
882 2452 40 40 la
944 2455 162 39 bouche
1129 2455 24 38 à
1177 2454 161 50 gauche
1363 2466 49 25 en
1437 2454 37 38 «
1474 2454 169 38 chantre
1666 2455 52 38 de
1741 2452 133 50 village
1874 2452 51 50 »
1948 2452 140 39 consé-

461 2519 163 40 cutives
646 2520 24 38 à
691 2531 83 27 une
794 2518 192 41 cicatrice
1009 2521 52 38 de
1082 2519 39 40 la
1143 2518 98 49 joue
1261 2518 160 50 gauche
1442 2529 78 40 par
1541 2518 107 41 éclat
1671 2518 165 46 d'obus,
1861 2529 54 28 au
1937 2516 152 40 niveau

464 2590 40 34 et
530 2599 49 25 en
603 2590 130 35 avant
759 2584 56 40 du
838 2585 190 51 condyle.

547 2650 35 38 Il
617 2650 114 40 avait
770 2652 66 37 été
872 2655 16 34 t
914 2650 85 40 aité
1040 2650 337 51 précédemment
1415 2648 188 51 pendant
1647 2647 63 39 six
1751 2648 108 40 mois
1895 2648 105 39 dans
2035 2659 57 27 un

461 2720 141 35 centre
630 2713 317 42 maxillo-facial
974 2728 105 38 pour
1108 2728 45 25 sa
1181 2712 274 41 constrict'on
1485 2713 73 38 des
1585 2713 244 40 mâchoires.

544 2782 58 38 La
625 2781 290 50 radiographie
936 2780 220 50 n'indique
1176 2790 165 29 aucune
1361 2777 194 45 fracture,
1580 2789 138 27 aucun
1741 2788 124 39 corps
1886 2779 205 48 étranger.

544 2847 59 37 Le
631 2844 137 41 soldat
798 2847 96 43 D.,
926 2846 127 40 traité
1083 2857 162 27 comme
1275 2856 62 26 ses
1368 2842 243 40 camarades
1640 2842 57 39 du
1727 2840 159 41 service
1914 2840 178 41 atteints

464 2910 50 38 de
541 2908 39 41 la
605 2912 136 39 même
767 2910 210 47 affection,
1002 2912 195 51 présente
1222 2922 53 26 au
1301 2909 106 38 bout
1430 2908 53 38 de
1502 2907 112 39 deux
1639 2907 106 40 mois
1772 2908 52 39 de
1850 2906 245 41 traitement
2131 2955 6 4 -

468 2973 233 50 (décembre
731 2987 102 40 1917
863 2981 41 35 et
933 2975 164 49 janvier
1127 2974 118 53 1918)
1276 2986 84 27 une
1397 2977 226 35 ouverture
1659 2971 175 41 buccale
1861 2971 233 42 maximum

464 3040 52 39 de
540 3052 51 39 14
613 3040 260 42 millimètres
903 3042 83 52 (fig.
1015 3052 35 35 l,
1078 3042 23 38 à
1128 3040 178 53 gauche).

545 3105 120 39 Cette
693 3111 225 36 ouverture
947 3107 173 40 buccale
1152 3118 43 27 se
1227 3103 226 43 maintient
1484 3103 24 38 à
1539 3116 51 39 14
1618 3102 260 41 millimètres
1907 3104 188 50 pendant

466 3170 101 39 trois
588 3170 204 41 semaines
813 3185 96 27 sans
933 3185 82 38 que
1035 3172 173 40 l'action
1229 3171 74 39 des
1326 3169 249 40 dilatateurs
1599 3172 40 35 et
1662 3169 40 39 la
1729 3167 367 52 mécanothérapie

462 3234 142 42 active
620 3235 240 50 préconisée
878 3249 77 39 par
982 3237 37 39 le
1045 3239 57 37 Dr
1128 3234 221 52 Kouindjy
1374 3238 42 35 et
1441 3246 113 28 aussi
1579 3232 40 41 la
1648 3232 42 58 «
1690 3232 342 58 psychothérapie
2056 3231 40 40 la

466 3303 96 53 plus
589 3300 274 54 persuasive»
887 3302 281 40 déterminent
1197 3301 37 39 le
1258 3299 190 41 moindre
1473 3300 182 51 progrès.
