2554 3787
803 372 116 32 NOTE
949 369 84 33 SUR
1062 372 78 28 LES
1169 368 240 30 APPAREILS
1438 367 28 27 A
1494 368 144 28 VOLET
1981 362 49 42 31

495 465 120 41 Pour
634 464 40 42 le
695 460 237 56 temporal,
955 473 82 28 son
1058 457 150 42 action
1231 456 126 39 étant
1379 453 286 54 primordiale
1688 455 113 40 dans
1821 454 40 40 le
1883 451 152 55 dépla-

409 546 191 43 cement,
634 540 28 40 il
695 538 144 42 arrive
871 537 26 40 à
928 535 150 53 placer
1107 546 68 27 ses
1205 530 240 41 insertions
1477 530 259 43 inférieures
1767 533 26 40 à
1825 531 43 42 la
1892 529 142 43 limite

412 617 108 41 utile
554 617 54 40 de
641 630 49 26 sa
721 610 295 45 contraction.
1053 609 89 40 Son
1174 606 150 42 action
1358 606 238 42 ultérieure
1628 621 46 29 se
1705 614 162 36 trouve
1902 607 53 42 de
1988 620 48 27 ce

412 690 82 42 fait
526 689 235 43 annihilée.

500 767 59 39 Le
583 762 311 56 ptérygoïdien
917 761 111 41 tend
1050 758 248 54 également
1315 755 25 41 à
1355 770 181 28 amener
1558 757 43 42 la
1624 759 151 54 région
1798 761 54 40 de
1874 759 163 54 l'angle

556 2178 72 32 FIG.
654 2190 28 30 3.
696 2197 40 5 —
752 2179 250 31 Modifications
1030 2181 173 38 produites
1220 2190 84 30 pour
1326 2180 29 28 le
1380 2178 238 40 ptérygoïdien
1640 2189 59 29 par
1715 2181 48 29 les
1785 2180 189 30 déviations

515 2224 16 30 à
554 2226 30 29 la
606 2227 85 29 suite
715 2226 96 29 d'une
837 2225 162 31 fracture:
1020 2226 19 29 à
1058 2226 105 41 gaurhe
1163 2226 45 41 :
1233 2227 71 29 face
1327 2224 187 31 antérieuie
1539 2226 40 28 de
1603 2226 77 36 l'os;
1703 2226 19 29 à
1745 2227 131 30 droite:
1900 2228 72 29 face

515 2271 218 40 postérieure.
755 2272 57 30 Les
828 2271 125 30 flèches
969 2278 133 34 passant
1119 2283 58 30 par
1190 2275 30 28 la
1234 2274 88 39 ligne
1340 2272 152 29 médiane
1508 2272 177 39 indiquent
1696 2273 30 30 le
1741 2272 235 40 déplacement

517 2318 40 29 de
574 2319 30 29 la
620 2321 134 37 portion
771 2319 219 30 horizontale.
1010 2320 58 29 Les
1085 2320 171 39 pointillés
1271 2323 167 26 montrent
1456 2319 46 28 les
1516 2323 157 25 contours
1693 2329 170 20 normaux.

556 2376 263 39 (Modifications
841 2378 171 39 produced
1030 2378 52 30 for
1102 2380 58 38 the
1183 2377 237 43 pterygoïdian
1441 2377 43 39 by
1506 2377 57 29 the
1583 2377 187 30 deviations
1795 2378 182 40 following

517 2432 18 20 a
552 2423 162 31 fracture:
738 2434 41 21 on
802 2424 57 30 the
883 2424 74 39 left,
982 2427 146 29 anterior
1152 2426 71 30 face
1247 2425 40 30 of
1309 2424 56 29 the
1392 2424 107 35 bone:
1529 2433 42 19 on
1598 2424 58 29 the
1679 2425 102 39 right,
1811 2427 166 37 posterior

520 2469 83 31 face.
654 2471 75 40 The
729 2471 132 40 arrows
861 2471 113 40 going
974 2471 173 40 athwart
1169 2473 57 29 the
1249 2471 125 30 middle
1399 2471 65 28 line
1489 2470 145 29 indicate
1656 2471 57 28 the
1737 2471 241 39 displacement

520 2517 40 29 of
560 2517 68 29 the
646 2518 184 29 horizontal
848 2519 146 38 portion.
1053 2519 70 30 The
1140 2520 180 39 stipplings
1335 2517 96 30 show
1449 2517 56 29 the
1523 2517 126 28 normal
1667 2518 170 35 outlines.)

438 2687 57 29 au
518 2674 250 44 maximum
791 2675 191 57 possible
1006 2669 53 50 de
1083 2690 79 28 son
1186 2673 162 45 action.
1376 2671 88 43 Dès
1486 2671 101 49 lors,
1612 2672 28 40 il
1662 2672 78 55 n'y
1762 2687 26 27 a
1811 2674 113 54 plus,
1949 2688 113 42 pour

440 2752 74 49 lui,
551 2754 53 41 de
639 2753 387 43 fonctionnement
1063 2749 293 59 appréciable.

528 2829 79 43 Ces
645 2831 331 42 constatations
1014 2832 230 51 montrent
1283 2826 102 40 bien
1424 2838 173 29 comme
1637 2825 29 41 il
1704 2832 67 37 est
1810 2826 250 57 important

440 2918 86 40 que
549 2919 71 28 ces
643 2905 253 42 déviations
918 2906 233 41 fâcheuses
1173 2903 140 41 soient
1339 2900 208 42 réduites.
1575 2902 82 41 Les
1680 2904 259 42 réductions
1960 2909 101 37 sont

441 2980 118 41 aussi
582 2981 233 54 indiquées
836 2996 113 41 pour
971 2986 67 37 cet
1064 2993 49 28 os
1135 2992 86 42 que
1244 2990 112 42 pour
1378 2977 62 40 les
1461 2982 152 37 autres
1635 2992 48 27 os
1707 2981 53 40 de
1784 2981 282 53 l'organisme

443 3065 113 40 pour
589 3054 190 54 lesquels
814 3056 41 39 la
889 3054 216 43 nécessité
1139 3057 54 41 de
1227 3066 203 28 ramener
1463 3054 26 40 à
1524 3054 94 42 leur
1652 3056 124 53 place
1811 3061 157 38 exacte
2004 3058 62 41 les

442 3124 197 43 surfaces
673 3126 261 44 d'insertion
969 3130 53 41 de
1056 3129 116 42 leurs
1205 3125 180 45 muscles
1385 3125 68 45 a
1486 3127 208 54 toujours
1726 3131 72 41 été
1831 3136 86 36 une
1952 3132 115 52 règle

444 3202 197 41 absolue.
