2443 3766
731 373 125 30 NOTE
880 363 91 37 SUR'
992 370 79 29 LES
1101 368 240 29 APPAREILS
1369 367 30 28 A
1425 367 144 29 VOLET
1913 362 51 45 35

336 450 227 45 résistant.
589 453 122 42 C'est
720 465 88 30 sur
829 456 120 38 cette
971 465 111 27 zone
1106 456 87 48 que
1215 448 72 41 fut
1311 447 92 56 pris
1424 448 40 42 le
1486 447 130 55 point
1638 446 326 57 d'application

336 523 66 42 du
431 522 233 48 volet.

426 594 66 41 La
524 592 198 56 .portion
753 591 171 54 gauche
965 592 51 41 et
1051 587 250 42 antérieure
1343 587 125 42 avait
1509 587 103 43 subi
1650 587 43 42 la
1713 578 42 52 -
1755 578 210 52 déviation

340 661 245 43 habituelle
621 662 282 54 représentée
942 661 113 41 dans
1092 657 62 42 les
1192 658 162 51 figures
1391 657 228 43 ci-contre.
1660 658 73 42 En
1768 658 116 56 plus,
1923 656 45 42 la

338 731 331 42 consolidation
699 745 56 28 en
784 730 289 56 malposition
1104 726 124 43 avait
1268 729 217 53 accentué
1512 726 46 42 la
1589 726 375 56 linguo-trusion.

341 801 66 40 La
427 800 235 43 réduction
683 801 55 41 de
759 804 119 38 cette
898 798 182 55 portion
1101 797 92 41 s'en
1212 797 210 41 trouvait
1438 797 280 56 compliquée
1740 799 225 44 d'autant.

755 2286 72 30 FIG.
855 2296 28 30 7.
901 2305 41 4 —
961 2288 86 32 Bo.
1074 2288 246 40 Radiographie
1346 2288 41 28 de
1400 2288 40 29 la
1463 2287 119 32 lésion.

851 2345 103 41 (Bo.
973 2346 179 43 RaJiograph
1152 2346 99 43 -,of
1269 2346 58 29 the
1352 2346 138 39 injury.)

362 2489 39 42 Il
435 2486 221 61 s'agissait
690 2494 55 42 de
778 2509 256 43 provoquer
1067 2504 62 37 un
1154 2500 304 41 mouvement
1491 2495 323 50 d'écartement
1849 2501 45 37 et
1930 2497 55 41 de

360 2555 194 59 bascule,
591 2578 48 30 ce
674 2567 174 42 dernier
880 2567 100 56 plus
1013 2568 227 56 prononcé
1273 2573 87 48 que
1394 2566 113 41 dans
1539 2564 63 43 les
1636 2579 75 28 cas
1742 2566 239 50 habituels.

361 2635 66 41 La
445 2636 242 43 résistance
707 2638 245 43 nécessaire
974 2640 26 41 à
1020 2653 49 35 ce
1091 2636 161 45 double
1272 2639 292 39 mouvement
1585 2648 118 30 nous
1718 2635 73 42 fut
1810 2630 205 49 fournie

362 2721 83 41 par
468 2706 40 43 le
532 2707 117 43 tissu
675 2707 235 58 cicatriciel
910 2707 119 58 pris
1055 2722 103 33 sous
1194 2721 87 28 une
1320 2705 192 42 étendue
1545 2712 123 36 assez
1693 2705 119 55 large
1838 2707 147 55 par-le

361 2778 135 43 volet.

450 2850 67 41 La
544 2850 218 54 première
792 2850 276 56 application
1098 2850 54 42 de
1182 2850 117 50 cette
1328 2846 210 54 prothèse
1566 2848 176 54 permit
1762 2848 226 48 d'obtenir

363 2916 41 44 le
433 2923 294 40 mouvement
758 2921 54 42 de
843 2921 234 42 réduction
1107 2915 195 45 latérale.
1332 2917 74 43 En
1433 2917 146 43 même
1609 2922 178 56 temps,
1805 2917 44 42 la
1878 2917 110 43 tolé-
2011 2919 37 47 .,.

364 2998 134 31 rance
531 2989 78 41 des
633 2990 144 41 tissus
809 2979 301 53 s'établissait.
1146 2985 408 63 Secondairement,
1587 3001 85 42 par
1704 2989 77 42 des
1813 2984 176 48 modifi-

364 3058 168 41 cations
532 3058 84 41 de
640 3058 53 40 la
704 3061 182 52 portion
907 3057 344 62 intermédiaire,
1271 3061 126 38 entre
1413 3057 40 42 le
1470 3057 122 44 volet
1615 3062 46 39 et
1683 3058 45 42 la
1748 3050 237 62 gouttière,

352 3123 52 43 -le
445 3132 296 37 mouvement
784 3129 53 41 de
880 3130 170 46 torsion
1094 3129 111 44 dans
1246 3125 41 43 le
1330 3123 101 45 sens
1472 3128 428 54 postéro-antérieur
1942 3131 47 38 et

366 3195 406 54 supéro-inférieur,
812 3212 103 28 sans
952 3198 200 42 réaction
1191 3196 188 43 sérieuse
1420 3197 58 43 de
1478 3197 78 43 la
1593 3203 104 50 part
1737 3199 76 41 des
1852 3198 137 48 tissus
