2380 3919
475 461 51 39 60
852 472 67 30 LA
943 472 337 30 RESTAURATION
1304 471 406 31 MAXILLO-FACIALE

2184 528 14 22 )

478 555 150 56 acting
649 555 105 55 only
776 571 56 28 on
853 558 79 43 the
952 559 93 44 fore
1064 566 117 50 part,
1205 560 91 43 this
1316 563 259 39 movement
1597 557 134 53 being
1752 555 193 57 possible
1961 552 145 55 owing
2184 545 14 65 ;

478 636 48 37 to
551 632 78 42 the
653 636 151 51 gutter
827 635 133 54 being
983 639 222 41 mounted
1229 651 56 28 on
1309 636 169 54 hinges,
1507 635 90 42 and
1621 632 91 43 this
1736 646 92 29 was
1852 631 188 43 allowed
2059 633 47 38 to
2187 632 11 48 j

480 708 211 44 continue
716 711 116 41 until
857 711 37 42 it
919 726 92 30 was
1037 714 257 54 accurately
1320 716 84 53 put
1431 712 45 41 in
1502 711 141 55 place.
2188 732 10 21 <

568 786 121 43 Once
708 787 91 43 this
818 790 138 41 result
977 804 91 29 was
1089 790 227 49 obtained,
1340 790 78 41 the
1438 788 163 54 sliding
1620 787 133 56 plane
1774 801 90 28 was
1879 784 226 48 removed,
2183 790 15 53 4

481 876 49 28 as
553 864 110 41 then
689 865 77 41 the
791 880 142 40 upper
958 869 92 40 and
1073 868 134 41 lower
1231 865 126 44 teeth
1382 879 113 28 were
1519 864 47 43 in
1593 863 236 43 occlusion.
2191 852 7 64 ;

567 940 128 42 Since
729 941 90 43 this
854 948 246 50 apparatus
1133 944 38 42 is
1203 942 272 50 removable,
1513 942 35 41 it
1583 941 37 43 is
1653 940 141 57 easily
1827 941 109 54 kept
1960 938 146 49 clean,

480 1017 78 42 the
578 1017 177 55 patient
776 1032 83 31 can
880 1020 104 43 take
1004 1020 36 42 it
1062 1023 74 48 off,
1161 1021 124 42 clean
1305 1020 36 42 it
1362 1021 93 41 and
1472 1024 84 51 put
1577 1019 36 42 it
1632 1019 118 42 back
1772 1014 131 59 again
1916 1016 195 42 without
2192 1018 6 25 ■

483 1107 90 42 any
597 1095 130 41 other
749 1095 105 56 help
879 1110 60 35 as,
968 1096 144 56 owing
1136 1102 48 37 to
1208 1097 80 42 the
1312 1095 178 44 tension
1515 1096 45 41 of
1584 1095 79 43 the
1686 1095 202 48 rubbers,
1915 1093 78 43 the
2008 1105 104 42 ope-

483 1185 101 29 ners
606 1171 95 42 find
723 1172 117 42 their
861 1173 126 55 place
1010 1173 283 56 themselves.
1376 1173 94 42 The
1493 1172 177 56 patient
1693 1172 100 41 who
1817 1171 113 41 used
1950 1169 36 42 it
2000 1168 112 42 took

484 1247 36 42 it
550 1249 63 41 off
641 1253 48 37 to
721 1249 106 42 take
856 1248 69 43 his
954 1249 141 43 meals
1124 1250 92 41 and
1245 1248 90 43 this
1366 1249 78 42 did
1472 1253 82 37 not
1584 1248 216 43 interfere
1823 1247 46 42 in
1900 1260 91 40 any
2011 1258 104 40 way

484 1324 109 45 with
622 1325 77 42 the
727 1338 202 42 progress
958 1326 46 41 of
1027 1327 82 42 the
1138 1325 259 43 correction.

552 1383 116 62 The
696 1402 196 41 fracture
922 1416 92 27 was
1047 1416 27 27 a
1104 1416 109 40 year
1244 1401 87 49 old,
1365 1402 78 42 the
1475 1401 138 43 tissue
1645 1400 147 43 which
1810 1401 105 43 had
1941 1399 173 42 formed

487 1491 90 28 was
611 1492 111 40 very
755 1465 224 62 resistant,
1017 1478 92 42 and
1141 1478 78 42 the
1253 1477 181 43 various
1470 1491 136 29 screw
1640 1491 48 28 or
1722 1476 153 56 spring
1906 1474 209 58 apparati

488 1554 146 42 which
660 1555 92 41 had
776 1553 117 55 been
893 1553 282 55 previously
1200 1553 122 55 used
1322 1553 245 55 produced
1592 1567 58 28 no
1679 1552 151 43 result.

576 1631 94 42 The
698 1644 164 42 opener
888 1644 92 28 was
1006 1621 85 64 put
1117 1630 46 41 in
1191 1630 126 54 place
1346 1644 57 28 on
1433 1630 76 42 the
1539 1629 79 43 8th
1646 1629 47 42 of
1720 1629 263 56 September
2007 1641 54 42 iq
2061 1641 56 42 17

491 1708 91 41 and
601 1720 92 34 was
715 1706 206 55 replaced
941 1719 59 28 on
1023 1706 77 42 the
1122 1706 110 42 28th
1254 1706 45 41 of
1322 1706 197 42 October
1538 1706 62 55 by
1623 1720 27 27 a
1664 1706 267 56 supporting
1949 1711 166 50 gutter,

491 1783 78 41 the
594 1781 256 56 separation
874 1781 133 55 being
1033 1781 234 43 sufficient.
1341 1782 123 41 Thus
1489 1782 78 42 the
1592 1796 164 41 opener
1770 1784 110 41 took
1905 1798 27 27 a
1956 1782 162 44 month

493 1860 91 41 and
609 1873 27 27 a
659 1858 95 42 half
779 1863 47 37 to
853 1858 272 55 accomplish
1151 1873 27 27 a
1201 1859 125 43 work
1350 1858 146 43 which
1521 1873 116 29 none
1665 1860 44 41 of
1734 1860 78 44 the
1833 1862 131 42 other
1981 1875 144 42 appa-

494 1935 110 43 ratis
634 1950 113 29 were
778 1935 99 43 able
908 1940 48 38 to
989 1936 239 43 do.
