2619 3892
485 429 24 39 8
873 432 55 29 LA
953 431 335 29 RESTAURATION
1314 427 404 31 MAXILLO-FACIALE

573 523 91 40 Dès
684 519 104 48 lors,
810 532 116 29 nous
946 531 114 29 nous
1082 530 195 30 sommes
1299 516 170 43 arrêtés
1490 515 27 41 à
1537 513 44 43 la
1602 510 245 54 technique
1870 507 198 43 suivante
2068 507 44 43 :

577 595 200 45 Enduire
799 594 44 43 la
864 594 146 56 partie
1034 595 54 42 de
1110 594 43 43 la
1175 595 210 55 prothèse
1409 591 78 57 qui
1510 590 95 44 doit
1628 592 95 40 être
1745 586 114 44 fixée,
1859 586 49 44 à
1930 583 44 43 la
1995 595 119 43 peau

491 678 63 42 du
579 673 149 45 vernis
756 672 171 43 suivant
927 672 43 43 :

716 797 154 40 Mastic
906 808 52 26 en
984 796 492 42 larmes.
1597 802 51 40 50
1682 800 219 43 grammes.

718 855 649 49 Éther.
1380 871 38 38 q.
1439 871 37 30 s.

1158 2469 87 34 FIG.
1245 2469 52 34 2.
1297 2469 35 34 -
1332 2469 141 34 Soldat
1488 2468 56 37 J.

630 2667 175 43 Laisser
827 2670 153 42 sécher
1003 2670 218 56 quelques
1243 2666 213 47 minutes,
1482 2668 46 38 et
1553 2664 157 54 quand
1732 2662 40 42 le
1796 2658 150 45 vernis
1969 2660 69 39 est
2062 2654 104 43 bien

546 2757 84 38 sec,
670 2760 153 42 passer
855 2761 86 28 une
978 2747 200 43 solution
1208 2746 55 42 de
1295 2741 208 45 dextrine
1534 2739 266 43 concentrée
1833 2740 46 38 et
1914 2737 165 39 mettre
2113 2745 55 28 en

549 2820 138 55 place.

637 2899 126 41 Cette
792 2900 132 53 façon
952 2904 54 41 de
1033 2901 215 57 procéder
1276 2899 148 42 donne
1452 2897 130 39 toute
1610 2889 301 47 satisfaction,
1941 2899 68 30 car
2009 2899 35 30 :

641 2980 46 34 10
719 2976 63 41 La
809 2978 206 43 dextrine
1041 2979 88 42 fixe
1156 2989 192 45 presque
1376 2971 121 44 aussi
1523 2969 269 44 solidement
1821 2980 86 41 que
1934 2964 63 42 les
2024 2960 149 45 vernis

556 3048 26 42 à
607 3048 44 43 la
676 3051 143 44 résine
846 3057 45 38 et
919 3054 27 42 à
971 3055 180 51 l'éther;

644 3131 48 37 2°
723 3128 96 43 Elle
841 3144 56 28 ne
920 3131 184 55 produit
1129 3145 174 29 aucune
1326 3126 227 44 irritation
1578 3126 78 41 des
1680 3122 156 48 tissus;

646 3207 49 46 3°
725 3205 96 43 Elle
850 3206 193 43 s'enlève
1071 3208 257 42 facilement
1357 3221 81 42 par
1467 3218 88 29 une
1584 3200 157 60 simple
1771 3197 206 44 ablution
2007 3196 25 42 à
2061 3194 119 42 l'eau

559 3279 152 48 chaude
711 3279 44 48 ;
