2555 3810
385 259 306 48 TROISIÈME
734 258 213 48 ANNÉE.

1315 252 75 47 No
1423 265 42 33 i.
1500 279 67 5 —
1604 250 244 62 JANVIER
1881 263 141 49 1919.

1137 510 128 53 LA

520 628 1355 153 Restauration

364 860 1689 154 Maxillo-Paciale

875 1192 234 53 REVUE
1162 1191 383 75 PRATIQUE

428 1309 85 56 DE
566 1310 418 57 CHIRURGIE
1043 1310 80 55 ET
1182 1296 383 70 PROTHÈSE
1619 1297 383 71 SPÉCIALES

541 1446 286 45 CONSACRÉE
854 1460 32 30 A
912 1441 213 50 L'ÉTUDE
1152 1458 93 33 DES
1271 1444 202 45 LÉSIONS
1496 1457 388 40 TRAUMATIQUES

331 1540 62 29 DE
421 1541 60 28 LA
509 1540 142 40 FACE,
678 1542 92 30 DES
794 1543 351 41 MAXILLAIRES,
1170 1543 92 32 DES
1283 1542 176 41 DENTS,
1484 1543 61 29 ET
1571 1542 31 30 A
1628 1541 129 31 LEUR
1777 1540 321 33 TRAITEMENT

768 1653 358 37 PARAISSANT
1158 1654 508 36 MENSUELLEMENT

384 1729 86 26 avec
487 1722 38 34 la
541 1722 267 39 collaboration
825 1727 63 34 des
907 1727 152 36 Centres
1075 1728 44 34 de
1138 1727 263 46 Stomatologie
1419 1731 32 31 et
1467 1728 43 34 de
1528 1725 176 36 Prothèse
1722 1724 36 47 M
1758 1724 294 47 axillo-faciale.

674 2514 175 33 ADRESSER
874 2528 39 20 LA
937 2528 307 26 CORRESPONDANCE
1270 2529 160 24 RELATIVE
1454 2528 21 20 A
1498 2527 41 20 LA
1564 2516 194 32 RÉDACTION

432 2586 60 25 au
537 2577 204 39 Docteur
776 2582 266 47 HERPIN,
1081 2587 70 48 79,
1187 2584 256 40 boulevard
1483 2582 307 42 Haussmann,
1829 2580 173 36 PARIS

508 2669 176 33 ADRESSER
708 2683 39 20 LA
771 2684 305 24 CORRESPONDANCE
1102 2682 161 26 RELATIVE
1286 2687 21 20 A
1331 2675 326 31 L'ADMINISTRATION
1683 2681 40 20 DE
1748 2680 40 21 LA
1813 2670 112 31 REVUE

360 2733 22 31 à
408 2734 368 43 ladministrateur-
776 2734 151 43 Gérant
927 2734 66 43 :
1028 2743 52 35 H.
1115 2739 289 40 VILLAIN,
1437 2737 63 41 10,
1527 2745 81 26 rue
1643 2737 54 34 de
1731 2735 140 46 l'Isly,
1904 2732 173 36 PARIS

896 2832 195 31 S'ADRESSER
1114 2843 88 20 POUR
1226 2840 54 21 LES
1303 2835 244 25 ABONNEMENTS

362 2891 20 37 à
400 2892 34 46 1
434 2892 397 46 Administrateur-Gérant
849 2913 42 26 ou
910 2903 19 37 à
948 2903 32 37 la
998 2903 157 37 Librairie
1174 2902 86 37 Félix
1279 2896 144 44 ALCAN,
1440 2895 80 43 108,
1537 2895 176 37 boulevard
1733 2893 214 41 St-Germain,
1961 2889 117 38 PARIS

1018 3075 403 38 ABONNEMENTS:

646 3156 142 40 France
788 3156 61 40 :
876 3160 49 36 15
952 3160 166 36 francs.
1153 3171 23 16 <=
1176 3162 44 36 >
1246 3155 149 36 Union
1423 3153 154 45 postale
1577 3153 58 45 :
1663 3150 46 34 18
1738 3148 54 35 fr.

920 3297 72 45 Le
1025 3296 178 43 numéro
1203 3296 77 43 :
1316 3291 26 42 1
1377 3289 64 44 fr.
1471 3289 67 43 50
