2524 3778
454 373 226 41 PROTHÈSE
711 387 238 38 PLASTIQUE
980 386 115 29 DANS
1125 386 77 29 LES
1232 385 299 29 MUTILATIONS
1561 386 58 28 DE
1649 387 54 27 LA
1733 386 109 29 FACE
1947 384 46 28 II

375 462 219 57 élastique
621 470 44 37 et
694 467 147 40 donne
869 480 58 27 au
954 466 187 42 toucher
1167 464 42 41 la
1236 463 230 43 sensation
1493 466 54 41 de
1574 465 43 42 la
1642 465 137 49 chair,
1807 464 62 43 les
1896 478 98 41 pro-

376 540 148 42 thèses
557 556 54 28 en
642 541 229 44 vulcanite
903 542 166 55 peinte,
1103 555 54 27 en
1188 539 140 43 métal
1360 540 175 43 émaillé
1566 555 59 28 ou
1655 557 55 27 en
1742 540 255 55 céramique

375 622 81 37 ont
486 633 87 27 une
603 618 177 56 rigidité
811 618 77 56 qui
916 634 55 27 ne
1003 617 82 43 fait
1116 631 174 28 aucune
1320 616 192 51 illusion,
1544 620 146 41 même
1721 620 27 41 à
1778 618 218 43 distance.

377 692 119 42 Elles
528 695 130 41 n'ont
691 709 81 40 pas
803 709 91 28 non
927 694 101 57 plus
1058 693 44 42 la
1133 697 319 51 transparence
1485 695 53 42 de
1571 694 42 42 la
1643 694 209 55 gélatine,
1885 692 113 43 mais

378 774 196 46 surtout,
603 771 103 55 quel
734 787 87 40 que
848 771 87 43 soit
961 771 96 43 leur
1083 771 132 41 mode
1243 770 55 41 de
1325 769 204 50 fixation,
1558 771 117 42 leurs
1703 776 214 38 contours
1942 784 56 28 ne

380 860 45 28 se
454 846 191 43 fondent
674 863 81 39 pas
784 862 109 29 avec
922 848 62 42 les
1013 847 135 41 tissus
1176 845 169 43 voisins
1374 851 44 37 et
1448 846 29 41 il
1507 847 141 43 existe
1679 847 205 52 toujours
1913 862 87 27 une

1001 2503 71 31 FIG.
1095 2503 51 42 5.
1146 2503 34 42 -
1180 2503 136 42 Soldat
1331 2501 80 30 W.

399 2650 195 44 solution
618 2653 54 42 de
697 2651 264 50 continuité,
987 2668 87 27 une
1097 2652 116 55 ligne
1238 2652 53 41 de
1315 2646 307 45 démarcation
1645 2650 126 39 nette
1796 2647 91 55 qui,
1912 2647 106 55 quoi

401 2730 137 55 qu'on
570 2729 130 50 fasse,
733 2734 67 38 est
833 2729 206 54 toujours
1070 2728 172 44 visible.

488 2806 115 43 Rien
628 2808 53 41 de
706 2807 138 56 pareil
870 2821 107 28 avec
1002 2806 43 42 la
1068 2805 209 56 prothèse
1301 2798 239 57 plastique,
1566 2801 58 39 où
1647 2799 283 43 l'adhérence
1954 2805 67 37 est

402 2883 35 41 si
456 2883 208 56 parfaite,
681 2886 58 39 où
757 2883 62 42 les
838 2888 214 37 contours
1071 2885 102 38 sont
1190 2879 35 42 si
1240 2878 178 47 fondus,
1436 2875 108 55 qu'il
1560 2880 67 37 est
1646 2882 192 37 souvent
1856 2876 167 56 impos-

401 2959 109 43 sible
537 2961 53 41 de
617 2959 91 43 dire
734 2961 59 39 où
819 2959 98 42 finit
943 2957 202 43 l'artifice
1171 2959 44 38 et
1241 2956 59 39 où
1324 2965 258 30 commence
1608 2952 43 42 la
1675 2956 176 39 nature.

490 3066 70 39 En
593 3066 188 45 résumé,
816 3064 62 41 les
911 3064 231 54 prothèses
1178 3057 250 58 plastiques
1454 3062 79 38 ont
1568 3059 53 41 de
1656 3058 84 41 tels
1773 3064 248 49 avantages

404 3138 277 54 esthétiques
711 3152 76 28 sur
816 3139 61 41 les
909 3143 153 37 autres
1102 3134 186 56 qu'elles
1328 3133 236 42 devraient
1595 3148 192 41 presque
1817 3134 207 53 toujours

406 3213 94 43 leur
532 3216 92 40 être
655 3215 234 54 préférées.
