2563 3769
756 580 94 67 La
909 572 355 97 prothèse
1324 572 366 95 plastique

522 748 183 68 dans
770 748 102 68 les
937 744 469 70 mutilations
1470 744 92 70 de
1627 748 67 66 la
1761 746 155 68 face

1129 971 87 28 PAR
1239 971 82 28 MM.

554 1110 48 39 L.
628 1107 641 49 ROUSSEAU-DECELLE,

524 1194 256 31 Médecin-chef
794 1196 43 28 du
854 1195 123 30 Centre
996 1196 39 29 de
1053 1195 245 40 Stomatologie

770 1249 43 29 de
813 1249 43 29 la
856 1249 72 29 12e
945 1248 131 40 région.

1540 1109 120 46 CH.
1660 1109 241 46 DUBOST,

1534 1196 213 41 Chirurgien-
1747 1196 178 41 dentiste.

513 1682 214 56 Lorsque,
763 1697 55 29 en
856 1695 124 44 1912,
1016 1683 44 43 la
1094 1685 212 43 méthode
1341 1685 54 42 de
1430 1682 214 57 Henning
1678 1682 70 43 fut
1783 1696 175 28 connue
1993 1695 55 29 en

428 1758 186 50 France,
644 1760 30 40 il
702 1760 172 42 sembla
903 1760 160 56 qu'elle
1092 1761 125 43 allait
1246 1761 336 43 révolutionner
1609 1764 129 39 toute
1767 1760 43 42 la
1838 1760 211 57 prothèse

430 1836 329 42 restauratrice.
795 1838 64 41 La
889 1850 170 41 guerre,
1093 1843 248 38 survenant
1372 1837 146 43 moins
1550 1838 53 42 de
1642 1839 119 41 deux
1792 1851 82 29 ans
1905 1838 145 55 après,

430 1911 238 54 paraissait
705 1913 168 49 devoir,
911 1928 54 28 en
1000 1913 281 57 multipliant
1316 1913 61 43 les
1412 1913 284 43 mutilations
1730 1919 45 36 et
1810 1913 62 42 les
1908 1912 143 43 défor-

430 1987 197 43 mations
650 1990 53 40 de
726 1988 42 42 la
781 1988 120 50 face,
924 1989 63 42 lui
1008 1990 152 43 ouvrir
1181 2006 61 26 un
1261 1991 165 54 champ
1455 1992 25 40 à
1512 2005 88 40 peu
1627 1992 104 53 près
1750 2003 104 29 sans
1875 1988 177 43 limites.

434 2063 75 49 Or,
536 2063 43 41 la
603 2063 141 42 vérité
770 2065 144 54 oblige
941 2067 26 40 à
991 2067 280 41 reconnaître
1296 2065 210 55 qu'après
1531 2070 160 49 quatre
1717 2066 165 41 années
1907 2065 148 42 d'hos-

434 2137 154 50 tilités,
619 2139 43 42 la
690 2141 209 54 prothèse
928 2141 225 56 plastique
1182 2144 158 52 végète
1369 2140 128 42 sinon
1527 2142 113 41 dans
1667 2140 39 42 le
1736 2140 226 49 discrédit,
1994 2142 61 40 du

435 2214 145 43 moins
606 2217 113 41 dans
743 2231 86 27 une
854 2216 291 45 indifférence
1170 2232 189 42 presque
1383 2216 217 55 générale.

522 2292 40 40 A
588 2297 102 50 part
717 2291 38 43 le
783 2293 161 42 Centre
971 2295 53 41 de
1051 2292 316 55 stomatologie
1395 2293 53 41 de
1476 2293 143 53 Lyon,
1647 2295 59 39 où
1734 2294 131 48 Pont,
1893 2291 170 56 impor-

437 2370 153 38 tateur
619 2368 54 41 de
702 2367 43 42 la
773 2369 214 42 méthode
1018 2385 54 27 en
1102 2372 184 46 France,
1317 2366 222 57 l'emploie
1568 2381 76 28 sur
1672 2382 88 27 une
1789 2381 123 29 assez
1939 2367 121 55 large

439 2442 180 50 échelle,
648 2449 44 37 et
722 2444 113 42 celui
863 2446 53 41 de
946 2446 221 56 Limoges,
1197 2450 59 39 où
1282 2458 114 29 nous
1424 2443 241 43 l'étudions
1693 2444 158 55 depuis
1878 2446 101 53 près
2008 2445 54 41 de

441 2519 199 44 dix-huit
667 2520 127 51 mois,
823 2520 81 45 elle
931 2521 115 43 n'est
1073 2526 133 51 guère
1234 2521 234 58 pratiquée
1495 2534 55 27 en
1578 2521 170 41 France
1776 2535 87 40 que
1891 2521 54 42 de
1972 2519 91 43 loin

442 2613 55 28 en
514 2597 97 44 loin
636 2599 113 42 dans
773 2598 218 56 quelques
1014 2614 121 29 rares
1158 2599 203 44 services.

530 2676 84 42 Les
629 2675 172 43 raisons
818 2677 54 42 de
889 2680 118 39 cette
1026 2677 217 42 défaveur
1257 2678 103 39 sont
1382 2670 229 56 multiples
1634 2676 44 37 et
1702 2673 176 42 d'ordre
1902 2672 161 43 divers.

445 2753 84 42 Les
549 2767 109 28 unes
679 2758 103 37 sont
804 2754 176 42 d'ordre
1000 2758 239 51 purement
1259 2748 202 55 technique
1461 2748 61 55 ;
1544 2747 201 43 d'autres
1765 2754 103 37 sont
1890 2749 177 42 d'ordre

445 2828 209 57 pratique
682 2835 45 37 et
756 2829 301 56 proviennent
1086 2830 62 41 du
1174 2826 179 48 mutilé;
1383 2824 200 43 d'autres
1611 2825 120 42 enfin
1759 2829 103 38 sont
1891 2825 177 43 d'ordre

446 2921 53 28 en
530 2905 193 56 quelque
753 2912 118 37 sorte
899 2904 352 58 psychologique
1280 2907 45 38 et
1353 2903 214 40 émanent
1596 2902 77 42 des
1701 2901 308 56 prothésistes.

538 3052 32 42 I.
607 3053 321 41 DIFFICULTÉS
961 3053 210 41 D'ORDRE
1203 3060 297 39 TECHNIQUE.
1500 3060 81 39 —
1612 3048 128 43 Faire
1772 3064 62 27 un
1864 3047 208 56 moulage

451 3128 54 41 de
528 3126 45 42 la
596 3127 111 48 face,
725 3127 299 42 reconstituer
1047 3142 55 27 en
1128 3126 85 43 cire
1237 3125 44 42 la
1304 3123 145 57 partie
1469 3128 295 51 manquante,
1781 3124 44 42 la
1847 3125 151 42 couler
2018 3139 56 28 en

451 3207 108 53 pâte
582 3205 26 41 à
630 3204 107 43 base
761 3206 55 42 de
837 3204 194 56 gélatine
1053 3208 47 38 et
1121 3203 44 42 la
1187 3206 164 39 mettre
1376 3216 55 28 en
1453 3202 127 56 place
1603 3204 27 40 à
1653 3201 133 43 l'aide
1809 3202 135 42 d'une
1966 3201 109 43 colle
