2440 3772
719 381 115 29 NOTE
865 379 83 28 SUR
977 377 78 29 LES
1083 374 240 30 APPAREILS
1352 373 28 28 A
1408 374 144 28 VOLET
1895 371 51 38 37

411 469 39 41 A
478 481 79 29 son
586 467 183 48 arrivée,
798 466 40 41 le
865 464 144 43 blessé
1034 467 68 38 est
1129 459 138 44 traité
1293 473 82 42 par
1401 459 181 56 ficelage
1611 461 62 41 du
1699 457 248 45 maxillaire

325 537 225 55 prolongé,
597 541 129 51 grâce
772 534 163 55 auquel
979 533 64 42 les
1087 530 254 43 déviations
1385 531 281 43 secondaires
1711 532 237 41 observées

328 610 113 42 dans
465 609 38 42 le
530 622 75 28 cas
629 608 241 54 précédent
896 604 128 43 n'ont
1051 616 63 42 pu
1139 615 45 28 se
1209 601 223 55 produire.

414 679 60 40 Le
504 691 54 27 10
583 678 267 54 septembre,
878 687 107 43 pose
1013 674 108 42 d'un
1148 670 199 56 appareil
1373 673 27 41 à
1426 672 136 48 volet,
1583 676 195 51 'portant
1806 685 75 28 sur
1907 670 43 42 la

328 748 125 40 bride
476 745 277 43 cicatricielle
776 745 79 54 qui
877 744 105 41 s'est
1005 743 167 41 formée
1195 754 58 28 au
1275 740 165 42 niveau
1463 743 54 40 de
1540 741 43 42 la
1605 743 197 41 branche
1823 754 127 29 mon-

329 821 128 37 tante
493 817 199 46 absente,
731 814 62 42 les
828 813 202 56 portions
1066 811 77 55 qui
1178 811 246 42 subsistent
1461 812 128 41 étant
1624 811 323 44 inaccessibles.

416 886 58 40 Le
510 884 143 42 blessé
686 888 102 49 part
824 897 54 27 en
914 882 343 42 convalescence
1293 880 107 42 d'un
1436 881 135 50 mois;
1608 883 25 40 à
1668 896 80 29 son
1783 887 166 44 retour,

328 967 113 27 nous
470 953 167 41 faisons
666 954 61 39 les
756 951 330 42 constatations
1114 951 217 41 suivantes
1331 951 44 41 :

418 1021 34 41 Il
476 1022 79 53 n'y
577 1034 26 26 a
626 1034 80 40 pas
730 1020 54 40 de
807 1020 138 41 lésion
969 1022 54 39 de
1047 1020 49 54 la
1112 1034 270 39 muqueuse;

417 1087 267 53 L'équilibre
713 1088 53 39 de
792 1087 107 41 l'arc
925 1087 327 41 mandibulaire
1279 1094 68 35 est
1374 1089 182 48 rétabli;

418 1157 63 40 La
503 1156 117 42 force
643 1156 54 42 de
720 1156 279 42 contraction
1023 1160 238 49 augmente
1285 1159 54 40 de
1360 1157 103 54 jour
1483 1173 53 27 en
1559 1159 102 53 jour
1682 1164 44 36 et
1749 1160 39 41 le
1811 1160 143 42 blessé

331 1230 107 53 peut
477 1225 248 56 mastiquer
761 1240 189 42 presque
987 1227 342 42 normalement.

419 1297 273 43 L'entretien
721 1298 54 42 de
800 1297 233 57 l'appareil
1060 1302 67 38 est
1156 1298 103 50 aisé,
1289 1299 127 42 étant
1445 1298 257 42 facilement
1729 1299 227 43 amovible

334 1383 113 45 pour
482 1369 38 43 le
559 1369 143 43 blessé
738 1369 241 44 lui-même.

423 1528 107 42 OBS.
559 1527 83 41 III.
666 1552 58 4 —
745 1525 125 56 Jules
890 1527 126 48 Bo.,
1042 1526 62 43 du
1128 1530 76 50 13e
1225 1524 216 43 bataillon
1465 1524 55 43 de
1542 1525 243 42 chasseurs.
1810 1523 151 43 Blessé

336 1597 39 43 le
400 1599 25 41 8
447 1599 95 53 juin
568 1601 123 54 1918,
717 1600 25 41 à
764 1600 159 54 Ypres,
947 1612 82 42 par
1049 1597 131 43 balle.

426 1670 89 40 Dès
535 1683 49 28 sa
602 1669 209 49 blessure,
833 1669 29 40 il
883 1669 144 43 arrive
1048 1668 26 41 à
1092 1667 299 44 l'ambulance
1411 1669 58 40 où
1489 1666 261 43 fonctionne
1768 1665 194 56 l'équipe

338 1738 361 44 maxillo-faciale
714 1740 54 42 de
783 1740 42 41 la
848 1738 75 41 18e
938 1739 170 55 Région
1124 1744 45 37 et
1188 1744 68 38 est
1282 1739 390 42 immédiatement
1695 1736 268 44 immobilisé

346 1822 54 27 en
426 1808 150 44 bonne
602 1810 196 56 position
828 1825 82 42 par
940 1810 179 55 ficelage
1152 1810 311 49 bimaxillaire,
1493 1810 106 41 d'où
1625 1822 81 43 pas
1734 1809 53 42 de
1815 1808 151 43 dévia-

344 1877 96 43 tion
484 1880 268 43 secondaire.

432 1949 56 41 Sa
510 1950 138 42 lésion
669 1955 69 38 est
761 1951 285 55 comparable
1068 1952 26 40 à
1117 1950 106 42 celle
1246 1952 54 40 de
1321 1950 323 43 l'observation
1667 1950 252 55 précédente
1919 1950 46 55 :

347 2017 193 43 fracture
577 2020 53 41 de
668 2020 160 53 l'angle
864 2021 171 53 gauche
1073 2034 107 28 avec
1217 2024 127 51 perte
1381 2021 191 46 osseuse,
1611 2020 259 42 s'étendant
1906 2020 62 41 du

346 2086 163 43 niveau
541 2089 53 41 de
626 2088 43 42 la
700 2089 232 42 deuxième
964 2089 183 42 molaire
1178 2089 171 53 gauche
1381 2102 59 29 au
1470 2090 69 41 col
1571 2091 62 40 du
1663 2089 212 56 condyle;
1907 2089 62 42 les

348 2156 130 42 dents
511 2162 101 37 sont
644 2161 259 39 conservées
935 2159 54 41 de
1021 2158 42 40 la
1094 2157 224 43 troisième
1350 2157 183 43 molaire
1566 2158 144 42 droite
1742 2161 26 40 à
1799 2159 44 41 la
1873 2172 99 40 pre-

352 2225 133 43 mière
519 2227 183 42 molaire
736 2228 184 52 gauche.

437 2297 60 41 Le
523 2306 23 42 5
570 2298 196 49 octobre,
791 2312 107 41 pose
922 2299 108 41 d'un
1054 2297 199 57 appareil
1278 2298 26 40 à
1325 2296 123 43 volet
1474 2304 185 49 portant
1683 2313 75 28 sur
1780 2299 44 41 la
1847 2299 126 42 bride

352 2365 298 51 cicatricielle;
676 2367 225 44 tolérance
926 2369 213 54 parfaite;
1165 2366 247 57 l'équilibre
1439 2368 55 41 de
1518 2368 106 42 l'arc
1649 2374 67 36 est
1741 2369 232 42 immédia-

353 2440 173 39 tement
553 2438 161 42 rétabli
740 2444 44 37 et
810 2438 44 43 la
880 2439 117 43 force
1025 2440 53 42 de
1105 2437 289 45 mastication
1421 2443 241 48 augmente
1689 2452 158 28 encore
1873 2438 102 56 plus

354 2508 281 56 rapidement
663 2524 85 40 que
777 2510 111 42 dans
914 2509 39 43 le
981 2525 74 28 cas
1082 2509 260 57 précédent;
1372 2506 215 56 quelques
1614 2508 123 53 jours
1764 2511 142 52 après,
1935 2509 40 41 le

353 2578 144 44 blessé
526 2583 109 52 peut
666 2578 92 44 être
789 2579 85 42 mis
903 2594 58 28 au
989 2580 145 55 grand
1163 2576 177 55 régime.

441 2739 80 30 Voir
537 2740 47 29 les
600 2738 160 42 légendes
776 2740 58 30 des
850 2739 158 41 planches
1024 2739 77 29 hors
1116 2740 105 33 texte,
1238 2743 85 32 page
1341 2742 48 28 42.
