2305 3898
494 426 54 41 50
887 429 55 29 LA
968 429 336 31 RESTAURATION
1331 428 407 31 MAXILLO-FACIALE

497 515 47 37 to
579 510 77 41 the
689 512 260 49 treatment,
983 525 123 30 more
1140 512 107 43 than
1247 512 65 43 a
1344 510 244 44 limitation
1622 512 45 40 of
1706 509 118 43 their
1856 511 144 48 effort,
2036 504 90 56 and

495 584 165 44 indeed
693 600 27 27 a
754 586 193 44 decision
981 594 81 37 not
1096 594 48 37 to
1180 588 129 44 allow
1342 601 213 43 recovery
1587 592 49 37 to
1670 589 108 40 take
1811 586 139 56 place.
2090 577 76 72 J

582 663 81 42 We
693 675 73 30 are
807 663 236 56 cognizant
1075 667 44 41 of
1149 666 78 43 the
1256 665 148 44 words
1439 666 45 41 of
1515 665 76 40 Dr.
1629 664 168 55 Frey:
1797 664 56 55 «
1853 664 142 55 The
2022 676 103 48 psy-
2160 672 6 18 :

496 739 278 58 chotherapy
814 742 121 43 must
978 744 56 41 be
1073 742 148 55 gentle
1262 744 91 41 and
1389 740 271 58 persuasive,
1708 752 113 42 very
1865 738 257 57 persuasive

494 815 175 50 indeed,
708 817 190 43 because
935 821 77 41 the
1048 819 175 56 patient
1259 820 81 41 has
1374 821 112 48 beep
1520 818 224 44 wounded
1778 819 91 41 and
1895 832 84 28 one
2004 818 121 44 must

494 895 187 41 succeed
722 893 46 43 in
811 895 266 56 convincing
1114 897 95 42 him
1254 897 103 41 that
1408 896 56 42 he
1508 895 82 43 has
1630 896 194 41 suffered
1861 905 65 33 no
1961 894 166 43 serious

494 969 174 56 injury;
710 971 91 42 and
839 972 186 51 further,
1061 988 49 28 as
1146 974 154 42 Andre
1327 973 199 42 Thomas
1556 986 116 41 says,
1706 986 111 29 even
1854 971 78 42 the
1970 971 158 42 doctor

495 1046 180 44 himself
703 1047 37 43 is
768 1053 81 37 not
880 1049 91 43 free
1001 1050 115 42 from
1146 1050 169 54 having
1340 1049 70 43 his
1436 1050 212 42 doubts.»
2150 1049 16 39 �

582 1125 54 41 In
675 1123 129 45 order
804 1123 87 45 to
929 1127 90 42 free
1059 1127 226 43 ourselves
1323 1127 116 41 from
1477 1126 91 42 this
1607 1127 158 49 doubt,
1806 1125 117 43 after
1960 1125 167 52 having

494 1195 356 63 unsuccessfully
896 1203 118 43 tried
1061 1204 59 42 all
1167 1203 285 56 therapeutic
1497 1217 158 30 means
1703 1203 91 50 and
1840 1201 92 43 this
1982 1212 143 43 «very

495 1280 258 54 persuasive
777 1280 332 56 psychotherapy
1109 1280 72 56 »
1203 1296 65 28 we
1292 1280 196 55 thought
1515 1280 46 41 of
1587 1279 287 57 suppressing
1898 1274 80 46 the
2002 1289 126 31 cons-

496 1356 123 43 cious
653 1371 50 28 or
735 1357 297 43 unconscious
1065 1357 89 44 will
1188 1357 46 42 of
1267 1358 78 41 the
1378 1357 178 55 patient
1590 1357 65 55 by
1687 1370 157 29 means
1879 1356 46 42 of
1959 1370 26 27 a
2017 1366 111 43 very

494 1432 150 54 gentle
678 1433 397 57 mecanotherapy,
1113 1434 79 41 the
1227 1433 151 42 action
1415 1433 45 41 of
1494 1432 147 42 which
1675 1432 103 46 will
1799 1446 134 29 occur
1969 1432 160 52 during

495 1509 78 42 the
607 1509 138 55 sleep;
781 1523 26 28 a
838 1513 257 39 treatment
1120 1509 58 41 all
1214 1509 79 42 the
1324 1521 124 30 more
1481 1509 191 42 efficient
1709 1509 118 42 since
1860 1509 36 41 it
1929 1509 36 41 is
1998 1507 131 43 aided

495 1586 62 54 by
586 1586 82 42 the
700 1579 228 49 muscular
958 1586 264 42 relaxation.

585 1663 43 40 It
661 1675 93 30 was
787 1677 26 27 a
846 1662 208 55 question
1088 1662 46 42 of
1164 1662 239 54 providing
1436 1662 78 43 the
1545 1662 177 55 patient
1755 1662 110 43 with
1898 1676 59 28 an
1989 1662 141 42 intra-

497 1739 94 41 oral
613 1743 261 52 apparatus,
898 1739 77 41 the
997 1753 151 42 power
1169 1739 45 41 of
1236 1738 146 42 which
1403 1739 151 42 would
1574 1739 56 42 be
1651 1740 150 54 gentle
1823 1739 95 43 and
1936 1739 195 56 painless

496 1815 178 55 enough
704 1819 47 38 to
784 1800 169 71 permit
997 1815 119 56 sleep
1160 1817 92 41 and
1292 1816 150 42 whose
1484 1816 270 43 continuous
1798 1817 151 42 action
1978 1815 152 45 would

496 1906 235 29 overcome
762 1892 83 43 the
884 1892 241 43 cicatricial
1167 1893 244 44 retraction
1455 1895 92 41 and
1589 1894 78 42 the
1709 1894 228 43 muscular
1966 1894 162 56 hyper-

497 1968 193 56 tonicity
713 1969 162 54 during
898 1969 78 43 the
999 1973 119 39 state
1143 1970 46 41 of
1210 1969 400 44 unconsciousness
1639 1971 46 41 of
1717 1971 79 43 the
1827 1971 178 57 patient
2037 1969 91 44 and

496 2046 78 49 the
608 2049 275 54 consequent
917 2047 227 42 muscular
1178 2046 263 43 relaxation.

575 2188 114 44 CASE
721 2186 33 39 I.
786 2210 54 5 -
925 2186 174 41 Private
1128 2189 82 39 D.
1244 2186 166 42 arrived
1441 2192 45 35 at
1519 2188 73 39 the
1621 2187 337 41 maxillo-facial
1987 2191 144 36 center

498 2253 174 51 (Doctor
693 2251 139 50 major
855 2252 240 51 Chompret,
1120 2253 110 40 head
1252 2253 44 39 of
1320 2253 74 39 the
1417 2252 172 52 service)
1615 2253 105 39 with
1744 2267 25 26 a
1792 2252 176 40 trismus
1989 2253 46 38 of
2057 2252 81 40 the.

492 2317 104 50 jaws
632 2318 37 52 (8
699 2317 243 40 millimeter
970 2318 150 39 buccal
1148 2317 196 57 opening)
1379 2320 85 38 and
1495 2331 25 27 a
1550 2317 219 53 deviation
1799 2318 53 38 of
1875 2318 73 38 the
1976 2316 152 41 mouth

492 2387 46 36 to
563 2384 74 39 the
660 2383 75 40 left
765 2383 60 51 (as
853 2396 26 26 a
901 2382 153 52 village
1083 2378 150 58 singer)
1261 2382 45 40 in
1336 2388 288 47 consequence
1648 2377 45 44 of
1716 2397 25 26 a
1766 2394 93 28 sear
1879 2395 55 26 on
1958 2381 73 40 the
2054 2382 76 38 left

491 2450 144 45 cheek,
665 2453 45 36 at
738 2449 74 40 the
837 2448 108 40 level
970 2450 84 39 and
1081 2448 44 40 in
1151 2450 115 37 front
1293 2448 44 38 of
1363 2448 75 39 the
1462 2447 190 52 condyle.

574 2514 66 40 He
668 2515 86 40 had
784 2511 241 55 previously
1056 2515 105 39 been
1203 2513 165 39 traeted
1398 2513 66 38 for
1504 2512 65 40 six
1596 2514 174 41 months
1804 2512 42 40 in
1881 2525 26 27 a
1938 2510 188 42 maxillo-

492 2579 126 41 facial
642 2584 145 35 center
813 2580 65 39 for
904 2578 66 42 his
997 2578 176 42 tlismus
1197 2578 45 38 of
1269 2578 73 38 the
1367 2577 116 49 jaws.

573 2646 305 52 Radiography
906 2647 138 40 shows
1070 2658 56 26 no
1156 2645 218 43 fractures,
1406 2653 82 28 nor
1512 2642 162 51 foreign
1702 2643 128 50 body.

572 2711 173 41 Private
773 2712 101 39 D.
874 2712 182 39 treated
1086 2710 44 40 in
1160 2710 74 39 the
1264 2720 115 29 same
1406 2718 179 30 manner
1622 2707 66 40 his
1726 2705 220 43 comrades
1982 2707 43 39 in
2056 2707 73 38 the

490 2776 123 40 clinic
634 2779 95 39 who
750 2778 86 40 had
857 2777 72 39 the
951 2789 114 31 same
1087 2773 182 47 trouble,
1293 2774 111 39 after
1423 2786 26 26 a
1469 2776 84 36 two
1574 2773 175 41 months
1769 2784 147 29 course
1936 2773 44 38 of
2000 2776 128 39 treat-

492 2845 119 35 ment
653 2843 249 51 (December
938 2852 106 42 1917
1081 2841 84 39 and
1203 2840 193 51 January
1433 2837 118 52 1918)
1592 2841 192 47 presents
1828 2851 27 26 a
1889 2831 239 47 maximum

491 2906 152 39 buccal
662 2907 183 51 opening
867 2908 45 38 of
934 2919 52 39 14
1007 2906 245 44 millimeter
1280 2904 82 51 (fig.
1390 2914 21 27 I
1438 2906 36 36 to
1498 2902 61 39 the
1581 2901 98 53 left).

572 2971 102 39 This
701 2973 149 40 buccal
878 2976 195 49 aperture
1101 2983 86 28 was
1214 2968 247 41 maintened
1491 2971 45 36 at
1562 2978 52 40 14
1634 2967 263 42 millimeters
1921 2968 66 39 for
2011 2968 117 39 three

494 3036 151 39 weeks,
658 3036 179 42 without
864 3038 71 39 the
960 3037 192 51 slightest
1173 3033 199 55 progress
1372 3033 201 55 through
1594 3033 75 40 the
1694 3033 144 40 action
1857 3033 47 39 of
1925 3033 75 39 the
2020 3032 112 40 dila-

493 3104 138 37 tators
661 3103 83 37 and
776 3102 73 40 the
880 3102 138 42 active
1045 3098 350 53 mecanotherapy
1395 3098 275 53 advocated
1706 3099 60 50 by
1798 3100 74 38 Dr.
1907 3097 222 49 Kouindjy

491 3166 86 42 and
611 3164 87 41 also
727 3167 65 49 by
810 3168 73 40 the
913 3172 35 39 «
948 3172 108 39 most
1078 3166 244 58 persuasive
1353 3163 389 54 psychotberapy)).

572 3233 58 39 At
657 3230 85 40 this
768 3231 104 42 time
898 3234 84 39 and
1007 3235 141 39 before
1172 3234 74 40 the
1266 3240 261 44 appearance
1548 3231 144 39 before
1719 3243 25 26 a
1769 3229 219 52 discharge
2015 3241 111 30 com-

488 3292 150 49 mittee
663 3298 92 40 who
784 3297 123 40 settle
933 3300 72 38 the
1024 3300 94 48 fate
1142 3299 44 39 of
1212 3299 73 39 the
1309 3295 179 54 patient,
1519 3295 61 40 we
1580 3295 125 40 take
1731 3308 53 27 an
1810 3294 249 53 impression
2084 3292 46 41 of
