2481 3853
589 607 388 64 Disinsertion
1028 615 71 58 of
1139 639 74 37 an
1266 621 261 56 external
1582 618 411 79 pterygoidian

878 770 60 44 to
985 760 231 60 obviate
1262 779 61 42 to
1370 784 33 36 a
1449 762 247 58 trismus

715 900 387 78 complicated
1143 906 77 79 by
1262 927 31 37 a
1336 906 202 58 lateral
1579 905 291 60 deviation

876 1109 68 55 By
980 1106 314 50 DIEULAFE
1330 1115 90 42 and
1456 1115 253 42 ACHAIU)

762 1196 138 37 (Center
924 1199 38 30 of
983 1201 253 31 niaxillo-lacinl
1262 1213 137 30 surgcrv
1424 1203 39 30 of
1484 1204 56 30 the
1569 1203 73 39 17th
1670 1203 160 39 District).

571 1600 69 41 On
668 1616 26 26 a
721 1602 176 54 patient
926 1607 100 41 who
1052 1608 90 42 had
1170 1610 186 54 already
1382 1609 113 42 been
1519 1608 217 55 operated
1755 1621 60 28 on
1839 1608 68 41 for
1930 1606 181 43 various

486 1676 254 53 projectiles
758 1679 176 45 located
951 1683 45 42 in
1013 1685 77 42 the
1112 1686 308 49 masseterian,
1441 1684 126 43 nasal
1586 1684 91 42 and
1691 1684 422 56 pterygo-maxillar

484 1751 187 54 regions,
691 1755 62 54 by
776 1758 275 54 application
1074 1764 47 40 of
1142 1778 81 27 our
1244 1763 129 42 usual
1395 1762 189 43 method
1606 1762 67 42 for
1694 1763 78 40 the
1795 1766 249 38 treatment
2068 1762 45 40 of

484 1829 78 41 the
593 1830 183 44 trismus
812 1834 217 58 (massage
1062 1841 91 41 and
1183 1840 189 55 gradual
1405 1838 259 55 dilatation)
1700 1853 64 28 we
1804 1839 155 49 found,
1995 1839 117 42 after

488 1906 314 45 amelioration
837 1912 45 40 of
909 1913 75 42 the
1016 1914 198 53 trismus,
1248 1932 26 27 a
1300 1917 82 42 left
1412 1915 160 42 lateral
1606 1915 233 42 deviation
1869 1916 113 41 with
2012 1929 100 41 pro-

485 1984 190 54 pulsion.

574 2061 93 42 The
699 2063 192 54 patient,
914 2081 100 27 now
1044 2069 133 56 being
1208 2071 100 42 able
1339 2075 49 37 to
1420 2083 116 42 open
1569 2069 125 55 quite
1725 2070 97 42 well
1854 2069 68 42 his
1952 2070 162 41 mouth

488 2139 90 41 and
615 2140 157 43 obtain
809 2156 27 28 a
872 2158 110 42 very
1019 2148 290 53 pronounced
1346 2147 250 56 expansion
1634 2148 44 40 of
1716 2147 78 42 the
1831 2152 92 37 two
1960 2145 155 43 dental

488 2216 197 50 arcades,
723 2218 203 45 couldn't
962 2237 91 41 any
1086 2239 123 29 more
1250 2224 131 55 bring
1423 2223 69 43 his
1534 2224 125 43 teeth
1703 2224 221 55 together,
1962 2223 92 42 had
2088 2237 27 27 a

487 2293 222 44 defective
755 2296 225 45 occlusion
1026 2302 91 41 and
1163 2302 240 55 presented
1448 2302 255 54 externally
1748 2316 58 27 an
1854 2299 260 56 ungraceful

487 2369 315 46 deformation.

575 2448 115 42 How
721 2450 133 43 could
893 2453 89 42 this
1021 2455 235 44 abnormal
1290 2454 274 43 anatomical
1599 2460 119 37 state
1752 2455 54 42 be
1846 2452 266 56 explained?

572 2525 92 43 The
688 2541 209 41 presence
922 2531 44 41 of
989 2532 77 42 the
1089 2532 255 55 projectiles
1369 2531 45 42 in
1440 2532 77 42 the
1545 2530 152 57 region
1722 2532 43 40 of
1797 2532 76 41 the
1905 2531 81 51 5th
2019 2529 98 56 pair

486 2602 46 40 of
570 2617 158 30 nerves
767 2607 282 44 determined
1087 2610 78 42 the
1205 2610 207 47 trismus;
1454 2609 118 41 their
1611 2608 256 42 extraction
1907 2607 91 42 and
2038 2607 78 41 the

486 2680 278 44 mechanical
800 2688 248 40 treatment
1084 2687 137 42 cured
1256 2685 92 43 this
1383 2685 198 41 trismus.

573 2757 93 63 The
666 2757 375 63 (disappearance
1065 2777 49 27 or
1136 2764 153 42 rather
1309 2763 79 41 the
1428 2762 314 42 amelioration
1765 2762 44 40 of
1832 2761 78 42 the
1932 2760 185 43 trismus

488 2844 112 30 were
632 2834 205 44 followed
868 2839 62 53 by
960 2838 158 43 lateral
1151 2838 233 44 deviation
1417 2838 44 40 of
1492 2838 79 41 the
1602 2837 134 42 lower
1778 2837 186 42 maxilla
2004 2836 112 43 with

488 2909 260 54 propulsion
785 2915 45 40 of
865 2915 77 41 the
978 2916 209 43 maxillar
1222 2915 217 44 forwards
1476 2915 90 41 and
1602 2919 48 36 to
1686 2914 78 42 the
1800 2913 94 43 left.
1992 2914 61 42 As
2089 2929 26 26 a

488 2997 306 45 consequence
826 3005 26 28 a
882 2993 92 41 bad
1005 2994 226 42 occlusion
1263 2992 212 44 resulted.
1566 2992 95 42 The
1692 2991 159 43 lateral
1884 2991 233 43 deviation

491 3062 133 42 could
659 3067 106 55 only
798 3068 55 43 be
889 3084 104 28 seen
1029 3071 117 43 after
1179 3072 78 42 the
1295 3069 194 57 opening
1526 3069 45 42 of
1606 3069 78 42 the
1720 3069 163 42 mouth
1918 3069 92 42 and
2040 3068 77 42 the

490 3139 371 48 desarticulation
901 3147 45 41 of
985 3148 77 41 the
1101 3149 140 42 teeth.
1341 3147 215 54 Through
1590 3146 168 44 careful
1793 3147 139 53 study
1964 3147 45 41 of
2039 3146 78 41 the

491 3222 284 39 movements
813 3222 44 39 of
895 3224 77 41 the
1010 3224 314 44 articulations
1363 3225 49 41 of
1445 3224 78 42 the
1561 3223 441 56 temporo-maxillae
2040 3223 78 41 the

487 3293 222 59 integrity
735 3294 44 40 of
806 3296 124 44 these
957 3301 314 43 articulations
1298 3301 92 42 and
1417 3301 45 41 of
1488 3301 78 42 the
1593 3300 281 42 constituent
1901 3299 218 43 elements
