2392 3940
454 463 191 52 58
645 463 255 52 LA
923 474 336 35 RESTAURATION
1284 466 405 41 MAXILLO-FACIALE

545 557 117 43 Slide
686 559 25 41 6
732 557 36 43 is
791 564 246 42 connected
1058 568 46 38 to
1128 565 77 43 the
1227 566 117 41 back
1365 565 47 41 of
1433 563 78 43 the
1534 577 132 28 same
1679 567 152 49 gutter
1852 563 69 54 by
1921 563 162 54 means
2184 560 14 47 1

459 635 46 41 of
530 634 232 43 extension
789 635 38 50 6,
854 639 132 42 made
1012 642 46 40 of
1083 643 76 42 the
1187 646 121 37 same
1333 641 104 43 wire
1464 641 91 41 and
1578 640 46 41 in
1650 640 78 40 the
1744 637 131 44 same
1895 652 188 29 manner

459 725 48 28 as
528 711 230 43 extension
783 725 64 42 19,
870 716 90 41 and
980 719 215 42 attached
1214 723 47 37 to
1283 719 77 41 the
1381 722 152 49 gutter
1552 717 70 54 by
1622 717 166 54 means
1810 717 45 41 of
1870 717 120 42 shaft
2015 728 65 42 17.

548 827 419 53 SUPPLEMENTARY
998 852 273 31 APPARATUS
1314 842 167 55 (above,
1519 841 166 55 sliding
1718 842 151 52 table).
1906 840 59 42 -
1965 840 119 42 The

400 913 11 5 -
462 913 126 42 teeth
614 914 47 41 of
687 915 77 41 the
791 915 119 56 right
937 918 225 55 fragment
1188 918 151 42 would
1363 921 83 38 not
1473 917 172 43 occluse
1673 918 111 42 with
1802 919 77 41 the
1905 928 179 46 uppers,

462 989 145 55 owing
631 994 46 38 to
704 992 76 43 the
807 992 320 56 displacement
1153 996 46 41 of
1223 994 90 44 this
1338 995 224 55 fragment
1587 997 195 41 towards
1808 996 76 42 the
1904 995 180 42 median

1221 2398 78 40 FIG.
1299 2398 48 40 5.

476 2560 102 52 line,
607 2563 91 42 and
724 2561 89 44 this
839 2557 197 48 resulted
1060 2563 45 42 in
1133 2563 77 43 the
1237 2562 224 54 fragment
1488 2560 133 55 being
1647 2561 228 57 displaced
1893 2561 208 57 upwards

474 2640 197 42 towards
699 2640 78 43 the
805 2640 187 57 palatial
1021 2640 141 42 vault.

563 2717 53 42 In
637 2719 130 51 order
785 2722 47 37 to
853 2718 134 42 lower
1006 2717 89 42 this
1117 2719 224 53 fragment
1362 2715 90 41 and
1472 2718 47 37 to
1540 2714 223 56 maintain
1782 2715 36 41 it
1839 2721 48 37 at
1909 2730 26 28 a
1948 2715 154 55 height

476 2792 147 44 which
653 2795 151 43 would
835 2795 129 43 allow
996 2795 78 42 the
1106 2794 127 43 teeth
1264 2796 48 37 to
1346 2805 104 42 pass
1481 2790 195 43 without
1707 2792 133 55 being
1856 2792 251 42 brindercd

478 2870 63 53 by
564 2871 76 43 the
662 2880 142 48 tipper
827 2874 136 49 teeth,
990 2872 160 56 during
1172 2872 77 41 the
1273 2868 259 57 expansion,
1558 2882 26 28 a
1600 2867 235 57 vulcanity
1857 2873 246 53 apparatus

478 2946 109 42 with
617 2963 26 27 a
672 2950 251 43 horizontal
952 2951 132 56 plane
1114 2949 168 54 having
1312 2962 27 27 a
1370 2947 82 42 flat
1483 2946 172 42 surface
1683 2946 136 55 (fig.3)
1852 2961 93 28 was
1971 2946 135 42 made

481 3038 58 28 on
565 3025 78 43 the
669 3041 143 42 upper
837 3028 199 52 maxilla,
1064 3042 47 28 so
1141 3025 212 57 designed
1379 3025 103 40 that
1508 3023 130 41 when
1665 3024 78 41 the
1768 3024 163 41 mouth
1954 3023 148 49 closes,

481 3102 76 42 the
582 3105 135 55 upper
717 3105 137 55 edge
879 3106 47 41 of
950 3106 75 41 the
1050 3105 225 54 fragment
1299 3106 47 37 to
1372 3102 55 40 be
1452 3100 239 55 expanded
1710 3099 40 43 is
1774 3101 90 41 free
1878 3101 118 41 from
2016 3112 90 41 any

480 3182 185 55 contact
692 3193 49 27 or
767 3180 178 57 locking
973 3183 44 41 of
1045 3171 79 53 the
1151 3194 144 43 upper
1321 3177 140 43 teeth.

570 3255 107 46 This
706 3263 246 49 apparatus
982 3257 279 45 constituted
1290 3270 27 27 a
1345 3254 162 55 sliding
1535 3254 123 42 table
1687 3254 158 65 which,
1872 3254 129 42 when
2030 3253 79 42 the

482 3337 163 47 mouth
672 3346 91 30 was
790 3334 118 51 shut,
929 3336 158 58 placed
1114 3335 77 46 the
1219 3348 132 43 cusps
1376 3332 49 43 of
1452 3332 77 43 the
1556 3331 124 44 teeth
1708 3332 47 42 of
1781 3331 77 43 the
1881 3331 225 55 fragment
