2556 3847
491 402 52 29 10
880 402 55 28 LA
960 403 333 32 RESTAURATION
1318 405 404 34 MAXILLO-FACIALE

579 481 36 41 Il
640 485 68 38 est
735 481 182 44 évident
943 498 87 41 que
1054 484 44 44 la
1122 486 178 44 solidité
1325 492 45 39 et
1395 487 44 43 la
1464 490 135 43 durée
1624 495 103 38 sont
1754 491 78 41 des
1856 486 256 44 conditions

491 557 271 44 essentielles
785 563 45 39 et
853 558 355 59 indispensables
1232 566 76 42 des
1332 566 223 56 appareils
1579 569 54 41 de
1655 568 212 55 prothèse
1890 564 224 43 fonction-

491 634 134 50 nelle;
651 635 115 43 mais
789 636 29 40 il
842 636 104 43 n'en
970 642 68 38 est
1063 654 81 41 pas
1169 643 53 41 de
1247 643 146 42 même
1419 645 113 41 dans
1556 644 62 43 les
1643 658 74 28 cas
1743 642 77 57 qui
1843 655 115 29 nous
1983 655 130 28 occu-

492 716 124 52 pent,
636 715 58 40 où
713 712 43 42 la
775 713 207 55 question
1001 715 287 57 primordiale
1307 723 67 39 est
1394 721 55 42 de
1467 720 186 43 rétablir
1669 719 289 57 l'esthétique
1978 719 135 42 d'une

493 788 132 52 façon
645 789 119 43 aussi
784 790 192 56 parfaite
996 808 86 40 que
1102 795 209 56 possible,
1333 809 75 30 car
1427 796 109 45 c'est
1557 797 26 43 à
1602 802 119 40 cette
1741 796 234 45 condition
1993 795 121 43 seule

495 879 85 42 que
605 865 38 44 le
667 866 159 43 mutilé
851 872 180 52 portera
1054 885 50 28 sa
1127 874 211 55 prothèse
1366 873 60 56 (1).

1108 2514 72 31 FlG.
1200 2514 50 38 4.
1250 2514 33 38 -
1283 2514 137 38 Soldat
1435 2515 82 31 W.

589 2670 75 49 Or,
701 2684 174 31 aucune
910 2679 129 39 autre
1074 2676 218 55 prothèse
1318 2690 56 27 ne
1409 2678 111 52 peut
1554 2676 95 41 être
1683 2673 112 43 mise
1830 2688 55 28 en
1919 2672 212 56 parallèle

505 2758 109 30 avec
646 2746 63 44 les
742 2750 222 55 appareils
998 2754 26 41 à
1056 2752 108 43 base
1198 2753 55 42 de
1285 2750 211 57 gélatine,
1532 2764 75 28 car
1640 2749 121 44 aussi
1794 2748 338 57 remarquables

505 2821 288 54 soient-elles)
825 2826 104 44 elles
961 2832 264 52 présentent
1258 2828 210 54 toujours
1500 2842 63 27 un
1596 2826 134 57 triple
1763 2826 159 43 défaut
1955 2839 105 29 sous
2093 2825 41 42 le

506 2905 187 51 rapport
719 2904 54 41 de
797 2903 44 42 la
865 2905 296 52 consistance,
1189 2908 55 42 de
1269 2906 43 42 la
1337 2911 321 48 transparence
1683 2908 45 39 et
1755 2905 54 42 de
1834 2903 296 43 l'adhérence.

592 2979 166 44 Tandis
795 2995 86 41 que
917 2981 39 43 le
992 2997 81 29 nez
1109 2999 55 28 en
1200 2987 107 54 pâte
1344 2981 226 59 plastique
1606 2987 68 38 est
1710 2981 171 57 souple,
1918 2980 212 49 rénitent,

569 3092 41 37 (1)
628 3091 26 31 11
670 3103 41 20 ne
729 3093 72 31 faut
817 3104 58 30 pas
890 3095 226 32 s'illusionner
1132 3107 54 20 sur
1201 3100 31 28 le
1249 3102 71 26 sort
1346 3098 40 30 de
1412 3097 32 30 la
1470 3096 136 40 plupart
1629 3097 58 29 des
1708 3105 61 21 nez
1787 3105 41 21 en
1846 3095 170 31 vulcanite
2034 3105 44 20 ou
2094 3105 42 20 en

508 3136 100 31 métal
625 3141 105 37 peint.
750 3141 91 30 Nous
856 3152 105 20 avons
977 3153 42 20 eu
1035 3144 178 31 l'occasion
1229 3146 206 30 d'examiner
1451 3144 166 40 plusieurs
1632 3142 126 31 blessés
1774 3141 174 43 présentés
1965 3143 124 30 devant
2104 3143 32 30 la

510 3182 221 35 Commission
749 3189 40 30 de
807 3189 146 30 réforme
983 3194 34 26 et
1044 3193 162 38 auxquels
1234 3193 21 29 il
1284 3194 92 28 avait
1403 3190 54 31 été
1488 3190 128 31 délivré
1647 3192 40 29 de
1716 3191 202 30 semblable;
1947 3190 188 40 prothèses.

512 3230 115 30 Aucun
644 3233 97 31 d'eux
755 3246 40 20 ne
812 3238 68 29 s'en
897 3239 141 33 servait;
1058 3239 48 30 les
1122 3250 59 19 uns
1197 3240 172 39 préférant
1389 3244 113 35 porter
1520 3239 233 30 franchement
1775 3249 64 19 une
1856 3239 194 29 mutilation
2065 3238 73 40 glo-

511 3277 119 39 rieuse,
649 3279 47 30 les
711 3287 109 26 autres
836 3295 33 20 se
887 3289 196 27 contentant
1100 3286 41 30 de
1159 3287 29 29 la
1207 3287 188 30 dissimuler
1410 3296 77 20 sous
1504 3296 43 20 un
1563 3287 119 39 simple
1699 3286 167 39 bandage.
