2502 3810
1088 251 74 60 II
1162 251 49 60 -
1211 251 49 60 1
1260 251 49 60 -
1309 251 126 60 1919

398 340 845 66 J
1243 340 845 66 —

718 418 242 78 UNE
1024 424 783 92 EXCELLENTE

468 576 412 151 DENT
880 576 412 151 BON
1376 588 677 173 MARCHE

632 826 200 106 pour
876 806 296 116 travail
1224 820 92 104 Oe
1374 820 519 116 Caoutchouc

1039 1031 114 48 est
1203 1027 57 53 la
1309 1033 176 53 Dent

528 1120 1456 289 "CASCO"

468 1487 76 61 de
586 1490 186 66 ASH
822 1502 33 57 à
882 1523 341 61 crampons
1252 1513 427 74 uniquement
1710 1518 344 78 composés

466 1598 81 60 de
587 1603 256 70 métaux
883 1615 328 76 précieux.

561 1709 144 65 Elle
745 1731 98 47 est
883 1721 80 62 de
991 1723 59 62 la
1078 1726 206 80 même
1312 1728 173 79 pâte,
1517 1729 240 63 mêmes
1791 1743 260 69 teintes,

466 1819 237 65 formes
744 1839 65 49 et
836 1831 401 70 dimensions
1266 1858 132 61 que
1436 1838 60 61 la
1534 1839 158 63 dent
1734 1841 83 63 de
1856 1846 192 62 ASH

466 1936 29 51 à
537 1952 338 64 crampons
917 1945 82 60 de
1036 1948 271 77 platine.
1336 1983 61 11 -
1439 1949 76 85 Se
1515 1949 153 85 fait
1700 1975 70 41 en
1811 1956 243 65 bouches

463 2039 75 60 du
577 2041 142 65 haut
751 2057 56 52 et
841 2056 77 57 du
958 2055 119 62 bas.

1047 2213 349 60 PRIX
1449 2233 26 41 5

1074 2342 87 36 Par
1186 2340 94 40 500
1402 2342 93 47 Par
1495 2342 163 47 1,000
1796 2348 89 39 Par
1908 2350 145 41 2.500

465 2381 60 37 La
553 2385 120 47 pièce
794 2391 58 38 Le
879 2393 90 39 100
1111 2400 39 36 le
1171 2397 88 39 100
1463 2402 43 36 le
1533 2402 86 38 100
1847 2408 40 38 le
1915 2411 90 39 100

486 2470 34 84 1
520 2470 68 84 fr.
588 2470 68 84 75
812 2480 69 84 135
881 2480 87 84 fr.
1060 2488 78 80 132
1138 2488 78 80 fr.
1216 2488 79 80 50
1454 2490 72 82 130
1526 2490 91 82 fr.
1736 2500 132 78 185
1868 2500 133 78 fr.

752 2759 198 55 EnVoi
985 2768 76 50 de
1097 2769 183 51 choix
1315 2785 111 35 sur
1463 2771 302 53 demande

520 2876 366 104 Claudius
946 2884 186 105 ASH
1194 2892 202 101 Sons
1456 2894 68 100 &
1592 2894 158 120 Co.,
1814 2896 160 106 Lid.

692 3025 193 62 PARIS,
923 3029 76 61 12,
1030 3048 87 36 rue
1150 3038 81 65 de
1231 3038 271 65 Hanovre,
1535 3042 73 63 12,
1640 3043 177 51 PARIS

633 3159 175 50 LYON
1124 3172 389 57 MARSEILLE
1674 3180 322 55 BORDEAUX

457 3259 65 37 Rue
541 3257 41 38 du
601 3254 165 40 Président
786 3256 127 45 Carnot,
933 3259 52 38 12.
1167 3266 74 40 Rue.
1251 3269 166 47 Moustier,
1436 3273 36 38 4.
1639 3275 68 38 Rue
1732 3276 234 47 Vital-Caries,
1995 3281 55 36 19.

621 3319 72 38 M
718 3315 95 37 40.03
1232 3329 72 38 iRgg
1324 3331 91 41 26-67
1751 3338 72 37 "6,
1842 3336 99 33 35.58

388 3364 867 126 S
1255 3364 867 126 —
