2391 3856
438 457 52 39 24
830 454 57 29 LA
911 454 337 32 RESTAURATION
1273 452 405 33 MAXILLO-FACIALE

441 537 78 42 des
550 535 217 43 éléments
797 537 326 53 constituants;
1155 538 63 44 les
1248 534 336 59 radiographies
1614 534 281 43 montrèrent
1925 529 145 44 l'inté-

441 611 116 57 grité
591 613 77 42 des
702 612 174 56 régions
911 627 200 32 osseuses
1144 613 461 56 sous-condyliennes.

532 690 65 40 La
629 689 269 55 pathogénie
932 693 53 41 de
1018 697 118 38 cette
1170 691 267 57 disposition
1469 687 295 55 anatomique
1797 701 55 27 ne
1885 682 189 59 pouvait

446 765 118 43 tenir
603 780 87 41 que
731 767 112 42 dans
881 767 130 44 l'état
1051 770 61 41 du
1152 768 167 44 muscle
1360 765 315 59 ptérygoïdien
1714 767 185 39 externe
1941 759 134 44 droit.

448 842 489 58 Physiologiquement,
975 861 55 27 en
1066 848 120 48 effet,
1225 845 109 43 c'est
1370 844 44 42 la
1449 841 284 45 contraction
1769 839 133 44 isolée
1939 840 54 42 de
2029 851 49 28 ce

447 919 168 44 muscle
648 922 78 57 qui
754 921 121 45 seule
906 927 111 52 peut
1048 923 209 58 produire
1290 936 72 29 ces
1393 920 256 45 déviations
1680 921 62 42 du
1772 915 249 46 maxillaire
2053 915 26 40 à

449 998 171 55 gauche
649 1004 45 39 et
722 1014 56 29 en
808 1005 154 39 avant.

538 1077 81 43 Ces
654 1077 254 44 déviations
943 1079 170 44 étaient
1149 1079 308 57 persistantes,
1495 1075 200 45 difficiles
1731 1074 26 42 à
1792 1071 175 45 réduire
2002 1084 83 43 par

454 1156 77 41 des
562 1154 222 54 pressions
814 1156 246 42 manuelles
1091 1171 75 28 sur
1195 1156 38 43 le
1265 1154 248 45 maxillaire
1544 1153 211 42 inférieur
1785 1157 45 36 et
1861 1164 45 28 se
1938 1161 147 42 repro-

454 1230 224 45 duisaient
698 1234 76 43 dès
793 1232 43 44 la
854 1233 222 44 cessation
1097 1236 52 41 de
1170 1247 70 30 ces
1259 1232 237 58 pressions.
1518 1230 254 43 L'attitude
1791 1228 295 56 permanente

456 1308 113 45 ainsi
601 1311 213 44 observée
847 1312 153 44 devait
1033 1312 119 44 tenir
1184 1312 26 41 à
1242 1327 63 28 un
1339 1313 95 41 état
1467 1307 324 59 pathologique
1826 1307 63 42 du
1919 1301 168 44 muscle

455 1386 236 52 intéressé;
731 1389 32 41 il
803 1389 146 42 fallait
991 1405 87 40 que
1119 1404 49 29 ce
1210 1387 169 45 muscle
1422 1386 70 42 fût
1535 1384 302 47 contracturé,
1880 1381 208 47 rétracté,

458 1464 188 44 sclérosé
670 1480 114 43 pour
810 1481 87 42 que
922 1466 62 44 les
1010 1466 254 44 déviations
1289 1464 202 57 puissent
1519 1477 44 28 se
1590 1460 209 59 produire
1824 1464 46 37 et
1895 1472 45 29 se
1965 1458 125 41 fixer.

460 1542 65 40 La
549 1541 317 44 continuation
890 1545 62 41 du
974 1543 264 44 traitement
1262 1540 266 56 mécanique
1553 1540 62 42 du
1636 1537 186 45 trismus
1844 1532 250 46 n'amenait

462 1617 101 56 plus
603 1632 174 30 aucune
816 1619 327 50 amélioration.

552 1695 73 49 Or,
648 1695 38 43 le
706 1696 101 55 plus
826 1696 251 57 important
1099 1700 77 41 des
1195 1695 255 58 projectiles
1471 1708 86 42 que
1577 1706 114 29 nous
1720 1690 158 44 avions
1905 1687 192 44 extraits

467 1770 125 43 avait
622 1774 72 40 été
720 1774 90 41 fixé
837 1775 113 42 dans
976 1774 41 42 le
1045 1774 167 44 muscle
1241 1772 313 59 ptérygoïdien
1582 1775 185 37 externe
1788 1766 132 51 droit,
1943 1769 155 39 contre

467 1862 50 29 sa
551 1848 97 44 face
679 1850 265 49 antérieure,
974 1853 112 43 dans
1113 1847 46 48 le
1190 1852 229 55 voisinage
1455 1851 54 42 de
1544 1863 81 29 son
1659 1845 217 45 insertion
1909 1843 193 57 sphéno-

470 1927 384 56 ptérygoïdienne.
883 1930 66 41 La
973 1932 209 53 présence
1210 1932 53 42 de
1291 1944 47 28 ce
1366 1927 231 58 projectile
1625 1925 123 43 avait
1777 1922 326 45 certainement

469 2004 99 41 créé
592 2005 77 42 des
692 2004 161 44 lésions
877 2006 239 45 scléreuses
1139 2012 45 38 et
1209 2005 249 45 rétractiles
1482 2018 110 29 avec
1617 2005 95 40 état
1737 2003 54 42 de
1816 2003 288 40 contracture

471 2080 63 41 du
572 2079 181 44 muscle.
796 2082 80 42 Ces
914 2081 161 45 lésions
1113 2099 46 28 se
1207 2081 300 45 traduisaient
1553 2095 82 41 par
1678 2078 43 43 la
1768 2075 272 60 production
2080 2074 28 43 à

468 2156 131 43 l'état
621 2164 268 49 permanent
913 2161 78 42 des
1013 2160 254 44 déviations
1290 2159 78 56 qui
1390 2163 103 38 sont
1516 2157 39 43 le
1578 2156 83 42 fait
1686 2157 54 42 de
1762 2155 44 42 la
1827 2150 279 61 physiologie

473 2235 146 42 même
654 2235 62 42 du
749 2235 168 45 muscle
951 2237 230 43 considéré
1216 2238 24 41 à
1274 2236 129 43 l'état
1438 2237 53 42 de
1526 2232 285 45 contraction
1843 2230 146 44 isolée.
2027 2229 81 42 Ces

475 2312 306 43 contractions
805 2329 55 27 ne
885 2320 201 51 peuvent
1110 2330 82 42 pas
1216 2329 46 28 se
1286 2312 211 58 produire
1521 2316 103 40 tant
1651 2325 87 43 que
1763 2309 62 43 les
1850 2310 132 42 dents
2006 2309 106 40 sont

474 2392 166 41 serrées
661 2404 104 30 sous
786 2390 184 46 l'action
991 2394 77 42 des
1090 2392 191 44 muscles
1303 2390 214 50 élévateurs
1517 2390 59 50 ;
1599 2390 54 42 de
1675 2390 146 42 même
1843 2386 44 42 la
1906 2390 207 38 contrac-

476 2472 101 40 ture
603 2483 56 29 ne
684 2482 46 30 se
755 2469 281 44 manifestait
1063 2485 81 40 pas
1171 2474 102 39 tant
1301 2482 87 43 que
1414 2468 39 43 le
1479 2468 185 43 trismus
1690 2464 207 52 existait;
1922 2462 126 57 guéri
2073 2462 39 43 le

477 2544 199 51 trismus,
704 2546 103 44 finie
834 2546 44 43 la
903 2548 148 43 bonne
1079 2547 239 47 occlusion,
1347 2545 44 42 la
1416 2548 288 40 contracture
1731 2556 111 30 avec
1867 2539 245 46 rétraction

481 2624 61 41 du
581 2624 167 42 muscle
788 2624 314 57 ptérygoïdien
1141 2628 184 39 externe
1364 2621 295 57 l'emportant
1699 2633 75 28 sur
1812 2617 185 45 l'action
2037 2617 78 42 des

482 2701 325 53 antagonistes,
840 2718 59 28 on
932 2702 64 44 vit
1032 2718 44 27 se
1109 2700 210 58 produire
1353 2699 43 42 la
1428 2697 409 45 latéro-déviation.

572 2776 45 44 Si
640 2783 129 49 poire
793 2780 269 55 conception
1088 2776 336 59 pathogénique
1449 2775 113 44 était
1589 2774 103 42 bien
1717 2777 173 45 exacte,
1918 2771 30 43 il
1972 2770 146 44 fallait

486 2867 87 41 que
614 2853 43 42 la
698 2856 222 44 cessation
963 2858 54 42 de
1059 2856 44 42 la
1144 2857 287 40 contracture
1475 2853 61 40 du
1577 2849 314 57 ptérygoïdien
1933 2852 186 39 externe

488 2928 118 43 droit
637 2935 207 40 ramenât
875 2934 44 41 la
949 2932 226 45 mâchoire
1207 2929 237 46 inférieure
1476 2931 27 40 à
1535 2942 81 29 son
1648 2928 96 41 état
1778 2925 264 56 d'équilibre
2075 2928 45 39 et

489 3004 44 42 la
559 3004 118 54 ligne
706 3008 272 45 d'occlusion
1007 3010 203 43 dentaire
1238 3009 27 41 à
1293 3022 81 29 son
1404 3009 96 40 état
1528 3003 189 46 normal.

579 3080 117 46 C'est
729 3084 112 45 ainsi
872 3101 87 41 que
990 3101 114 30 nous
1134 3089 154 42 eûmes
1319 3084 129 43 l'idée
1481 3084 54 42 de
1566 3082 237 57 pratiquer
1831 3080 43 44 la
1906 3080 217 44 désinser-

491 3162 98 44 tion
618 3159 54 43 de
698 3159 272 49 l'extrémité
996 3164 298 57 condylienne
1322 3164 56 42 de
1404 3176 49 29 ce
1481 3159 182 46 muscle.

582 3236 128 47 Voici
742 3237 132 45 l'acte
908 3242 252 55 opératoire
1183 3257 7 27 :

583 3320 113 46 Sous
730 3316 250 47 anesthésie
1014 3319 378 60 chloroformique
1426 3322 45 38 et
1506 3318 130 54 après
1670 3313 246 47 résolution
1950 3326 178 31 muscu-
