2529 3868
474 398 48 42 16
859 408 55 28 LA
939 409 333 31 RESTAURATION
1300 410 404 30 MAXILLO-FACIALE-

475 496 45 42 in
560 495 192 55 practice
791 510 26 26 a
853 496 63 41 lot
955 498 45 40 of
1038 498 251 43 difficulties
1327 514 72 28 arc
1438 500 302 42 encountered
1777 497 146 42 which
1960 496 138 42 result

476 572 46 42 in
558 571 299 43 unavoidable
892 573 260 58 misgivings
1189 577 113 42 from
1341 577 77 42 the
1455 576 97 43 first
1589 579 235 51 attempts,
1864 574 92 41 and
1991 572 36 41 it
2064 571 36 42 is

479 649 123 54 quite
624 649 179 42 natural
824 650 101 42 that
948 652 116 41 after
1083 667 140 42 many
1244 654 304 42 unsuccessful
1570 653 154 42 efforts
1746 665 83 27 one
1852 650 35 41 is
1909 649 194 42 inclined

476 729 48 38 to
562 726 209 41 abandon
808 726 89 42 this
932 729 198 43 method.

564 803 119 42 Here
707 802 36 43 is
767 817 27 27 a
818 805 269 55 description
1111 807 46 41 of
1181 808 76 42 the
1283 806 175 43 technic
1482 805 146 42 which
1650 819 66 28 we
1730 805 116 42 have
1871 804 183 55 adopted
2054 804 46 55 :

565 879 42 54 a)
642 879 194 55 Making
872 881 65 42 the
975 886 130 51 paste.
1178 886 80 41 We
1298 898 77 28 use
1406 897 27 27 a
1465 882 193 42 formula
1683 881 205 55 differing
1918 880 185 54 slightly

479 957 115 42 from
630 958 61 40 Dr
726 959 155 43 Pont's
915 961 191 42 formula
1141 963 90 41 and
1266 961 166 43 similar
1466 966 48 37 to
1549 961 77 42 the
1661 975 84 28 one
1779 959 230 42 indicated
2042 958 63 53 by

483 1034 128 44 Linet
640 1035 45 42 in
714 1050 83 29 one
826 1038 45 40 of
900 1039 76 42 the
1004 1041 212 41 numbers
1246 1040 45 41 of
1320 1040 77 41 the
1428 1039 165 42 Dental
1621 1038 171 42 Annals
1821 1037 45 42 of
1898 1044 123 43 1915.

641 1164 969 44 Gelatine.
1701 1176 53 39 50
1791 1177 152 39 grams.

641 1229 374 51 Glycerine
1679 1239 79 41 150
1840 1252 51 6 —

644 1294 488 42 Kaolin.
1175 1310 441 28 1
1706 1304 51 40 25
1840 1318 55 4 —

634 1362 982 41 Water.
1680 1370 80 39 150
1840 1382 55 5 —

642 1425 975 42 Vaseline.
1734 1435 23 39 5
1840 1447 55 5 —

570 1574 93 41 The
702 1574 180 54 gelatin,
924 1575 144 41 which
1108 1576 80 42 has
1229 1577 167 41 soaked
1435 1576 44 42 in
1520 1580 140 37 water
1700 1574 67 41 for
1807 1587 57 27 an
1905 1573 127 48 hour,
2075 1572 36 42 is

485 1650 154 55 slowly
671 1650 168 42 molten
874 1650 45 42 in
953 1666 27 26 a
1013 1652 80 41 hot
1127 1658 140 37 water
1299 1653 125 42 bath.
1519 1652 125 42 Then
1679 1650 77 42 the
1790 1648 196 56 glycerin
2021 1649 91 41 and

486 1727 77 43 the
596 1727 149 42 kaolin
779 1742 72 28 are
884 1727 152 43 mixed
1068 1729 109 42 with
1210 1729 49 50 it,
1295 1730 167 54 having
1495 1729 112 42 been
1642 1727 96 42 first
1771 1726 263 43 malaxated
2065 1724 46 44 in

488 1818 26 28 a
542 1809 182 38 mortar.
813 1805 94 43 The
935 1805 64 42 lot
1029 1805 36 43 is
1094 1807 108 42 then
1232 1808 222 42 decanted
1482 1807 91 42 and
1601 1806 81 42 left
1712 1809 47 38 to
1786 1804 97 43 cool
1908 1804 144 43 down.

574 1882 123 42 Thus
730 1881 37 43 is
801 1882 213 44 obtained
1049 1898 26 27 a
1109 1885 169 56 supple,
1316 1886 91 41 and
1442 1883 273 44 translucide
1749 1886 143 52 paste,
1931 1880 184 56 slightly

489 1959 224 42 whitened
742 1960 62 53 by
833 1961 77 41 the
940 1961 163 42 kaolin.

575 2036 106 42 This
709 2041 141 51 paste,
882 2051 48 28 as
959 2038 57 41 all
1045 2038 167 43 similar
1240 2043 164 51 pastes,
1436 2039 81 41 has
1546 2052 26 27 a
1601 2038 226 53 tendency
1855 2041 47 36 to
1933 2039 179 38 retract.

492 2113 79 41 We
600 2112 159 44 reduce
789 2113 90 42 this
909 2115 241 43 retraction
1180 2116 63 54 by
1274 2114 166 54 adding
1471 2126 24 40 5
1526 2128 49 27 or
1606 2114 25 40 6
1662 2127 149 41 grams
1835 2113 45 41 of
1904 2111 208 43 vaseline.

491 2188 106 43 This
638 2189 165 54 adding
845 2192 45 40 of
931 2192 76 42 the
1050 2192 195 43 vaseline
1287 2205 221 42 possesses
1548 2203 235 29 moreover
1823 2203 121 28 some
1987 2188 130 42 other

492 2267 288 55 advantages.
905 2269 91 41 The
1030 2274 127 51 paste
1190 2270 207 41 becomes
1429 2281 122 28 more
1586 2266 174 49 fusible,
1795 2266 77 41 the
1907 2265 132 54 edges
2072 2265 44 40 of

492 2343 77 43 the
598 2344 219 57 prothesis
847 2359 82 29 can
959 2347 54 42 be
1042 2361 122 28 more
1195 2345 138 54 easily
1362 2344 169 43 molten
1561 2343 111 43 with
1701 2343 77 42 the
1809 2342 99 42 skin
1938 2343 90 41 and
2057 2342 62 55 by

493 2434 27 28 a
545 2420 112 55 light
685 2422 148 43 stroke
862 2423 45 42 of
934 2424 179 55 spatula
1139 2420 281 55 moderately
1445 2420 166 43 heated
1638 2420 59 42 all
1723 2425 122 37 trace
1872 2419 47 41 of
1946 2420 175 41 demar-

494 2497 149 43 cation
676 2499 268 56 disappears.
1038 2500 189 54 Finally,
1262 2498 76 41 the
1371 2496 136 55 piece,
1542 2497 85 42 less
1657 2502 79 49 apt
1770 2502 46 37 to
1850 2496 132 41 catch
2015 2495 103 48 dirt,

494 2572 109 43 lasts
625 2574 170 55 longer;
820 2577 57 42 its
901 2578 131 52 edges
1055 2575 169 43 remain
1249 2573 157 56 supple
1430 2572 151 54 longer
1604 2574 91 40 and
1717 2573 107 41 hold
1847 2586 57 27 on
1928 2571 191 42 without

495 2649 216 56 brittling.

582 2728 44 52 b)
663 2729 203 55 Coloring
903 2731 65 43 the
1005 2735 132 51 paste.
1207 2730 79 41 We
1327 2726 234 55 originally
1590 2725 238 54 employed
1858 2724 133 55 picric
2022 2723 100 43 acid

497 2803 91 43 and
623 2805 77 42 the
729 2808 170 43 Carmin
934 2815 47 36 to
1017 2809 98 55 give
1152 2812 46 37 to
1239 2806 78 41 the
1346 2808 127 51 paste
1511 2803 77 42 the
1620 2802 154 41 colour
1804 2802 48 42 of
1891 2802 77 41 the
2007 2801 113 41 skin.

499 2882 79 42 We
614 2880 114 43 have
764 2883 132 53 given
944 2900 61 41 up
1054 2886 125 41 these
1228 2880 251 53 colourings
1515 2880 189 40 because
1738 2879 111 53 they
1887 2883 119 37 react
2040 2892 83 28 one

498 2972 57 29 on
581 2956 76 42 the
684 2958 128 41 other
848 2961 90 41 and
973 2961 46 42 in
1060 2973 208 43 presence
1294 2958 45 41 of
1363 2956 78 42 the
1466 2954 152 43 kaolin
1648 2954 216 43 chemical
1895 2954 227 43 combina-

497 3036 119 45 tions
646 3047 73 28 are
750 3034 172 44 formed
951 3037 145 42 which
1126 3036 138 44 result
1294 3034 46 42 in
1368 3031 268 54 blackening
1663 3032 78 41 the
1765 3036 142 51 paste.
1995 3032 131 42 After

498 3132 26 28 a
549 3110 169 49 certain
743 3112 190 42 number
962 3114 45 41 of
1027 3115 148 49 hours,
1203 3114 77 42 the
1315 3111 238 43 difference
1586 3109 45 41 of
1663 3108 228 57 colouring
1921 3109 202 44 between

497 3197 78 44 the
598 3186 222 64 prothesis
842 3190 90 40 and
952 3191 78 42 the
1052 3192 99 42 skin
1173 3191 37 43 is
1232 3189 202 54 striking.

585 3272 80 44 We
688 3268 108 42 hare
818 3277 109 42 very
949 3268 320 55 substantially
1290 3265 195 45 reduced
1507 3263 90 43 this
1620 3264 146 42 defect
1789 3265 63 54 by
1870 3263 259 57 employing
