2332 3883
461 453 53 40 40
854 452 55 29 LA
934 452 339 31 RESTAURATION
1299 452 405 30 MAXILLO-FACIALE

464 543 49 37 to
543 537 164 57 permit
738 537 45 42 of
813 552 27 27 a
869 539 293 54 prosthetical
1191 538 291 58 application,
1515 543 247 52 apparatus
1792 539 45 40 of
1867 538 77 42 the
1975 552 122 28 same

466 619 162 37 nature
656 615 115 41 have
799 614 132 54 given
960 630 52 27 us
1038 616 360 57 proportionally
1425 615 260 56 equivalent
1714 615 173 43 results.

553 692 95 42 The
672 691 171 55 perfect
868 693 270 43 restoration
1162 694 47 42 in
1234 693 126 57 place
1385 693 45 42 of
1455 694 78 41 the
1557 693 241 55 preserved
1821 696 103 52 part
1950 691 46 42 of
2020 691 78 43 the

467 767 242 50 mandible,
741 768 103 43 held
874 770 63 55 by
964 784 27 28 a
1019 770 269 57 supporting
1315 770 128 56 point
1475 769 184 55 bearing
1688 783 128 42 upon
1840 769 77 42 the
1947 767 150 55 region

469 845 45 41 of
536 846 78 41 the
637 845 159 42 absent
820 846 135 56 rising
976 848 185 50 branch,
1186 848 137 54 gives,
1347 846 199 55 through
1566 846 79 42 the
1667 846 175 42 normal
1865 844 233 57 operation

470 922 45 42 of
535 923 78 41 the
633 922 191 43 muscles
844 924 45 41 of
909 925 77 41 the
1006 925 189 56 healthy
1215 925 107 46 side,
1345 939 57 27 an
1423 923 249 57 extremely
1691 922 264 54 interesting
1976 922 124 41 func-

470 998 142 43 tional
646 999 149 43 result.
890 1002 81 42 We
1005 1007 150 50 report
1189 1003 104 42 here
1326 1001 46 43 in
1406 1000 266 44 connection
1706 999 239 44 therewith
1978 1013 122 28 some

474 1076 323 44 observations.

560 1256 341 39 OBSERVATION
927 1255 33 41 1.
982 1281 58 3 —
1063 1256 76 40 Ch.
1168 1256 107 48 H.,
1302 1256 110 53 59th
1436 1254 212 55 artillery,
1676 1254 223 41 wounded
1924 1257 47 37 at
1997 1253 106 41 Ver-

473 1324 92 43 dun
588 1338 58 29 on
668 1325 78 43 the
768 1326 81 52 3rd
871 1326 46 42 of
938 1326 126 55 April
1088 1326 125 55 1916,
1237 1331 98 38 sent
1358 1330 48 37 to
1430 1326 77 42 the
1529 1326 324 41 Val-de-Grace
1877 1322 223 57 Hospital.

477 1395 175 43 Arrival
671 1400 48 38 at
738 1397 77 42 the
833 1398 239 41 Bordeaux
1093 1397 175 42 Service
1288 1411 58 27 on
1365 1397 77 41 the
1462 1397 81 53 4th
1563 1396 45 41 of
1627 1396 120 53 June
1768 1396 124 53 1918,
1912 1393 192 42 without

476 1481 91 41 any
598 1467 291 55 prosthetical
931 1472 259 52 apparatus.
1278 1468 61 41 At
1372 1469 101 39 that
1509 1467 122 49 time,
1667 1468 54 40 he
1754 1465 240 56 presented
2028 1464 77 42 the

477 1538 224 55 following
733 1538 137 42 lesions
870 1538 52 42 :
958 1539 80 42 left
1071 1539 417 55 parasymphysary
1511 1538 208 48 fracture,
1746 1537 140 54 badly
1919 1534 186 44 consoli-

478 1609 149 41 dated.
717 1609 93 42 The
840 1610 119 41 front
990 1610 224 54 fragment
1243 1609 37 41 is
1307 1608 418 55 linguo-trusioned.
1815 1609 119 41 That
1964 1606 36 42 is
2028 1607 78 40 the

478 1678 106 56 only
613 1679 179 55 portion
822 1679 205 56 carrying
1056 1681 127 41 teeth
1211 1680 93 41 and
1332 1678 91 42 this
1452 1679 116 42 from
1598 1680 77 41 the
1705 1679 80 42 left
1817 1678 165 42 second
2009 1691 97 41 pre-

479 1749 143 42 molar
649 1754 49 37 to
727 1750 76 42 the
832 1750 80 42 left
941 1751 170 42 central
1140 1749 195 43 incisive.
1426 1751 70 41 On
1525 1750 78 42 the
1632 1749 118 55 right
1781 1749 106 49 side,
1919 1749 125 41 there
2072 1747 36 42 is

481 1833 26 27 a
533 1820 116 41 total
676 1820 88 42 loss
790 1821 45 41 of
863 1822 239 42 substance
1130 1820 244 55 extending
1402 1821 115 42 from
1544 1821 78 42 the
1649 1821 143 54 region
1792 1821 82 54 of
1901 1820 78 42 the
2005 1818 102 43 chin

481 1890 99 43 hole
611 1895 49 38 to
691 1891 112 43 level
834 1893 45 41 of
911 1893 202 56 condyle.
1205 1892 93 43 The
1330 1892 189 55 condyle
1551 1892 193 43 remains
1776 1892 120 55 only,
1930 1891 91 42 and
2051 1890 58 42 its

483 1962 114 42 neck
625 1961 36 43 is
691 1963 153 42 drawn
873 1965 63 55 by
963 1963 228 43 muscular
1219 1962 231 43 tractions.

566 2032 108 43 This
692 2033 179 55 portion
890 2033 36 43 is
942 2038 82 38 not
1042 2034 237 43 accessible
1298 2034 68 41 for
1384 2033 215 56 applying
1617 2049 26 27 a
1661 2033 292 56 prosthetical
1970 2032 136 42 work.

487 2104 50 41 In
567 2104 78 41 the
676 2104 164 42 former
870 2105 209 54 hospital,
1111 2105 91 46 this
1231 2119 107 28 man
1369 2106 92 41 had
1489 2106 257 53 undergone
1788 2104 181 43 various
2008 2117 102 40 ope-

483 2174 170 43 rations
678 2175 45 43 in
748 2176 77 42 the
851 2176 151 55 region
1027 2176 46 42 of
1097 2177 77 42 the
1199 2176 119 54 right
1345 2176 128 54 angle
1499 2177 91 42 and
1609 2177 45 41 of
1672 2177 77 41 the
1770 2176 135 53 rising
1924 2175 185 47 branch,

484 2246 91 42 and
596 2250 47 38 at
665 2247 103 41 that
790 2245 128 56 point
940 2247 55 41 he
1016 2247 238 54 presented
1275 2261 27 27 a
1323 2245 293 57 particularly
1637 2246 212 42 resistant
1871 2243 239 44 cicatricial

483 2317 150 43 tissue.
718 2318 43 42 It
783 2333 91 27 was
898 2332 57 29 on
977 2318 90 43 this
1091 2333 107 28 zone
1222 2319 102 41 that
1347 2319 79 41 the
1448 2318 128 55 point
1600 2319 46 41 of
1668 2318 275 56 application
1966 2317 45 41 of
2034 2316 76 41 the

485 2390 177 42 shutter
690 2403 92 28 was
812 2388 204 52 selected.

570 2461 95 42 The
693 2461 81 42 left
802 2462 91 41 and
920 2461 121 42 front
1070 2461 180 55 portion
1278 2461 92 41 had
1397 2461 195 42 suffered
1619 2461 77 41 the
1725 2460 127 42 usual
1883 2458 229 44 deviation

485 2547 50 29 as
561 2533 155 42 shown
744 2534 62 55 by
833 2532 77 42 the
937 2532 161 55 figures
1126 2531 229 43 herewith.
1443 2531 207 49 Further,
1680 2532 78 42 the
1786 2529 327 44 consolidation

486 2605 44 42 in
567 2619 27 27 a
629 2606 92 41 bad
756 2603 195 57 position
987 2605 92 41 had
1114 2603 300 42 accentuated
1449 2602 77 41 the
1562 2601 361 55 linguo-trusion.
2020 2600 93 42 The

486 2675 234 43 reduction
750 2675 45 43 of
825 2674 90 43 this
944 2673 180 57 portion
1154 2687 91 28 was
1275 2672 136 41 much
1439 2685 124 29 more
1594 2671 299 57 complicated
1917 2671 195 53 through

486 2747 115 42 that.
690 2748 93 41 The
812 2750 169 38 matter
1008 2759 90 28 was
1127 2749 48 37 to
1204 2743 199 56 provoke
1432 2756 58 28 an
1519 2742 259 56 expanding
1806 2743 91 41 and
1925 2741 189 55 recipro-

487 2817 151 56 cating
658 2818 188 49 motion,
871 2817 89 43 this
982 2817 137 41 latter
1140 2830 83 28 one
1244 2828 123 28 more
1391 2814 289 54 pronounced
1701 2814 112 41 than
1836 2813 45 42 in
1903 2812 212 56 ordinary

488 2902 134 28 cases.
674 2891 81 41 We
777 2890 143 41 found
938 2889 78 42 the
1037 2900 236 41 necessary
1294 2884 241 43 resistance
1556 2884 69 41 for
1644 2883 91 43 this
1757 2884 163 41 double
1941 2882 173 43 motion

488 2957 44 42 in
565 2959 77 42 the
673 2960 239 43 cicatricial
945 2959 151 49 tissue,
1129 2973 27 27 a
1187 2955 270 57 sufficiently
1488 2955 119 54 large
1638 2959 102 51 part
1773 2955 46 41 of
1848 2952 146 45 which
2026 2968 90 28 was

489 3029 137 41 taken
653 3030 69 41 for
746 3031 77 41 the
849 3032 188 40 shutter.

575 3099 93 42 The
698 3100 96 42 first
825 3100 276 57 application
1131 3099 47 42 of
1207 3098 90 43 this
1328 3096 292 58 prosthetical
1651 3100 247 52 apparatus
1929 3095 188 43 allowed

490 3184 52 29 us
562 3174 48 37 to
632 3170 155 43 obtain
808 3173 78 42 the
906 3172 172 43 motion
1101 3172 46 42 of
1166 3170 159 43 lateral
1345 3168 247 43 reduction.
1676 3169 54 41 In
1750 3168 78 42 the
1849 3181 123 29 same
1992 3166 123 49 time,

491 3243 77 42 the
588 3240 224 44 tolerance
832 3244 46 40 of
897 3245 77 41 the
994 3244 161 42 tissues
1173 3256 92 29 was
1286 3239 290 55 establishing
1598 3239 133 43 itself.
1813 3237 303 57 Secondarily,

491 3316 62 54 by
570 3311 331 44 modifications
918 3314 46 40 of
980 3315 77 42 the
1074 3312 323 55 intermediary
1414 3311 193 56 portion,
1627 3312 201 43 between
1848 3310 76 45 the
1943 3310 177 46 shutter
