2437 3766
816 388 59 29 ON
905 388 87 30 THE
1023 386 200 30 SHUTTER
1251 385 255 28 APPARATUS
1926 383 49 39 39

353 473 211 43 torsional
589 478 291 38 mouvement
904 472 145 42 which
1074 469 228 43 combines
1326 469 120 42 itself
1471 470 110 41 with
1606 471 78 40 the
1710 467 265 44 relaxation.

353 549 94 42 The
478 550 203 43 effective
714 549 144 41 travel
890 547 131 54 being
1054 545 204 48 reduced,
1292 545 78 41 the
1402 546 328 41 contractional
1762 558 150 43 power
1941 543 37 42 is

354 626 232 54 parallelly
614 624 281 43 diminished.

440 701 88 41 For
554 701 76 41 the
658 700 317 54 temple-bone,
1004 698 59 42 its
1090 696 148 43 action
1267 695 132 54 being
1426 697 260 54 primordial
1713 698 45 41 in
1787 698 77 41 the
1892 695 86 43 dis-

354 775 267 53 placement,
660 775 35 41 it
733 775 208 42 succeeds
978 774 46 42 in
1061 772 176 56 placing
1274 771 59 42 its
1370 772 133 42 lower
1539 772 239 43 insertions
1816 778 47 37 at
1900 773 80 41 the

355 850 204 41 effective
584 850 115 43 limit
726 850 45 42 of
797 850 58 41 its
880 848 293 43 contraction.
1261 848 154 41 Hence
1440 847 59 42 its
1525 849 277 54 subsequent
1828 848 151 43 action

359 925 35 41 is
426 927 278 53 suppressed.

442 1001 93 42 The
561 1000 296 55 pterigoidian
885 1001 92 41 also
1005 1001 131 41 tends
1162 1005 47 36 to
1237 999 129 55 bring
1394 1000 76 42 the
1497 1000 149 54 region
1675 1001 45 42 of
1747 1002 77 41 the
1852 1001 128 55 angle

357 1079 47 37 to
432 1076 75 41 the
534 1076 191 54 possible
752 1076 250 41 maximum
1029 1077 46 40 of
1101 1076 59 42 its
1186 1075 162 42 action.
1437 1076 273 49 Thereafter,
1740 1077 35 41 it
1804 1078 175 41 doesn't

357 1152 122 40 work
505 1166 89 41 any
619 1166 123 39 mqre
766 1152 47 43 in
838 1166 56 28 an
921 1152 281 55 appreciable
1226 1166 113 41 way.

446 1229 144 42 Those
619 1228 329 43 constatations
976 1229 122 42 show
1125 1229 78 42 the
1231 1228 279 55 importance
1540 1228 45 42 of
1613 1228 213 55 reducing
1855 1229 126 43 these

359 1306 299 43 troublesome
695 1305 263 44 deviations.
1055 1306 141 42 These
1233 1304 257 43 reductions
1526 1319 73 28 are
1636 1310 47 37 to
1720 1306 56 41 be
1813 1320 168 28 recom-

358 1384 192 42 mended
573 1384 67 41 for
660 1383 89 43 this
770 1384 116 42 bone
907 1397 49 28 as
976 1383 97 44 well
1095 1397 48 28 as
1165 1383 68 41 for
1253 1383 76 42 the
1352 1383 129 41 other
1500 1382 138 41 bones
1660 1382 45 41 of
1727 1382 76 42 the
1825 1396 158 40 organ-

358 1459 84 44 ism
472 1462 67 41 for
566 1460 144 43 which
739 1460 34 43 it
803 1462 81 42 has
912 1461 167 55 always
1107 1462 111 41 been
1248 1474 56 28 an
1334 1459 204 43 absolute
1567 1458 148 57 policy
1743 1463 47 37 to
1821 1458 161 56 satisfy

360 1537 77 42 the
471 1538 220 56 necessity
726 1538 46 42 of
805 1537 205 56 bringing
1044 1539 117 41 back
1195 1537 76 42 the
1306 1537 215 42 insertion
1557 1536 195 42 surfaces
1786 1536 46 42 of
1866 1536 118 41 their

362 1615 189 42 muscles
577 1619 48 38 to
653 1616 116 41 their
795 1620 170 38 correct
992 1615 136 56 place.

448 1691 206 49 Further,
687 1691 90 43 this
806 1691 232 43 reduction
1069 1692 162 42 should
1258 1693 56 41 be
1344 1692 248 54 proceeded
1620 1689 110 43 with
1761 1704 48 28 as
1839 1689 69 42 far
1936 1704 49 27 as

363 1779 234 45 necessary
637 1773 47 36 to
727 1783 149 28 secure
917 1769 90 42 this
1047 1769 211 42 eventual
1292 1767 339 49 reinstallation,
1660 1767 145 42 which
1838 1766 35 43 is
1908 1767 77 42 the

365 1840 216 44 situation
632 1844 145 42 which
827 1845 174 43 existed
1039 1846 150 42 before
1235 1846 77 42 the
1359 1844 300 43 traumatism.
1759 1845 137 42 What
1949 1843 36 43 is

364 1915 148 44 aimed
540 1923 47 37 at
617 1919 37 42 is
683 1920 76 42 the
789 1921 287 55 satisfactory
1105 1921 233 55 operation
1368 1921 46 41 of
1443 1921 77 42 the
1550 1926 182 50 system,
1765 1922 92 41 and
1884 1920 36 42 it
1950 1920 36 42 is

365 1992 181 43 evident
574 1996 103 41 that
705 1996 44 41 in
780 1998 128 40 order
935 2003 48 36 to
1013 1997 156 41 obtain
1199 1997 90 41 this
1317 1997 152 49 result,
1499 1998 77 41 the
1605 1998 106 41 best
1733 1997 254 42 conditions

365 2074 121 36 must
526 2071 54 41 be
620 2073 201 46 secured;
863 2086 83 28 one
985 2072 161 41 should
1184 2077 80 36 not
1304 2077 185 37 content
1528 2072 178 43 himself
1744 2072 110 42 with
1894 2072 94 41 half

364 2156 224 31 measures
619 2147 90 41 and
739 2146 35 42 it
806 2146 35 42 is
872 2147 90 41 still
992 2161 122 27 more
1145 2146 318 50 inadmissible,
1496 2148 142 42 either
1669 2152 47 37 to
1748 2148 130 41 allow
1909 2148 77 42 the

366 2219 251 43 deviations
648 2226 47 36 to
728 2227 265 49 perpetuate
1025 2223 269 42 themselves
1326 2223 196 54 through
1552 2224 101 42 lack
1685 2225 46 40 of
1761 2224 226 41 interven-

367 2293 109 49 tion,
505 2308 49 28 or
579 2300 47 36 to
653 2296 115 42 limit
795 2297 89 41 this
911 2297 303 44 intervention
1240 2298 128 41 when
1395 2298 125 42 there
1546 2299 37 42 is
1609 2313 27 27 a
1662 2299 254 55 possibility
1942 2299 45 41 of

369 2371 233 56 obtaining
629 2387 26 27 a
682 2375 220 55 complete
930 2376 150 42 result.

455 2449 79 43 We
571 2450 114 43 have
720 2450 229 45 indicated
984 2454 45 42 in
1066 2453 208 56 previous
1309 2456 129 37 notes
1474 2452 102 41 that
1612 2451 91 42 this
1740 2451 248 42 functional

370 2527 268 43 restoration
656 2543 91 28 was
766 2533 80 38 not
861 2530 106 56 only
981 2530 205 56 possible,
1203 2530 83 41 but
1301 2542 91 28 was
1406 2527 92 42 also
1514 2526 355 56 comparatively
1883 2542 107 41 easy

369 2609 47 38 to
444 2606 152 43 realise
623 2607 62 55 by
709 2622 155 28 means
891 2609 47 40 of
962 2612 247 52 apparatus
1234 2605 109 42 with
1370 2604 186 42 shutter.
1645 2604 80 41 We
1752 2604 116 42 have
1894 2605 92 41 also

370 2682 185 56 pointed
586 2689 79 37 out
697 2685 116 49 that,
847 2685 143 54 owing
1021 2690 49 36 to
1101 2685 77 40 the
1211 2680 230 56 operation
1473 2685 81 36 not
1587 2680 106 54 only
1724 2680 81 42 the
1834 2680 154 54 equili-

371 2760 146 43 brium
544 2761 193 55 position
763 2762 91 42 had
879 2776 26 28 a
931 2762 222 54 tendency
1178 2763 47 37 to
1251 2761 73 51 get
1350 2757 177 48 settled,
1555 2757 83 41 but
1664 2757 92 41 also
1783 2758 102 41 that
1912 2757 77 42 the

372 2836 423 58 interfragmentary
827 2840 167 40 fibrous
1026 2842 124 49 stays
1182 2847 112 29 were
1326 2833 173 55 getting
1532 2833 99 42 able
1663 2838 48 37 to
1746 2847 166 41 oppose
1944 2833 46 42 in

372 2914 77 42 the
471 2915 143 41 useful
635 2920 281 37 movements
939 2915 67 41 for
1026 2910 285 45 mastication
1334 2923 26 28 a
1382 2909 239 43 resistance
1643 2910 145 42 which
1810 2910 37 43 is
1868 2925 122 28 more

371 2990 112 40 than
510 2990 220 42 sufficient
756 2995 48 37 to
831 2990 130 54 bring
988 3004 26 26 a
1041 2985 212 57 complete
1253 2985 285 57 functional
1566 3001 223 41 recovery.

458 3065 61 40 As
545 3066 162 47 stated,
736 3080 64 27 we
826 3066 115 42 have
968 3063 234 44 advanced
1226 3061 90 42 this
1343 3062 174 42 technic
1544 3078 61 39 up
1632 3068 48 36 to
1708 3063 57 41 its
1792 3067 198 38 extreme

373 3137 136 49 limit;
537 3139 45 41 in
610 3153 121 29 cases
759 3141 144 42 where
930 3155 59 28 no
1017 3139 177 57 portion
1212 3134 55 45 of
1296 3138 76 42 the
1401 3138 134 55 rising
1562 3139 171 41 branch
1760 3140 92 40 had
1878 3140 112 40 been

376 3215 249 58 preserved,
658 3229 50 28 or
737 3216 202 61 portions
969 3216 45 42 of
1045 3216 77 44 the
1152 3214 201 54 condyle,
1386 3214 46 42 of
1462 3214 58 43 its
1550 3214 126 46 neck,
1709 3214 283 44 inaccessible
