2327 3885
392 409 73 40 182
780 423 58 28 LA
862 423 341 29 RESTAURATION
1228 423 410 29 MAXILLO-FACIALE

470 507 37 37 A
538 505 255 40 l'extrémité
822 507 237 39 antérieure
1088 507 52 39 de
1168 508 165 50 chaque
1355 506 227 51 gouttière,
1602 507 114 40 deux
1737 507 126 39 tubes
1890 505 139 40 carrés

388 572 34 39 L
440 572 40 39 K
521 574 98 36 sont
658 572 154 40 soudés
852 570 320 42 verticalement
1199 576 43 36 et
1267 571 317 53 parallèlement
1611 575 119 35 entre
1756 583 81 27 eux
1867 571 159 51 (réduc-

388 636 92 40 tion
500 648 73 28 sur
588 637 40 38 le
645 636 195 52 modèle).
862 637 79 39 Les
960 638 125 39 tubes
1104 638 41 38 K
1166 641 98 35 sont
1282 633 121 43 relies
1420 648 79 40 par
1515 649 84 27 une
1617 636 187 40 clavette
1824 648 51 27 en
1893 635 136 39 foime

388 702 86 40 d'U
521 703 195 38 renversé
750 702 58 46 M,
836 699 198 43 limitant
1070 702 304 40 l'écartement
1418 704 76 38 des
1541 702 235 51 fragments
1818 700 207 40 latéraux.

389 768 78 38 Les
488 767 127 39 tubes
634 767 35 38 L
689 766 214 50 reçoivent
924 768 73 39 des
1019 766 107 52 tiges
1145 767 142 46 fixées,
1310 765 340 55 intérieurement,
1650 765 64 55 à
1733 778 84 27 une
1835 766 119 50 pièce
1972 766 53 38 de

389 831 208 41 maintien
621 831 31 39 C
672 832 53 39 de
746 831 42 39 la
810 830 113 41 lèvre
945 829 233 42 inférieure.

469 896 62 39 La
552 893 291 43 cicatrisation
864 897 54 38 de
938 896 41 39 la
1000 896 111 51 plaie
1134 896 291 40 mentonnière
1446 895 167 41 tendait
1635 896 26 39 à
1682 905 241 43 provoquer
1942 906 84 27 une

391 960 230 43 rétraction
642 952 53 49 de
716 960 42 40 la
779 961 126 46 lèvre,
930 960 40 40 la
991 961 119 51 pièce
1131 962 53 39 de
1204 960 220 48 maintien,
1448 961 404 51 indépendamment
1874 959 54 40 de
1951 970 75 27 son

389 1025 144 40 action
548 1029 137 36 contre
685 1029 139 36 cette
841 1025 242 47 rétraction,
1100 1025 79 50 fait
1192 1026 132 52 partie
1339 1009 56 56 du
1411 1025 211 52 dispositif
1635 1024 155 40 destiné
1803 1025 25 39 à
1844 1035 183 29 ramener

391 1103 49 26 en
469 1090 128 39 bonite
620 1090 180 51 position-
826 1090 174 52 l'èsquill
1002 1091 19 39 «c
1050 1091 20 38 b
1074 1091 105 39 «a~ila
1181 1091 71 46 ire,
1514 1091 101 39 dont.
1634 1090 44 39 là
1700 1089 128 40 d~escri
1829 1093 27 48 p
1860 1089 85 39 tion
1973 1091 54 35 est

391 1103 49 26 en
469 1090 128 39 bonne
620 1090 180 51 position
826 1088 195 54 l'esquille
1050 1091 213 46 basilaire;
1280 1089 218 53 dispositif
1514 1091 101 39 dont
1634 1090 45 39 là
1700 1089 245 52 description
1973 1091 54 35 est

390 1154 36 38 le
448 1155 86 38 seul
560 1155 69 38 but
649 1156 48 38 de
720 1159 97 41 cette
824 1155 494 51 publication.
1318 1155 76 51 •

687 2190 71 30 FiG.
781 2201 27 20 2.
825 2204 47 7 —-
889 2190 162 44 Appareil
1068 2182 126 38 monté.
1214 2190 186 41 Dispositif
1414 2191 150 29 d'action
1578 2201 41 20 en
1634 2192 108 39 place.

475 2370 70 39 Un
561 2370 130 40 levier
705 2371 34 39 F
739 2371 87 39 est
841 2371 82 38 fixé
940 2382 79 40 par
1033 2384 84 26 une
1133 2368 223 49 charnière,
1356 2368 224 49 articulée
1597 2371 199 40 d'arrière
1814 2385 52 26 en
1883 2375 146 42 avant,

393 2436 249 39 au-dessous
661 2437 53 38 de
730 2436 42 39 la
790 2435 111 40 lame
917 2435 159 40 cintrée
1092 2435 222 40 inférieure
1332 2447 94 28 vers
1446 2447 77 27 son
1541 2436 224 39 extrémité
1781 2436 150 40 droite.

472 2500 33 39 A
505 2500 68 39 ce
589 2500 123 50 point
729 2500 257 51 cônespond
1002 2500 326 39 verticalement,
1338 2500 42 39 la
1395 2498 139 52 partie
1550 2498 190 41 dénudée
1757 2500 54 39 de
1825 2500 205 51 l'esquille

393 2563 178 42 derrière
586 2564 180 51 laquelle
782 2568 104 48 peut
902 2566 196 49 pénétrer
1112 2564 42 39 la
1171 2564 132 39 sonde
1318 2564 209 39 cannelée.
1546 2564 58 39 Il
1604 2564 196 39 convient
1817 2565 213 39 d'exercer

392 2626 38 39 le
454 2629 237 40 maximum
719 2628 189 40 d'action
936 2630 24 37 à
987 2641 47 27 ce
1059 2628 156 40 niveau
1240 2629 56 38 où
1322 2629 134 39 existe
1481 2630 39 38 le
1546 2627 235 41 maximum
1809 2630 52 38 de
1888 2630 140 55 dépla-

393 2689 177 43 cement.

476 2811 55 38 Ce
552 2812 130 39 levier
707 2817 64 36 est
796 2813 214 40 constitué
1035 2826 52 26 en
1111 2813 107 39 haut
1242 2824 78 40 par
1342 2826 60 26 un
1426 2813 105 39 tube
1554 2813 35 38 F
1605 2814 115 39 -dans
1744 2813 139 52 lequel
1907 2812 122 52 glisse

392 2885 84 26 une
493 2873 86 51 tige
597 2875 35 38 G
648 2877 109 46 dont
775 2876 255 41 l'extrémité
1046 2877 235 46 inférieure,
1303 2870 203 58 spatulée,
1527 2880 65 36 est
1610 2878 174 39 étamée.
1805 2878 59 39 Le
1881 2877 147 39 frotte-

391 2940 120 36 ment
533 2928 73 48 des
628 2941 112 38 deux
761 2941 138 51 pièces
924 2945 63 39 est
1010 2955 115 26 assez
1150 2944 80 38 dur
1250 2954 108 39 pour
1380 2954 81 38 que
1484 2942 111 39 seule
1618 2942 41 39 la
1682 2942 166 51 spatule
1871 2942 82 39 soit
1976 2954 51 27 en

391 3004 186 42 contact,
603 3003 76 39 elle
699 3018 53 26 ne
773 3000 105 56 peut
900 3007 236 39 s'enfoncer
1156 3010 97 47 trop
1275 3006 326 51 profondément
1624 3006 180 40 derrière
1824 3006 204 51 l'esquille

391 3070 43 36 et
465 3065 172 47 celle-ci,
660 3068 107 39 dans
795 3070 42 39 la
866 3071 289 40 mobilisation
1186 3084 51 27 en
1267 3075 145 45 avant,
1440 3084 53 26 ne
1521 3074 105 48 peut
1657 3063 210 59 échapper
1895 3073 25 38 à
1951 3084 76 26 son

392 3130 143 42 action
555 3141 80 41 par
655 3131 109 41 suite
784 3135 54 38 de
857 3134 313 54 l'allongement
1192 3136 53 39 de
1265 3136 41 39 la
1328 3135 97 52 tige.
1448 3137 38 39 A
1508 3136 41 40 la
1568 3135 140 53 partie
1726 3136 222 40 inférieure
1969 3137 58 39 du

392 3195 300 44 tube-coulisse
717 3202 65 35 est
805 3201 129 39 soudé
957 3215 59 26 un
1040 3202 170 38 crochet
1234 3205 151 36 ouvert
1411 3214 51 26 en
1485 3202 89 39 bas.

474 3264 60 40 La
562 3260 117 56 pièce
709 3263 51 38 de
786 3265 206 41 maintien
1020 3268 54 40 de
1100 3266 41 41 la
1170 3264 113 42 lèvre
1312 3268 43 46 C,
1379 3267 106 41 fixée
1514 3281 85 27 aux
1626 3268 125 40 tubes
1780 3268 83 46 LL,
1890 3272 64 36 est
1975 3281 52 28 en
