2348 3897
422 414 79 52 196
815 424 56 29 LA
896 419 341 34 RESTAURATION
1262 424 409 28 MAXILLO-FACIALE

422 510 165 50 rieure;
613 524 51 28 sa
685 510 221 55 longueur
928 510 104 42 doit
1051 509 104 43 être
1155 509 210 43 calculée
1388 523 116 42 pour
1527 523 88 41 que
1637 507 229 44 l'encoche
1896 508 57 55 (3)
1981 516 76 32 sur

421 580 193 56 laquelle
641 595 58 28 on
727 581 214 42 accroche
972 580 63 43 les
1068 577 305 46 caoutchoucs
1400 579 149 56 puisse
1584 580 92 41 être
1704 578 111 42 faite
1843 579 55 42 de
1924 578 134 51 façon

423 666 100 41 que,
554 652 45 42 la
628 652 184 43 bouche
835 653 129 40 étant
994 651 287 49 mi-ouverte,
1315 640 94 54 les
1409 640 309 54 caoutchoucs
1754 664 46 27 se
1834 648 219 44 trouvent

421 724 167 44 tendus
616 722 409 46 horizontalement
1055 727 126 39 entre
1211 726 120 39 cette
1361 722 194 43 encoche
1584 725 47 39 et
1660 720 40 43 le
1730 720 176 43 bouton
1936 719 119 43 d'ac-

420 1626 223 54 crochage
678 1625 58 55 (5)
772 1626 54 42 de
856 1625 45 41 la
931 1624 225 55 gouttière
1187 1625 62 42 du
1278 1625 105 60 bas
1413 1626 82 43 elle
1527 1626 98 43 doit
1658 1641 84 42 par
1778 1622 282 59 conséquent

427 1696 243 42 descendre
697 1709 124 28 assez
846 1695 82 41 bas
954 1695 112 42 dans
1091 1695 41 42 le
1157 1695 133 42 sillon
1313 1687 307 59 vestibulaire,
1648 1701 46 39 et
1721 1698 94 42 être
1840 1696 223 43 suffisam-

426 1769 128 39 ment
577 1765 230 43 distancée
832 1766 54 41 de
907 1765 45 42 la
972 1765 225 55 gouttière
1220 1767 63 41 du
1302 1767 97 49 basi,
1423 1771 116 52 pour
1558 1783 56 27 ne
1637 1782 82 42 pas
1740 1767 240 57 empêcher
2000 1765 63 42 les

428 1840 319 40 mouvements
784 1835 209 43 latéraux
1032 1837 54 42 de
1124 1836 307 44 mastication.

515 1912 51 37 2°
595 1906 73 41 En
699 1904 87 51 bas,
813 1907 135 42 d'une
980 1906 224 55 gouttière
1237 1908 69 44 en
1306 1908 211 44 maxilor
1552 1904 75 60 (4).
1657 1909 86 42 Sur
1771 1909 201 42 l'arrière
2006 1906 53 42 de

507 2824 8 27 1

432 2852 119 40 cette
579 2851 224 53 gouttière
830 2856 69 39 est
926 2853 141 42 soudé
1094 2866 62 28 un
1184 2852 176 43 bouton
1392 2852 73 55 (5).
1497 2852 57 43 Ce
1582 2852 176 44 bouton
1785 2858 92 39 sert
1904 2855 26 41 à
1959 2853 107 43 l'ac-

431 2920 218 55 crochage
685 2924 77 42 des
790 2916 328 50 caoutchoucs.

520 3042 239 44 MONTAGE
787 3059 65 30 DE
880 3037 293 52 L'APPAREIL.
1201 3074 60 3 -
1288 3048 135 41 Fixer
1448 3046 63 43 les
1538 3047 199 42 modèles
1766 3049 114 41 haut
1908 3052 46 39 et
1982 3049 82 41 bas

430 3125 77 28 sur
528 3125 63 27 un
612 3114 296 46 articulateur
928 3123 46 38 et
997 3133 56 27 en
1074 3118 200 56 position
1295 3117 238 43 d'articulé
1555 3118 285 42 défectueux.
1866 3119 197 42 Mesurer

434 3197 77 28 sur
532 3182 41 42 le
596 3183 180 44 malade
800 3201 50 28 sa
873 3189 102 55 plus
999 3189 169 55 grande
1194 3192 253 40 ouverture
1462 3188 55 42 de
1539 3189 193 42 bouche.

520 3253 244 43 Maintenir
788 3256 63 44 les
876 3259 199 43 modèles
1103 3260 27 41 à
1155 3259 45 42 la
1224 3259 159 43 moitié
1410 3260 54 41 de
1489 3258 278 44 l'ouverture
1793 3258 159 44 totale.
