2500 3925
790 438 272 32 TREATMENT
1090 443 55 28 OF
1172 443 29 28 A
1231 441 381 30 PSEUDARTHRITIS
1931 445 77 41 179

473 498 32 18 T\

465 516 230 40 uecember
731 526 76 36 ist.
905 525 183 42 Patient
1122 527 82 42 left
1240 525 196 55 hospital
1471 527 149 41 cured.
1716 527 290 42 Mastication

385 553 86 76 had
495 572 237 61 improved
758 595 49 37 to
834 595 111 40 such
972 610 58 28 an
1057 601 158 38 extent
1242 596 110 42 that.
1352 596 74 42 he
1452 610 91 27 was
1570 609 58 28 on
1651 597 218 55 ordinary
1895 598 105 42 diet.

385 627 332 73 Consolidation
746 675 91 30 was
867 667 172 52 perfect
1069 668 115 41 from,
1184 668 59 41 a
1272 666 252 42 functional
1553 666 129 54 point
1713 667 45 40 of
1787 667 126 42 view.

457 708 231 60 December
732 734 114 52 24th.
954 737 184 43 Patient
1183 737 214 43 returned
1440 737 71 40 for
1554 736 310 42 examination
1908 739 91 41 and

379 779 185 51 another
600 800 274 59 radiograph
910 821 91 28 was
1039 809 160 49 taken;
1238 808 90 42 this
1366 808 166 54 clearly
1568 808 182 41 showed
1785 808 77 41 the
1899 822 98 28 new

378 835 109 56 bone
517 858 85 47 due
632 872 48 38 to
709 873 79 42 the
817 877 158 51 grafts,
1007 880 92 40 and
1126 880 148 40 which
1300 879 176 42 formed
1505 893 26 26 a
1560 878 264 54 practically
1853 879 141 40 conti-

376 920 137 48 nuous
542 936 138 46 callus
713 942 80 53 (see
820 947 264 56 radiograph
1084 947 72 56 no
1156 947 96 56 2).

455 1079 51 46 In
533 1091 76 45 the
636 1098 233 59 foregoing
897 1119 100 29 case
1024 1107 35 41 it
1087 1108 36 41 is
1150 1107 266 54 interesting
1443 1112 47 38 to
1518 1111 106 38 note
1651 1108 102 41 that
1781 1108 77 41 the
1887 1122 102 41 ope-

369 1152 141 49 ration
536 1170 109 44 took
671 1176 126 54 place
824 1195 25 27 a
875 1182 239 58 relatively
1139 1185 125 42 short
1290 1184 109 42 time
1429 1184 156 54 (about
1612 1189 89 36 two
1727 1186 90 40 and
1843 1199 25 26 a
1894 1185 93 40 half

365 1230 194 106 hs)
592 1240 118 53 after
737 1255 78 43 the
843 1262 181 47 wound,
1055 1262 92 41 and
1174 1276 64 28 we
1267 1275 113 28 were
1408 1261 202 53 justified
1636 1261 47 40 in
1711 1261 274 54 performing

365 1299 34 37 It
423 1303 61 59 by
507 1319 77 44 the
609 1326 94 44 fact
730 1332 103 42 that
860 1349 25 27 a
910 1337 274 55 radiograph
1209 1338 139 43 taken
1372 1337 311 55 immediately
1706 1337 278 42 beforehand

363 1368 40 83 (s
466 1394 267 65 radiograPh
756 1415 54 34 n°
837 1411 38 53 I)
904 1412 183 44 showed
1111 1429 58 27 no
1194 1415 98 53 sign
1315 1414 230 42 whatever
1569 1414 45 40 of
1638 1413 341 42 consolidation.

363 1395 87 103 The
472 1470 88 42 soft
584 1485 126 44 parts
732 1483 93 43 had
845 1487 115 42 been
982 1490 273 55 completely
1275 1490 159 42 healed
1454 1491 71 41 for
1545 1504 26 27 a
1591 1490 176 49 month,
1791 1490 91 41 and
1903 1491 76 41 the

362 1525 182 83 absence
574 1554 45 40 of
648 1559 108 51 pain
785 1564 92 41 and
906 1565 45 40 of
980 1567 202 41 reaction
1210 1568 131 41 when
1369 1581 203 41 pressure
1600 1581 91 27 was
1720 1566 181 55 applied
1930 1571 48 37 to

360 1600 71 48 the
459 1614 115 54 bone
604 1636 47 37 at
681 1635 78 43 the
780 1639 92 50 site
902 1641 45 40 of
975 1643 199 42 fracture
1203 1644 188 43 allowed
1418 1659 52 27 us
1498 1648 49 37 to
1575 1644 116 55 hope
1720 1644 102 41 that
1851 1644 125 41 there

358 1684 143 50 would
521 1699 55 45 be
598 1720 58 29 no
680 1714 266 56 awakening
970 1719 45 39 of
1036 1719 218 43 infection
1276 1735 48 28 as
1348 1735 25 27 a
1395 1721 139 42 result
1558 1721 54 42 of
1612 1721 90 42 the
1725 1720 246 55 operation.

438 1763 132 57 From
604 1797 33 33 a
664 1788 324 58 physiological
1023 1796 128 53 point
1187 1798 44 40 of
1264 1798 114 41 view
1411 1798 78 41 the
1523 1797 328 43 consolidation
1882 1812 91 28 was

354 1835 266 76 Clently
649 1863 100 46 firm
781 1868 62 54 by
873 1870 77 41 the
982 1873 88 40 end
1100 1873 45 39 of
1176 1878 89 36 two
1296 1875 184 41 months
1510 1875 70 40 for
1609 1875 77 42 the
1716 1874 177 55 patient
1923 1880 48 37 to

354 1914 68 38 eat
445 1923 110 46 with
579 1934 177 62 facility
781 1946 91 41 and
896 1952 49 35 to
970 1949 55 40 be
1050 1948 190 43 allowed
1264 1955 47 37 to
1336 1951 172 41 remain
1533 1966 57 27 on
1615 1951 148 43 active
1787 1951 181 43 service.
