2449 3904
702 424 317 34 MOBILISATION
1048 419 258 49 MÉCANIQUE
1337 420 138 38 D'UNE
1505 431 211 37 ESQUILLE
1944 420 74 49 183

397 498 158 49 argent,
584 516 46 29 sa
653 510 121 48 paroi
798 512 201 42 verticale
1023 520 64 34 est
1113 514 191 41 arrondie
1331 528 51 26 en
1406 515 77 39 bas
1509 518 41 36 et
1576 516 51 39 de
1652 509 163 57 chaque
1839 516 111 46 côté;
1978 512 41 42 la

395 561 117 39 Paroi
539 572 239 49 supérieure
806 581 68 35 est
898 579 260 41 horizontale
1186 584 41 35 et
1254 581 193 50 présente
1474 592 83 30 une
1586 583 224 43 ouverture
1837 578 179 51 longitu-

395 617 137 50 cinale
553 632 155 46 fermée
728 654 78 38 par
826 657 59 25 un
906 643 116 41 volet
1044 647 25 38 à
1091 646 182 51 glissière
1295 646 34 39 0
1357 646 83 51 (fig.
1465 645 54 52 2).

474 691 118 47 Cette
611 710 226 37 ouverture
855 710 168 40 domine
1040 711 39 39 le
1096 712 120 51 foyer
1232 712 51 38 de
1302 711 182 39 fracture
1502 714 42 36 et
1561 711 42 39 la
1619 710 122 52 plaie,
1761 711 75 39 elle
1853 714 162 48 permet

393 747 50 90 de
461 754 104 45 fixer
580 764 60 40 les
658 770 238 54 élastiques,
918 776 52 38 de
988 776 208 39 contrôler
1212 776 89 38 leur
1319 775 140 39 action
1478 779 41 36 et
1539 777 52 38 de
1608 776 103 39 faire
1730 777 51 39 de
1800 776 213 50 fréquents

391 807 166 62 avages
587 842 53 27 au
671 835 110 39 bock
809 850 97 26 sans
938 840 144 39 retirer
1110 839 230 52 l'appareil.

469 882 35 39 A
522 887 35 51 1
557 887 197 51 intérieur
770 904 42 35 et
832 915 51 26 en
901 903 106 40 haut
1025 905 52 39 de
1095 908 112 36 cette
1223 903 115 52 pièce
1357 904 50 39 de
1425 904 217 47 maintien,
1662 906 24 39 à
1705 906 93 38 côté
1816 905 72 38 des
1906 903 105 49 tiges

1123 2474 76 40 FIG.
1199 2474 46 40 3.

361 2625 156 64 Carrécs
537 2645 97 35 sont
656 2648 152 38 soudés
826 2650 112 39 deux
959 2651 190 39 crochets
1170 2650 20 38 I
1212 2651 24 38 à
1256 2652 225 36 ouverture
1501 2646 248 52 supérieure.
1772 2646 58 39 Ils
1850 2648 133 38 déter-

359 2682 161 103 nUnent
538 2714 103 31 avec
660 2708 39 40 le
718 2714 169 39 crochet
908 2715 57 39 du
983 2714 131 41 levier
1131 2728 58 26 un
1208 2713 177 50 triangle
1404 2711 149 39 isocèle
1573 2714 41 36 et
1635 2714 95 35 sont
1752 2710 136 40 réunis
1907 2723 79 39 par

412 2760 40 57 s
452 2760 241 57 élastiques
730 2776 41 39 H
807 2780 380 50 progressivement
1222 2777 95 53 plus
1352 2777 233 40 nombreux
1621 2779 42 36 et
1698 2774 96 53 plus
1829 2776 154 39 tendus

357 2808 172 100 2).
562 2834 76 40 Ces
658 2839 241 54 élastiques,
920 2846 181 50 changés
1129 2845 163 49 chaque
1318 2840 149 47 matin,
1498 2840 293 52 n'empêchent
1819 2853 76 39 pas
1923 2840 59 40 les

357 2830 38 109 |
395 2830 134 109 avages
529 2830 78 109 au
630 2916 123 28 cours
776 2909 53 38 de
851 2908 41 40 la
913 2910 185 48 journée.

352 2995 194 90 Pans
580 3010 34 40 le
648 3016 69 40 but
748 3020 47 38 de
825 3020 175 49 faciliter
1031 3023 41 38 la
1103 3019 217 53 migration.
1320 3019 59 53 de
1379 3019 258 53 l'esquille,
1670 3020 56 39 les
1756 3020 222 53 fragments

352 3048 179 80 la^aux
561 3087 51 27 ne
641 3087 92 34 sont
760 3088 78 47 pas
868 3087 232 39 maintenus
1131 3087 36 43 à
1185 3085 234 39 écartement
1447 3085 169 38 normal.
1648 3085 62 39 La
1737 3086 157 39 clavette
1918 3086 59 50 M,

353 3121 82 63 qui
435 3121 247 63 Permettait
721 3148 25 37 à
786 3162 61 26 ces
883 3151 221 52 fragments
1140 3151 47 38 de
1220 3153 196 35 retrouver
1449 3162 81 26 une
1563 3150 210 40 occlusion.
1798 3155 178 44 correcte,

348 3189 65 104 est
436 3204 220 48 remplacée
684 3215 80 47 par
794 3227 81 27 une
906 3217 158 39 clavette
1092 3216 95 52 plus
1218 3215 146 50 longue
1399 3214 72 52 (un
1501 3215 380 52 demi-centimètre).
1914 3216 62 39 La

349 3247 109 47 606
478 3263 48 41 de
546 3273 200 45 maintien
769 3285 56 34 est
848 3280 145 41 établie
1011 3286 106 49 pour
1139 3285 56 35 cet
1215 3280 233 40 écartement
1469 3281 237 54 maximum.
1731 3282 42 38 Il
1794 3295 103 27 nous
1920 3286 57 35 est
