2473 3904
701 440 220 34 APPAREIL
950 447 118 29 POUR
1097 436 259 40 RÉDUSTION
1385 447 60 28 DE
1475 447 256 29 FRACTURES
1947 441 75 48 165

489 510 124 51 Nous
655 525 212 47 décidons
909 532 54 41 de
1004 533 233 54 pratiquer
1275 532 44 40 la
1358 532 236 41 réduction
1633 533 290 54 prothétique
1965 548 58 27 au

403 584 162 96 jïïoyen
587 592 61 43 du
670 597 175 46 chariot
866 603 26 41 à
914 603 194 53 glissière
1131 617 109 28 avec
1261 603 68 41 vis
1352 603 52 41 de
1427 603 168 53 rappel,
1616 617 58 27 en
1696 603 325 42 immobilisant

403 641 37 44 le
462 650 223 60 fragment
708 669 119 44 droit
850 686 58 28 au
929 688 166 41 moyen
1118 674 133 42 d'une
1273 672 212 42 mortaise
1507 674 164 41 soudée
1693 687 76 27 sur
1788 674 233 54 l'appareil

402 724 226 50 supérieur
660 735 90 58 (fig.
784 742 58 54 5).

486 805 50 43 13
572 809 246 49 septembre.
857 814 109 42 Mise
1001 830 55 27 en
1091 816 173 41 bouche
1300 815 76 41 des
1410 813 222 55 appareils
1667 818 45 37 et
1748 814 60 41 du
1843 814 175 42 chariot

400 852 267 66 (représenté
702 880 217 46 ci-dessus
952 900 83 40 par
1069 900 86 28 une
1189 884 328 56 photographie
1552 884 76 41 des
1662 884 261 54 moulages).

483 944 52 45 14
573 949 234 49 septembre
854 959 38 38 et
937 956 121 55 jours
1098 957 207 42 suivants.
1349 954 255 42 Réduction
1643 954 276 54 progressive
1959 968 55 27 en

397 992 36 59 1
433 992 127 59 lsant
589 1019 213 45 exécuter
829 1038 62 27 un
921 1039 58 28 ou
1009 1027 118 41 deux
1155 1030 126 38 tours
1311 1026 24 40 à
1364 1025 43 41 la
1436 1024 67 43 vis
1533 1025 54 41 de
1616 1024 168 55 rappel.

480 1085 50 32 21
557 1089 245 49 septembre.
830 1096 65 40 La
916 1097 238 41 réduction
1179 1101 67 38 est
1271 1095 242 55 complète;
1539 1095 28 40 il
1592 1109 112 27 nous
1729 1098 67 38 est
1820 1094 229 55 possible

394 1134 51 43 de
468 1145 149 51 placer
640 1160 369 49 ultérieurement
1036 1168 111 42 dans
1172 1167 65 42 la
1237 1167 175 42 bouche
1438 1167 60 41 du
1523 1166 141 41 blessé
1690 1166 75 50 des
1791 1165 221 55 appareils

392 1215 312 57 Masticateurs
727 1236 269 51 provisoires
1024 1239 90 54 (fig.
1141 1238 57 56 6).

401 1402 28 41 l'
473 1344 108 58 OBS,
618 1357 86 45 III.
739 1388 59 5 -
830 1365 157 45 Soldat
1022 1369 99 48 G.,
1156 1369 143 41 blessé
1330 1368 40 41 le
1404 1376 51 43 25
1490 1366 112 42 avril
1638 1367 108 52 1918
1780 1379 82 41 par
1893 1365 115 42 éclat

340 1402 218 60 °bus.
587 1425 142 49 Entré
754 1449 60 27 au
839 1437 160 43 Centre
1026 1440 53 41 de
1108 1440 178 41 Rennes
1310 1439 39 41 le
1375 1452 23 39 3
1426 1438 103 41 mai.

470 1483 40 42 A
549 1500 118 40 cette
709 1505 201 55 époque,
939 1508 224 44 l'examen
1204 1509 192 54 clinique
1437 1523 26 27 a
1500 1507 146 43 révélé
1685 1521 86 28 une
1811 1507 196 41 fracture

385 1554 260 77 squilleuse
675 1573 53 41 de
757 1575 43 42 la
829 1577 196 44 branche
1054 1580 277 42 horizontale
1361 1580 143 41 droite
1534 1580 60 41 du
1621 1577 248 43 maxillaire
1896 1577 110 41 infé-

384 1613 114 51 17iotir
518 1643 109 36 avec
648 1640 280 59 importante
950 1655 126 49 perte
1099 1652 54 41 de
1176 1652 240 41 substance
1438 1650 352 55 correspondant
1812 1650 26 40 à
1862 1647 68 53 6.5
1949 1674 58 3 —

384 1689 95 107 qui
488 1707 79 37 ont
598 1710 71 42 été
699 1716 205 44 enlevées
935 1734 82 40 par
1045 1721 39 42 le
1116 1721 252 55 projectile;
1400 1721 30 41 il
1461 1721 183 42 existait
1664 1735 64 27 en
1760 1724 127 37 outre
1917 1733 89 27 une

384 1752 226 95 déviation
635 1782 61 42 du
720 1786 228 55 fragment
976 1792 171 53 gauche
1179 1807 100 28 vers
1308 1792 44 41 la
1385 1792 143 42 droite
1555 1792 107 41 d'au
1689 1790 143 44 moins
1858 1803 22 28 i
1906 1804 98 28 cen-

381 1823 189 62 ie.
595 1848 64 44 La
684 1857 237 44 réduction
948 1861 53 42 de
1026 1861 43 42 la
1094 1863 197 42 fracture
1317 1877 26 27 a
1368 1865 71 47 été
1464 1863 245 55 entreprise
1730 1876 58 28 au
1812 1862 112 42 mois
1951 1862 53 42 de

381 1889 94 55 ju-
499 1922 55 31 en
580 1920 207 48 utilisant
824 1929 44 41 la
900 1930 119 43 force
1045 1931 368 44 intermaxillaire
1441 1948 58 27 au
1524 1947 164 41 moyen
1716 1932 287 55 d'élastiques

379 1961 106 53 fix,
512 1992 75 32 sur
612 1990 77 43 des
721 2009 97 29 arcs
844 1999 25 40 à
895 1999 210 44 boutons.
1143 2003 80 42 Ces
1255 2017 96 27 arcs
1384 2008 78 37 ont
1497 2003 117 42 servi
1645 2003 269 55 d'appareils
1947 2004 53 41 de

379 2044 270 67 Contention.
675 2063 61 43 Le
759 2066 142 45 blessé
924 2075 68 37 est
1018 2072 207 42 examiné
1246 2087 82 40 par
1348 2087 114 28 nous
1492 2087 55 28 en
1577 2073 266 54 septembre,
1872 2075 127 52 après

377 2108 39 63 n
416 2108 59 63 ev
475 2108 179 63 vernent
678 2134 77 43 des
777 2151 110 29 arcs.

461 2182 123 54 Nous
613 2210 266 41 constatons
910 2225 87 40 que
1026 2212 45 42 la
1100 2212 329 42 consolidation
1458 2218 68 37 est
1556 2226 189 41 presque
1776 2213 221 55 complète

375 2248 43 77 et
447 2266 84 42 que
560 2264 39 44 le
629 2271 226 58 fragment
885 2283 172 51 gauche
1087 2286 68 38 est
1184 2286 254 40 nettement
1469 2282 128 43 dévié
1627 2296 99 28 vers
1755 2283 43 40 la
1829 2283 165 48 droite;

372 2310 216 76 articulé
611 2348 66 37 est
702 2347 272 46 défectueux
997 2357 44 37 et
1064 2352 43 42 la
1130 2352 236 42 réduction
1387 2353 223 41 manuelle
1633 2357 67 37 est
1724 2353 268 41 totalement

369 2380 281 74 Irréalisable.
687 2417 221 46 Désireux
941 2424 191 41 d'éviter
1169 2438 58 26 au
1264 2423 142 42 blessé
1444 2438 86 27 une
1556 2423 279 48 ostéotomie,
1864 2424 126 40 d'au-

370 2456 100 50 tant
502 2474 100 52 Plus
636 2498 86 41 que
755 2490 44 41 la
833 2493 232 43 déviation
1098 2509 55 26 ne
1187 2494 185 54 dépasse
1406 2508 80 40 pas
1520 2503 24 42 5
1578 2494 27 40 à
1638 2493 25 41 6
1696 2493 292 48 millimètres,

369 2535 110 65 s
513 2547 183 50 tentons
731 2559 43 42 la
809 2564 236 42 réduction
1079 2563 290 56 prothétique
1404 2577 109 28 avec
1547 2564 40 41 le
1621 2563 173 41 chariot
1830 2564 25 40 à
1890 2563 100 53 glis-

370 2593 104 84 lere
474 2593 124 84 (fig.
598 2593 84 84 7).

453 2685 128 54 15-19
617 2697 174 45 octobre.
829 2703 65 41 La
927 2705 249 42 correction
1211 2704 53 41 de
1297 2703 222 42 l'articulé
1552 2707 67 37 est
1654 2703 180 42 réalisée
1869 2703 119 41 aussi

365 2743 280 61 apidement
689 2782 86 40 que
819 2774 112 42 dans
974 2776 61 41 les
1081 2774 310 43 observations
1434 2774 302 54 précédentes.
1783 2774 115 42 Chez
1938 2788 48 28 ce

363 2801 140 110 blessé
530 2839 113 36 nous
671 2851 143 34 avons
842 2845 149 42 utilisé
1018 2847 43 40 la
1089 2846 102 41 selle
1220 2849 45 37 et
1291 2844 44 41 la
1361 2843 194 55 glissière
1584 2844 325 50 démontables,
1926 2839 58 48 et

363 2871 60 49 les
449 2899 220 48 appareils
696 2911 215 52 primitifs
939 2921 80 37 ont
1046 2915 185 43 conduit
1250 2915 46 41 le
1323 2915 143 41 blessé
1491 2914 26 41 à
1544 2928 87 29 une
1658 2916 327 42 consolidation

364 2956 186 58 que
591 2980 234 53 complète.
872 2986 127 42 Seule
1040 2987 42 41 la
1124 2985 216 42 nécessité
1381 2985 53 41 de
1475 2999 81 30 son
1588 2986 160 55 départ
1785 2988 116 42 hâtif
1932 3002 55 28 en

362 3027 61 75 a
423 3027 279 75 0SCence
731 3066 55 28 en
813 3056 176 54 Algérie
1016 3072 113 27 nous
1158 3071 26 27 a
1212 3056 227 42 contraint
1467 3057 26 41 à
1522 3058 237 55 appliquer
1784 3060 43 41 la
1855 3064 129 50 gout-

361 3086 107 53 Iere
493 3105 54 43 de
572 3122 265 45 contention
862 3130 281 53 représentée
1169 3127 244 42 ci-dessous
1442 3128 90 55 (fig.
1561 3129 57 54 8).
