2444 3912
429 440 79 40 150
820 439 56 29 LA
901 440 336 29 RESTAURATION
1264 440 406 30 MAXILLO-FACIALE

522 532 49 38 2°
603 525 206 43 Création
839 527 108 41 d'un
976 528 158 43 tunnel
1162 529 141 41 allant
1332 529 55 41 de
1415 528 120 42 l'une
1563 528 26 40 à
1617 527 160 42 l'autre
1806 532 44 38 et
1878 525 185 58 passant

434 601 127 39 entre
591 597 39 42 le
658 597 106 54 plan
793 599 164 40 cutané
985 603 183 38 externe
1197 603 44 38 et
1271 599 38 42 le
1338 599 107 56 plan
1475 600 164 40 cutané
1667 597 311 43 intra-buccal.

523 673 49 47 3°
604 667 311 45 Prélèvement
957 684 59 27 au
1058 669 113 42 tibia
1213 669 134 42 d'une
1390 669 115 42 lame
1549 668 419 56 ostéo-périostique
2011 666 53 42 de

438 752 51 29 12
523 738 285 43 centimètres
839 740 185 42 environ
1057 745 43 38 et
1132 740 276 42 insinuation
1440 741 54 41 de
1526 744 119 38 cette
1674 740 116 41 lame
1821 737 243 57 préalable-

434 814 124 38 ment
591 812 166 41 coudée
787 825 54 28 en
874 813 117 41 deux
1022 811 165 55 points,
1220 824 103 29 sous
1353 810 39 42 le
1422 810 158 42 tunnel
1609 811 187 55 préparé
1825 823 115 42 pour
1969 807 92 44 elle.

1188 2562 79 41 FIG.
1267 2562 48 41 9.

437 2725 83 42 Ces
553 2726 117 42 deux
703 2727 261 43 extrémités
996 2730 102 38 sont
1127 2726 360 54 soigneusement
1520 2724 133 43 mises
1685 2738 58 28 au
1776 2726 181 39 contact
1996 2721 77 42 des

442 2796 118 41 deux
600 2798 259 42 extrémités
898 2799 78 42 des
1013 2797 220 42 branches
1271 2799 274 39 montantes.
1588 2795 117 42 C'est
1752 2795 43 41 la
1833 2792 243 55 technique

441 2866 245 43 habituelle
729 2883 87 40 que
866 2883 115 28 nous
1025 2882 141 29 avons
1214 2866 231 55 employée
1489 2865 186 43 environ
1722 2867 225 54 quarante
1992 2860 84 44 fois

444 2950 115 44 pour
584 2936 61 42 les
671 2940 159 51 greffes
859 2953 200 29 osseuses
1090 2939 121 42 selon
1244 2938 43 42 la
1319 2937 213 42 méthode
1565 2937 53 41 de
1652 2935 289 55 Delagénière
1972 2937 44 39 et
2049 2930 27 41 à

442 3007 192 56 laquelle
662 3022 113 28 nous
805 3011 172 41 devons
1007 3025 88 27 une
1124 3008 262 56 proportion
1415 3007 307 42 considérable
1750 3008 55 41 de
1834 3007 150 41 succès
2018 3002 57 55 (la

450 3091 190 44 presque
680 3079 193 55 totalité)
917 3081 77 42 des
1034 3095 74 27 cas
1147 3081 327 41 suffisamment
1514 3077 192 43 anciens.

532 3150 62 42 Le
632 3147 188 43 résultat
859 3151 146 43 actuel
1049 3150 103 42 bien
1200 3150 254 54 représenté
1499 3163 83 42 par
1626 3148 62 43 les
1726 3144 350 59 photographies

444 3220 226 57 ci-jointes
703 3218 89 55 (fig.
818 3220 24 40 8
870 3225 44 37 et
945 3222 39 54 9)
1014 3226 46 37 et
1090 3235 80 41 par
1197 3220 64 43 les
1284 3219 254 56 aquarelles
1570 3219 106 42 hors
1702 3223 140 45 texte,
1869 3223 66 37 est
1963 3213 111 46 véri-

443 3293 250 43 tablement
746 3288 289 46 satisfaisant.
1084 3292 36 42 Il
1159 3307 55 27 ne
1261 3295 109 53 peut
1408 3292 253 55 cependant
1701 3290 105 51 être,
1845 3289 27 42 à
1910 3289 166 42 l'heure
