2455 3910
685 464 289 35 MECHANICAL
1005 471 317 30 MOBILISATiON
1353 471 54 29 OF
1436 472 26 27 A
1494 472 211 29 SPLINTER
1924 466 76 48 I9

431 3381 278 53 RESTAURATION
709 3381 386 53 MAXILLO-FACIALE.
1809 3416 33 30 13

460 530 49 44 In
536 553 25 26 a
587 543 78 42 few
691 549 105 52 days
824 554 72 39 the
923 558 152 39 wound
1102 556 34 38 is
1158 555 234 47 cicatrized,
1416 556 72 38 the
1513 555 175 51 splinter
1712 556 34 38 is
1771 558 149 38 coated
1947 556 54 39 all

379 598 99 69 er
500 598 55 43 its
580 612 164 41 surface
768 616 61 51 by
851 632 24 26 a
901 620 163 41 normal
1090 620 140 47 tissue,
1259 620 116 39 there
1399 619 35 39 is
1457 633 53 26 no
1535 631 115 29 more
1675 620 289 53 suppuration.

456 660 86 45 file
563 672 154 57 sliding
740 681 128 52 strips
892 697 69 27 are
982 685 148 41 united
1153 686 59 50 by
1234 697 137 27 screw.

453 724 86 46 The
569 736 231 55 fragments
830 747 124 53 being
984 749 41 41 in
1057 749 278 53 equilibrium,
1370 750 72 39 the
1470 749 270 41 articulation
1770 749 35 38 is
1834 763 160 27 accom-

375 782 158 100 led
562 799 41 42 in
631 819 79 28 one
737 811 147 51 period
910 815 112 51 only,
1055 815 71 40 the
1153 815 210 39 occlusion
1392 814 34 38 is
1452 815 174 45 normal,
1658 815 71 38 the
1757 814 236 51 dynamism

379 859 183 43 ecomes
586 881 115 30 more
726 879 212 48 powerful.

378 1036 30 41 U
452 987 33 37 A
530 993 172 48 Guerini
731 1006 109 49 plate
872 1011 208 49 completes
1111 1011 62 38 the
1205 1015 203 34 treatment
1444 1010 48 50 by
1523 1010 160 50 raising
1713 1009 61 39 the
1807 1009 182 51 splinter.

378 1036 64 45 jj7
469 1063 106 34 must
600 1066 118 48 point
746 1075 67 33 out
841 1085 94 26 once
963 1087 106 26 more
1096 1075 62 39 the
1186 1075 216 49 successful
1430 1075 130 39 action
1589 1075 42 48 of
1655 1074 105 39 these
1790 1075 128 50 plates
1947 1073 44 40 in

373 1113 211 50 numerous
608 1132 182 41 varieties
810 1137 47 48 of
876 1140 191 38 maxillar
1086 1140 173 48 fractures
1259 1140 52 48 ;
1334 1140 44 40 in
1399 1141 222 51 particular
1644 1139 44 39 in
1711 1139 61 39 the
1798 1138 192 49 fractures

370 1119 68 134 oj
438 1119 68 134 th
506 1119 115 134 bod
647 1196 42 48 of
712 1199 62 38 the
799 1201 116 40 lower
940 1205 211 45 maxillar,
1151 1205 128 45 when
1305 1206 103 38 there
1434 1206 35 38 is
1494 1218 51 26 no
1570 1205 144 38 wound
1739 1203 44 39 in
1809 1203 61 39 the
1894 1203 92 38 sub-

371 1242 186 48 maxÛlar
574 1269 44 25 or
635 1262 228 42 su^men^
880 1268 169 50 regions,
1072 1269 88 50 they
1178 1275 61 34 act
1257 1269 251 51 exceedingly
1524 1270 88 38 well
1628 1269 62 49 for
1707 1268 62 39 the
1786 1267 202 39 reduction

369 1304 80 37 and
472 1311 61 41 the
558 1327 236 47 contention,
823 1330 88 50 they
938 1333 120 38 assist
1084 1335 44 38 in
1154 1333 325 51 re-establishing
1502 1333 63 39 the
1588 1333 203 39 muscular
1815 1344 173 38 synergy

370 1369 78 38 and
469 1376 62 41 the
551 1391 159 38 normal
732 1392 211 44 cinematic
966 1397 43 49 of
1028 1399 62 38 the
1112 1399 215 40 mandible.

441 1499 85 46 The
547 1516 311 56 radiographies
879 1525 127 41 taken
1028 1529 143 39 before
1192 1530 71 39 the
1283 1529 224 52 departure
1525 1528 43 39 of
1589 1528 71 39 the
1677 1526 164 52 patient
1869 1528 112 38 show

363 1554 68 44 the
460 1580 245 48 Coaptation
705 1580 67 48 of
772 1580 113 48 the
916 1591 177 50 splinter
1121 1594 101 39 with
1256 1594 71 39 the
1364 1593 146 40 lateral
1541 1594 239 49 fragments,
1812 1604 169 28 osseous

361 1615 102 58 bav.
493 1647 108 34 Seern
634 1651 44 34 to
706 1650 121 41 form.
911 1655 57 38 At
1000 1657 72 39 the
1100 1658 165 39 clinical
1293 1657 297 46 examination,
1620 1657 143 51 nearly
1788 1670 52 25 no
1867 1669 113 27 more

360 1690 76 103 1
569 1704 34 40 is
624 1710 133 42 found
777 1717 188 40 between
987 1721 72 37 the
1079 1721 176 50 splinter
1273 1723 84 38 and
1379 1723 70 39 the
1470 1722 73 39 left
1570 1720 233 41 horizontal
1823 1720 153 39 branch

363 1743 109 105 on:,
472 1743 153 105 month
652 1777 111 40 after
786 1782 158 51 having
970 1785 126 39 taken
1124 1800 120 37 away
1270 1788 71 38 the
1367 1787 141 40 action
1534 1786 172 51 device).

434 1820 86 46 le
545 1838 165 46 patient
738 1843 34 38 is
800 1850 244 43 evacuated,
1075 1850 99 39 with
1205 1851 63 39 his
1295 1856 229 48 apparatus
1558 1852 64 37 for
1646 1849 257 47 contention,
1934 1854 43 35 to

355 1883 23 29 a
411 1893 88 35 rear
528 1909 136 44 camp.

442 2016 37 43 If
510 2028 76 45 the
620 2035 139 46 forces
791 2043 174 54 against
999 2047 144 41 which
1175 2048 76 41 the
1275 2048 160 51 device
1468 2049 89 41 had
1595 2053 46 36 to
1674 2049 195 42 contend
1900 2061 73 29 are

355 2093 252 112 onsidered
630 2111 33 43 it
689 2116 87 41 will
800 2119 54 41 be
878 2120 141 44 found
1043 2124 100 41 that
1169 2124 76 41 the
1268 2125 137 41 result
1428 2139 90 27 was
1541 2124 185 55 quickly
1750 2123 217 44 attained.

356 2155 86 93 The
466 2182 302 52 mobilisation
795 2209 90 29 was
911 2198 214 43 obtained
1150 2199 213 56 painless;
1391 2202 75 39 the
1491 2205 180 36 contact
1697 2200 47 40 of
1768 2200 77 41 the
1870 2200 94 48 rod,

351 2239 139 75 vhIch
513 2254 35 44 is
571 2266 191 46 reduced
786 2276 47 37 to
857 2274 77 41 the
956 2274 252 51 minimum,
1234 2290 88 28 was
1345 2276 217 55 perfectly
1585 2275 96 42 well
1705 2276 256 54 supported.

353 2307 23 44 I
388 2313 53 48 6
462 2335 152 46 return
636 2346 47 39 to
706 2347 77 42 the
803 2351 227 41 anatomic
1052 2353 90 40 and
1163 2352 271 54 physiologic
1455 2351 195 42 normals
1671 2352 80 40 has
1772 2351 190 42 reduced

352 2387 72 47 the
450 2411 283 52 Possibilities
760 2425 44 40 of
831 2426 271 44 ossification
1129 2428 46 41 of
1200 2428 74 41 the
1304 2428 110 41 floor
1438 2428 89 40 and
1552 2428 80 40 has
1655 2426 132 54 given
1813 2431 49 36 to
1889 2427 76 40 the

351 2459 108 65 bays
499 2497 25 28 a
567 2490 229 52 favorable
839 2502 215 43 direction
1099 2505 68 40 for
1212 2519 25 26 a
1279 2518 121 27 more
1440 2503 169 42 certain
1651 2504 89 40 and
1782 2506 180 53 prompt

347 2549 332 64 consolidation.

431 2626 130 53 There
598 2645 40 41 is
674 2664 151 31 reason
863 2659 39 37 to
940 2657 201 41 conclude
1177 2658 91 40 that
1305 2670 25 26 a
1365 2655 266 43 mechanical
1666 2655 154 48 action,
1861 2654 99 42 with

345 2702 251 80 1ltliiuous
639 2728 154 50 power,
841 2732 146 53 slowly
1031 2733 286 54 progressing,
1365 2746 79 26 can
1493 2731 44 40 be
1581 2730 207 41 exercized
1832 2744 54 26 on
1931 2744 26 27 a

353 2772 168 73 Pinter
539 2792 38 52 if
594 2810 26 27 a
637 2814 150 33 means
806 2807 45 52 of
866 2809 257 53 prehension
1143 2809 127 40 exists
1289 2808 87 40 and
1398 2807 35 51 if
1449 2807 66 40 the
1533 2806 218 55 splinter's
1768 2806 191 55 position

344 2838 35 84 is
408 2862 101 41 such
539 2870 90 45 that
656 2878 136 57 fairly
825 2886 106 51 good
962 2886 212 42 nutrition
1205 2884 239 41 conditions
1475 2896 70 28 are
1583 2883 206 49 obtained,
1824 2882 132 43 which

340 2915 37 43 is
397 2938 71 36 not
486 2953 270 47 uncommon.
