2342 3882
496 441 74 42 174
883 443 57 29 LA
964 443 342 29 RESTAURATION
1331 441 412 31 MAXILLO-FACIALE

495 527 200 43 diminue
726 543 55 27 en
810 529 182 41 taillant
1021 529 90 41 l'os
1134 528 184 43 suivant
1347 528 274 74 l'épaisseur.
1656 527 180 43 Section
1867 529 67 41 du
1957 524 167 59 greffon

495 613 55 27 en
585 600 120 41 deux
739 605 240 49 segments.

581 676 51 48 4°
663 670 109 42 Mise
796 672 27 40 à
843 671 101 55 plat
970 672 53 40 de
1047 670 96 42 l'un
1168 671 136 42 d'eux
1327 681 77 31 sur
1425 671 45 41 la
1492 672 98 40 face
1613 670 190 50 interne,
1830 684 84 27 son
1934 667 201 58 périoste

494 742 129 41 étant
651 743 164 44 tourné
843 742 61 41 du
932 744 100 39 côté
1059 741 159 42 buccal
1247 743 65 40 et'
1320 752 67 31 ses
1416 741 262 42 extrémités
1707 741 254 42 débordant
1989 739 133 51 large-

1128 1591 247 40 Radiographie
1399 1597 52 25 lio
1451 1597 39 25 i.

493 1754 126 37 ment
642 1749 61 43 les
727 1750 261 43 extrémités
1013 1765 212 29 osseuses.
1253 1752 109 42 Mise
1385 1766 55 29 en
1462 1752 126 56 place
1613 1753 62 42 du
1695 1751 237 43 deuxième
1955 1748 168 58 greffon

494 1818 62 42 du
584 1819 100 42 côté
712 1824 197 45 externe,
940 1820 39 42 le
1008 1821 194 54 périoste
1230 1827 156 37 tourne
1386 1827 135 37 vers
1549 1823 43 41 la
1619 1823 98 41 face
1745 1821 163 55 jugale,
1940 1821 54 42 de
2021 1813 102 48 telle

493 1893 119 37 sorte
637 1904 85 39 que
744 1890 62 41 les
830 1889 119 43 deux
970 1892 194 53 greffons
1187 1907 45 27 se
1254 1894 240 53 regardent
1516 1908 83 41 par
1619 1894 96 41 leur
1736 1893 174 42 surface
1934 1895 185 38 osseuse.

1125 2836 249 40 Radiographie
1397 2843 38 22 no
1458 2847 30 18 s.

492 3000 213 44 Fixation
744 3005 54 41 de
837 3020 81 27 son
957 3004 240 43 extrémité
1236 3003 251 43 antérieure
1518 3018 68 27 au
1624 3003 194 56 périoste
1858 3003 146 43 voisin
2042 3006 80 50 par

492 3086 87 27 une
609 3086 106 29 anse
744 3075 54 41 de
828 3081 176 49 catgut.

580 3149 49 46 5°
660 3137 164 50 Suture
855 3147 54 42 de
939 3147 45 42 la
1013 3161 118 41 peau
1161 3161 60 27 au
1251 3145 106 43 crin.
1392 3145 226 55 Drainage
1649 3145 208 42 filiforme
1889 3145 54 42 de
1974 3136 146 52 sûreté

490 3214 132 45 laissé
658 3218 343 50 quarante-huit
1036 3219 173 41 heures.

579 3298 53 32 21
672 3287 244 55 septembre.
957 3289 61 42 Le
1055 3288 177 42 malade
1270 3302 178 41 repasse
1487 3288 112 42 dans
1635 3287 40 43 le
1712 3287 170 42 service
1912 3279 208 49 maxillo-
