2473 3916
727 462 291 34 MECHANICAL
1048 468 318 29 MOBILISATION
1395 469 61 29 OF.
1477 470 29 27 A
1536 470 213 29 SPLINTER
1969 464 77 50 187

456 530 132 64 The
614 540 222 47 horizontal
864 549 189 42 branches
1080 566 67 26 are
1174 553 163 51 slightly
1363 553 121 39 closer
1509 557 38 35 to
1580 554 62 38 the
1667 554 162 39 median
1863 555 94 45 line,
1986 556 62 38 the

424 587 46 54 ri.
470 587 58 54 ght
555 613 72 29 one
655 607 36 40 is
719 610 47 39 in
791 612 306 54 hnguo-version
1097 612 154 54 while
1277 618 62 38 the
1364 618 69 48 left
1460 630 72 26 one
1558 618 37 39 is
1618 618 49 40 in
1693 618 283 51 jugo-version.

493 743 92 68 The
608 758 225 47 apparatus
856 763 213 49 described,
1098 766 306 51 independently
1429 765 42 48 of
1491 765 193 51 reducing
1716 767 82 37 and
1820 766 223 39 contention

420 807 121 57 actwn
541 807 81 57 of
646 820 111 52 large
782 825 223 52 fragments
1034 830 37 38 is
1099 830 187 40 intended
1312 835 36 34 to
1381 830 118 50 bring
1525 835 37 34 to
1590 830 62 39 the
1678 830 157 52 normal
1835 830 203 52 position

417 807 63 97 the
504 871 284 68 intermediary
816 874 171 68 splinter
1015 896 82 38 and
1122 900 37 35 to
1185 895 164 52 provide
1377 895 52 39 its
1457 895 227 51 coaptation
1710 894 95 39 with
1837 895 61 38 the
1934 895 105 39 hori-

416 937 130 81 Zontal
579 944 200 55 branches,
815 959 36 35 to
885 956 177 42 increase
1093 961 91 38 thus
1215 960 62 40 the
1309 960 163 39 chances
1510 960 42 49 of
1582 959 288 40 consolidation
1902 959 45 40 in
1978 960 61 39 the

420 990 148 54 basilar
595 1016 171 49 region'
795 1020 62 39 the
887 1026 261 49 osteogenesis
1177 1024 263 52 establishing
1468 1025 52 39 its
1553 1025 95 50 bays
1684 1024 45 40 in
1757 1024 62 39 the
1848 1024 191 39 direction

417 1059 40 44 of
482 1074 224 56 continuity
735 1083 42 49 of
802 1085 62 38 the
891 1089 263 39 mandibular
1181 1104 77 25 arc.

488 1225 36 40 A
549 1239 287 44 gutter-hame
860 1246 86 47 AB,
973 1248 104 40 with
1104 1249 233 41 vestibular
1359 1249 230 46 extension,
1616 1249 35 38 is
1680 1249 148 51 placed
1851 1261 55 27 on
1933 1249 100 39 each

410 1277 145 77 lateral
579 1299 224 54 fragment.
886 1313 90 39 The
999 1313 76 39 left
1107 1327 81 27 one
1209 1315 36 38 B
1269 1318 191 47 presents
1484 1328 25 25 a
1532 1314 167 40 median
1729 1315 117 50 piece
1871 1325 160 27 recons-

410 1343 175 68 tItuting
609 1364 44 41 in
676 1376 98 45 part
801 1374 73 39 the
897 1375 182 42 internal
1103 1380 115 39 table
1243 1381 84 38 and
1351 1380 204 44 destined,
1582 1379 60 50 by
1665 1377 216 52 adjusting
1905 1391 53 26 on
1985 1381 43 36 to

409 1409 71 73 the
504 1421 125 47 hame
652 1435 46 37 of
723 1437 74 39 the
821 1442 194 49 opposite
1042 1443 100 46 side,
1164 1448 45 35 to
1230 1444 198 39 diminish
1448 1445 72 38 the
1546 1445 95 39 flow
1665 1444 43 38 of
1735 1440 131 43 saliva
1891 1442 44 40 in
1955 1444 73 39 the

407 1469 162 60 injured
588 1497 166 58 region-
754 1497 168 58 namely
942 1505 43 40 in
1005 1508 74 39 the
1096 1508 96 40 chin
1213 1509 163 40 wound.
1452 1509 87 39 The
1559 1507 109 52 right
1688 1508 285 51 gutter-hame
1984 1508 44 38 A

408 1547 191 67 encircles
599 1547 153 67 fairly
778 1568 153 52 deeply
956 1572 74 39 the
1054 1573 218 51 fragment
1291 1573 147 47 which,
1467 1586 105 34 now,
1600 1576 190 49 presents
1815 1572 102 51 only
1942 1576 84 36 two

405 1602 115 50 teeth
547 1627 175 47 capable
750 1633 45 37 of
821 1622 127 63 being
973 1637 177 40 utilized
1178 1652 46 28 as
1253 1639 230 51 anchoring
1509 1638 141 51 pillars
1684 1638 200 52 (curables
1914 1641 112 35 roots

427 1681 53 30 an
503 1678 63 40 be
578 1688 174 45 utilized
772 1683 113 53 later
906 1702 85 51 on).
1071 1703 38 38 A
1132 1703 184 40 metallic
1341 1717 78 37 cap
1443 1704 35 38 is
1503 1703 136 39 sealed
1668 1716 55 25 on
1748 1703 73 39 the
1842 1703 74 51 "57
1942 1702 84 39 and

402 1739 150 45 arries
577 1762 24 27 a
624 1754 252 47 detachable
899 1767 284 39 crown-hook.

481 1804 132 49 These
638 1822 84 38 two
748 1825 145 42 hames
920 1840 70 28 are
1013 1831 149 41 united
1187 1833 60 50 by
1272 1834 117 39 three
1412 1833 172 53 parallel
1611 1834 125 51 strips
1761 1833 39 37 D
1825 1832 195 40 centeied

400 1858 35 73 f
435 1858 52 73 11
487 1858 124 73 owing
639 1885 73 40 the
740 1890 103 40 bent
870 1894 55 39 of
925 1894 94 39 the
1047 1898 161 44 arcade,
1245 1910 81 26 one
1365 1898 112 39 fixed
1518 1904 44 34 at
1604 1898 72 39 the
1717 1898 109 50 right
1871 1896 151 52 sliding

401 1922 185 60 between
610 1947 75 41 the
706 1955 84 37 two
814 1957 143 39 others
979 1960 112 39 fixed
1114 1965 44 34 to
1184 1962 73 39 the
1278 1961 128 40 left.

477 2000 56 40 At
557 2008 72 41 the
650 2013 115 43 front
790 2021 81 38 end
892 2023 45 37 of
959 2025 101 43 each
1081 2030 145 45 gutter
1246 2030 83 35 two
1353 2039 150 38 square
1526 2029 122 38 tubes
1670 2027 76 38 LK
1770 2039 70 28 are
1861 2026 157 39 welded

398 2061 218 62 ertIcally
632 2081 85 38 and
731 2085 175 48 parallel
922 2101 80 26 one
1017 2093 44 34 to
1080 2090 73 38 the
1169 2091 124 39 other
1310 2091 231 49 (reduction
1557 2092 145 38 on'the
1716 2091 168 52 model).
1931 2091 88 39 The

399 2113 182 60 tubes
602 2153 70 27 are
691 2145 142 44 bound
858 2151 60 50 by
938 2166 24 26 a
981 2153 74 50 pin
1075 2153 44 39 in
1141 2155 72 38 the
1233 2151 108 44 form
1368 2156 44 37 of
1441 2169 53 26 an
1514 2160 123 47 upset
1670 2169 29 25 u
1725 2156 54 44 M,
1813 2155 205 50 limitting

396 2182 74 76 the
492 2205 230 45 expansion
747 2214 45 37 of
817 2215 75 39 the
915 2217 149 41 lateral
1088 2219 243 51 fragments.
1413 2220 88 39 The
1526 2222 122 38 tubes
1673 2220 34 38 L
1732 2218 160 41 receive
1917 2221 97 38 rods

394 2250 133 49 Wlllch
548 2278 69 29 are
636 2272 125 50 fixed,
784 2278 239 55 internally,
1047 2288 44 34 to
1114 2297 25 26 a
1156 2283 280 52 maintaining
1453 2284 118 52 piece
1592 2284 28 38 C
1636 2285 49 37 of
1704 2284 72 39 the
1795 2284 126 39 lower
1938 2284 73 51 lip.

472 2319 400 65 cicatrization
892 2347 45 37 of
956 2348 74 39 the
1048 2348 98 40 chin
1166 2350 155 38 wound
1342 2350 154 39 tended
1517 2353 43 34 to
1581 2350 185 51 produce
1786 2348 227 39 retraction

391 2377 43 38 of
443 2385 163 65 6
626 2401 86 61 the
712 2401 282 61 maintaining
1006 2412 129 51 piece,
1153 2413 331 52 independently
1496 2414 107 37 from
1619 2412 56 39 its
1690 2412 142 40 action
1847 2411 165 51 against

390 2439 82 45 this
496 2460 239 55 retraction,
760 2471 36 39 is
816 2480 98 45 part
937 2479 44 36 of
1003 2478 73 38 the
1099 2477 145 40 device
1265 2477 135 39 which
1423 2477 35 38 is
1458 2476 213 42 destined
1693 2480 45 34 to
1760 2475 121 51 bring
1902 2476 108 39 back

388 2500 87 48 Into
498 2527 110 40 good
628 2532 187 48 position
839 2538 73 40 the
933 2540 156 46 basilar
1110 2541 187 50 splinter,
1323 2541 73 38 the
1417 2540 254 51 description
1694 2540 44 38 of
1760 2538 83 39 this
1865 2538 145 40 device

387 2567 72 43 the
481 2583 85 42 sole
588 2591 84 44 aim
693 2599 46 37 of
760 2601 85 39 this
865 2603 279 52 publication.

445 2643 56 51 A
530 2648 113 47 lever
672 2662 34 38 F
733 2664 36 39 is
798 2667 112 40 fixed
939 2670 60 50 by
1026 2684 26 25 a
1079 2671 136 50 hinge,
1247 2669 251 41 articulated
1528 2669 107 39 from
1664 2668 109 40 back
1802 2672 45 34 to
1876 2668 127 46 front,

385 2704 257 57 underneath
672 2727 74 40 the
769 2730 127 42 lower
919 2736 197 38 centered
1142 2735 106 50 strip
1274 2735 182 39 towards
1480 2733 56 38 its
1560 2732 111 51 right
1700 2732 90 39 end.

384 2769 137 93 To
551 2783 86 42 this
664 2792 122 50 point
814 2802 276 49 corresponds
1118 2801 73 38 the
1218 2801 100 38 bare
1345 2802 97 48 part
1468 2798 49 38 of
1544 2798 72 38 the
1645 2797 175 52 splinter
1846 2798 156 41 behind

384 2828 134 51 WhIch
543 2847 73 41 the
643 2856 134 42 fluted
801 2865 134 46 probe
958 2878 79 26 can
1062 2866 230 50 penetrate.
1376 2863 41 38 It
1442 2862 35 39 is
1502 2874 221 39 necessary
1747 2866 48 35 to
1816 2863 188 51 practice

385 2891 70 74 the
473 2911 234 49 maximum
729 2925 144 40 action
895 2932 45 35 at
963 2928 85 39 this
1069 2928 107 41 level
1195 2928 135 40 where
1352 2928 72 38 the
1442 2926 234 42 maximum
1698 2928 301 53 displacement

383 2959 140 50 exists.

458 3028 99 48 This
583 3044 115 43 lever
722 3052 36 38 is
784 3057 262 41 constituted
1075 3072 53 25 on
1157 3061 74 47 top
1260 3058 59 49 by
1345 3071 25 25 a
1397 3057 102 39 tube
1527 3058 34 38 F
1587 3057 43 40 in
1658 3058 135 40 which
1821 3059 124 41 slides
1973 3075 25 25 a

381 3091 71 38 rod
478 3097 36 39 G
539 3106 72 42 the
635 3112 127 44 lower
786 3122 82 38 end
891 3123 54 38 of
961 3114 147 56 whIch,
1138 3121 252 52 spatulated,
1417 3121 35 39 is
1477 3122 157 40 tinned.
1716 3125 87 40 The
1828 3125 168 40 friction

378 3091 206 117 rodCthe
584 3091 154 117 lower
738 3091 130 117 end
891 3121 72 76 of
963 3121 168 76 which,
1131 3121 288 76 spatulated,
1419 3121 72 76 is
1491 3121 192 76 tinned.
1683 3121 96 76 The
1779 3121 217 76 friction

378 3151 16 38 0
445 3160 71 44 the
544 3173 82 41 two
656 3181 136 46 pieces
818 3186 35 38 is
880 3188 107 40 hard
1015 3188 162 52 enough
1204 3192 45 34 to
1276 3186 58 39 let
1361 3188 73 39 the
1461 3190 168 51 spatula
1656 3190 120 40 alone
1803 3195 44 35 to
1875 3193 54 38 be
1954 3191 43 39 in

375 3224 60 56 co
435 3224 120 56 aCt'
576 3237 34 41 it
628 3254 157 34 cannot
806 3256 118 35 enter
942 3258 71 35 too
1034 3253 150 51 deeply
1201 3251 155 41 behind
1376 3254 73 38 the
1467 3253 177 51 splinter
1661 3257 83 38 and
1763 3257 72 38 the
1855 3256 138 46 latter,

374 3278 149 67 Uflng
557 3303 73 41 the
664 3313 288 43 mobilisation
987 3319 225 39 foiewards
1246 3321 155 35 cannot
1438 3331 148 40 escape
1620 3321 107 39 from
1763 3320 55 40 its
1853 3321 141 41 action
