2503 3895
622 438 387 34 RECONSTITUTION
1039 444 64 28 DU
1130 444 159 28 MASSIF
1317 443 279 29 MAXILLAIRE
1625 432 250 40 INFÉRIEUR
1981 441 76 43 145

519 514 354 51 OBSERVATION.
873 514 82 51 -
976 524 217 42 Heinrich
1217 524 89 49 S.,
1333 524 47 40 P.
1408 523 51 41 G.
1488 523 155 42 Soldat
1667 537 59 27 au
1750 529 67 35 IER
1838 523 220 54 régiment

434 578 53 65 de
525 579 254 65 grenadiers
817 594 316 56 poméraniens,
1133 594 196 56 blessé
1368 593 40 42 le
1451 603 53 42 14
1541 592 253 55 septembre
1828 592 125 54 1918,
1990 597 67 38 est

434 660 171 51 envoyé
644 676 55 28 en
741 664 303 43 consultation
1073 678 59 28 au
1161 665 159 42 Centre
1358 663 165 55 spécial
1559 664 55 42 de
1648 658 219 59 chirurgie
1900 663 159 42 faciale

433 716 39 45 le
499 736 56 31 10
593 733 183 43 octobre
813 735 123 55 1918.

519 795 36 43 Il
578 805 217 51 présente
829 820 89 28 une
951 806 261 43 mutilation
1249 804 305 44 considérable
1588 805 290 43 caractérisée
1912 818 73 44 par
1985 818 37 44 :

522 2541 73 35 FIG.
614 2558 29 29 4.
663 2567 39 7 —
717 2553 112 41 Après
840 2556 232 40 l'application
1089 2555 48 30 du
1148 2556 154 29 lambeau
1320 2555 45 29 de
1377 2555 69 29 cuir
1463 2554 142 29 chevelu
1622 2552 52 40 (26
1691 2551 137 30 octobre
1849 2549 103 42 1918).

514 2717 48 33 10
592 2715 132 48 perte
750 2723 56 41 de
832 2727 128 38 toute
986 2723 45 42 la
1055 2724 197 42 branche
1277 2720 277 45 horizontale
1580 2720 62 42 du
1668 2718 251 44 maxillaire
1943 2717 111 42 infé-

428 2771 115 50 rieur
585 2790 45 38 et
673 2791 79 42 des
793 2794 259 53 téguments
1096 2793 228 44 ambiants
1366 2793 215 53 (menton,
1619 2789 120 42 lèvre
1776 2788 274 55 inférieure);

512 2858 50 43 2°
592 2855 292 52 Destruction
910 2865 62 41 du
994 2864 214 55 plancher
1231 2862 159 44 buccal
1414 2865 45 38 et
1485 2862 53 52 de
1562 2860 44 41 la
1630 2858 149 57 partie
1804 2858 249 44 antérieure

428 2912 54 44 de
513 2920 43 43 la
587 2925 175 58 langue,
800 2935 112 41 dont
944 2935 40 41 le
1016 2935 215 53 moignon
1263 2936 66 39 est
1361 2931 348 54 profondément
1742 2931 214 49 rétracté;

512 2997 49 44 3°
592 2995 291 51 Destruction
930 3005 77 42 des
1044 3005 139 55 plans
1228 3000 349 57 sus-hyoïdiens;
1625 3000 99 43 l'os
1761 3002 165 55 hyoïde
1971 3000 82 43 lui-

427 3056 145 49 ttieme
597 3072 67 38 est
690 3073 148 42 réduit
864 3075 27 40 à
913 3088 66 30 un
1002 3075 118 56 petit
1144 3088 154 41 noyau
1323 3086 160 28 osseux
1508 3072 223 43 résultant
1758 3075 55 41 de
1838 3073 43 42 la
1906 3072 148 43 fusion

428 3122 54 44 de
509 3137 215 56 q-uelques
751 3145 206 53 esquilles
986 3150 44 38 et
1058 3160 103 29 sans
1189 3158 173 29 aucune
1378 3143 194 52 attache
1600 3143 450 56 antéro-supérieure.

457 3266 11 10 ,
512 3200 66 45 La
610 3208 175 53 bouche
818 3220 66 37 est
918 3217 296 42 transformée
1247 3230 54 28 en
1334 3229 62 28 un
1428 3218 131 39 vaste
1592 3214 149 43 orifice
1774 3216 277 56 antéro-pos-

427 3264 164 51 térieur
625 3279 108 43 d'où
768 3283 43 42 la
847 3286 138 47 salive
1021 3288 189 44 s'écoule
1246 3301 54 27 en
1335 3298 309 45 permanence.
1683 3285 370 45 L'alimentation
