2336 3888
632 638 438 67 Treatment
1126 634 91 70 of
1260 658 38 45 a
1358 630 580 96 pseudarthritis

738 813 70 58 of
836 814 98 57 the
975 816 179 56 lower
1193 816 113 76 jaw
1344 814 76 76 by
1461 813 154 56 bone
1655 810 188 79 grafts

507 966 276 54 (employing
814 965 76 42 the
921 965 244 54 technique
1196 965 44 40 of
1273 967 56 40 H.
1358 964 367 48 DELAGENIERE,
1759 964 60 41 Lc
1851 965 143 50 Mans)
2027 958 58 47 (').

1147 1143 65 31 BY
1247 1142 191 32 MESSRS.

568 1258 162 40 HENRI
765 1255 335 50 GUILLAKD,

538 1338 132 31 Interne
695 1339 57 29 des
776 1339 164 40 hopitaux
962 1338 40 30 de
1028 1338 101 30 Paris.

1467 1254 135 54 CH.
1602 1254 408 54 BENNEJEANT,

1530 1337 151 30 Docteur
1699 1348 39 19 en
1756 1336 187 38 médccinc,

1435 1390 363 40 Chirurgicn-dentistc
1824 1389 41 30 D.
1886 1388 33 30 F.
1940 1388 45 30 M.
2007 1387 34 30 P.

565 1778 183 42 Private
776 1779 58 40 M.
857 1777 89 42 ben
973 1778 98 48 L.,
1095 1778 149 42 122nd
1271 1779 90 48 Co.,
1387 1778 108 52 15th
1522 1779 218 42 escadron
1767 1778 61 42 du
1855 1778 135 48 train,
2020 1785 89 32 was

476 1849 104 41 shot
610 1852 47 38 at
688 1847 116 43 close
835 1852 206 48 quarters
1071 1848 162 54 during
1262 1863 27 27 a
1316 1849 129 53 fight,
1476 1850 92 42 and
1604 1863 58 27 on
1697 1850 119 53 June
1854 1849 109 41 10th
2000 1842 108 59 1918

476 1932 91 28 was
597 1918 228 41 admitted
854 1923 48 36 to
932 1918 147 53 Major
1107 1918 176 55 Audy's
1312 1920 169 41 service
1511 1924 47 37 at
1589 1920 78 41 the
1697 1920 166 54 special
1892 1919 88 53 jaw
2010 1926 97 33 case

476 1993 153 37 centre
656 1988 219 42 attached
900 1993 49 36 to
977 2002 84 28 one
1089 1990 44 40 of
1162 1989 77 41 the
1269 1990 176 41 French
1471 1991 162 42 armies
1661 1991 43 39 in
1734 1990 78 41 the
1839 1994 112 38 east.
2039 1985 68 43 He

477 2059 184 43 showed
688 2074 26 28 a
744 2059 120 54 large
895 2060 168 42 wound
1091 2060 44 41 in
1171 2060 77 42 the
1278 2061 153 54 region
1462 2061 44 41 of
1540 2061 77 41 the
1647 2061 81 42 left
1755 2062 91 54 jaw
1874 2062 90 42 and
1990 2058 116 44 chin,

476 2131 386 55 communicating
883 2131 141 56 freely
1042 2133 113 41 with
1176 2133 78 41 the
1274 2131 160 43 buccal
1456 2133 166 54 cavity.
1695 2130 69 44 To
1764 2130 92 44 the
1856 2130 115 44 left
1971 2130 138 44 there

477 2216 92 35 was
599 2202 234 42 deviation
870 2202 45 40 of
951 2202 78 41 the
1066 2202 103 41 chin
1206 2203 92 41 and
1333 2207 48 36 to
1403 2202 86 41 the
1520 2202 119 53 right
1674 2202 241 53 flattening
1952 2201 45 41 of
2032 2198 76 43 the

476 2273 136 42 lower
647 2277 102 51 part
789 2273 45 41 of
872 2273 77 42 the
984 2273 134 42 facial
1155 2278 264 38 structures.
1517 2273 143 42 There
1696 2287 92 28 was
1824 2287 27 27 a
1887 2271 221 56 complete

475 2344 200 42 fracture
702 2344 45 40 of
773 2343 78 42 the
877 2343 253 42 horizontal
1156 2344 183 54 portion
1366 2343 45 41 of
1437 2343 78 42 the
1541 2344 135 41 lower
1700 2343 103 54 jaw,
1830 2343 112 41 with
1968 2338 141 46 consi-

477 2414 182 43 derable
681 2414 89 43 loss
793 2414 45 41 of
861 2414 244 42 substance
1128 2414 247 54 extending
1397 2414 117 42 from
1538 2414 77 42 the
1638 2414 136 42 lower
1795 2413 120 54 right
1939 2405 169 51 central

476 2486 166 42 incisor
667 2491 48 36 to
742 2485 79 42 the
847 2486 97 42 first
971 2485 135 43 lower
1130 2485 81 42 left
1238 2485 157 43 molar.
1482 2485 95 42 The
1604 2490 90 36 two
1720 2484 252 55 fragments
1996 2491 113 34 were

479 2556 287 55 abnormally
810 2556 187 49 mobile;
1044 2556 78 41 the
1167 2556 222 54 posterior
1434 2556 182 54 portion
1661 2555 92 42 had
1796 2556 115 41 been
1957 2555 152 41 drawn

480 2628 210 52 upwards
716 2627 92 42 and
832 2626 210 49 inwards,
1069 2626 131 42 while
1227 2626 77 41 the
1331 2626 131 42 other
1486 2626 93 42 had
1604 2626 137 42 fallen
1767 2626 92 41 and
1884 2626 113 42 been
2025 2623 84 42 dis-

478 2697 161 53 placed
666 2697 199 42 towards
895 2697 77 41 the
1002 2696 95 42 left.

565 2768 122 53 June
714 2770 109 41 12th.
911 2768 93 41 The
1031 2772 89 36 two
1146 2767 252 53 fragments
1423 2781 113 28 were
1562 2772 68 37 set
1656 2767 46 40 in
1727 2772 174 37 correct
1928 2763 180 58 apposi-

480 2822 98 55 tion
603 2837 62 54 by
691 2853 27 26 a
744 2838 237 42 cemented
1007 2838 139 42 metal
1173 2837 154 55 splint.
1415 2837 107 42 This
1550 2837 138 55 splint
1716 2851 91 29 was
1834 2836 133 44 made
1993 2838 115 39 from

480 2920 25 26 a
527 2920 123 38 press
671 2909 175 53 casting
868 2909 44 40 of
936 2924 25 26 a
982 2908 113 53 light
1119 2908 269 42 aluminium
1410 2908 121 54 alloy
1553 2907 218 43 obtained
1790 2908 117 42 from
1930 2901 179 48 disused

481 2981 181 37 carters.
753 2979 43 41 It
824 2994 92 28 was
944 2979 171 53 ligated
1143 2984 48 36 to
1222 2979 77 41 the
1327 2979 145 53 larger
1499 2980 227 52 fragment
1755 2979 63 54 by
1847 2984 90 36 two
1966 2978 143 55 pieces

481 3044 45 42 of
553 3045 126 43 brass
706 3048 103 41 wire
836 3050 183 52 passing
1045 3050 205 41 between
1276 3050 78 41 the
1381 3050 267 54 pre-molars
1675 3050 92 41 and
1793 3050 77 41 the
1896 3050 97 42 first
2021 3042 89 48 and

479 3115 168 44 second
683 3118 180 49 molars,
904 3121 91 41 and
1032 3135 91 27 was
1162 3120 121 43 fixed
1320 3120 63 55 by
1422 3120 181 42 Caulk's
1641 3126 192 36 cement.
1932 3122 62 40 At
2032 3118 76 43 the

479 3188 85 43 site
592 3184 44 41 of
663 3185 80 43 the
768 3189 186 54 missing
980 3191 258 48 substance,
1266 3190 45 41 in
1340 3191 130 42 order
1496 3196 48 36 to
1573 3196 291 49 compensate
1891 3206 49 27 as
1965 3191 71 42 far
2061 3199 47 31 as

543 3306 38 41 (1)
606 3304 59 31 See
682 3304 57 28 the
759 3304 216 32 illustrations
991 3318 85 30 page
1098 3318 53 30 171
1171 3309 64 29 and
1254 3308 191 40 following.
