2411 3885
470 454 75 41 144
859 454 55 29 LA
941 455 338 31 RESTAURATION
1306 457 406 29 MAXILLO-FACIALE

469 540 83 41 fois
577 541 141 41 coudé
743 555 75 27 sur
841 542 241 44 lui-même.
1112 546 126 41 Nous
1262 559 143 27 avons
1428 559 63 40 pu
1516 544 179 42 obtenir
1719 544 113 42 ainsi
1856 544 43 42 la
1924 556 174 31 recons-

469 616 189 42 titution
694 617 231 45 définitive
960 623 279 52 représentée
1273 635 83 42 par
1388 621 64 43 les
1486 622 164 53 figures
1685 621 25 40 8
1745 625 45 38 et
1826 634 25 41 9
1886 620 139 55 prises
2060 618 40 41 le

470 704 25 42 7
532 693 175 54 janvier
746 707 123 43 1919.
912 697 116 43 C'est
1068 698 42 41 là
1150 713 86 28 une
1275 699 78 41 des
1392 697 249 42 meilleures
1679 697 301 55 applications
2019 697 81 42 des

466 770 242 42 lambeaux
738 772 25 41 à
794 774 119 41 deux
942 774 226 54 pédicules
1199 776 111 40 dont
1340 788 114 28 nous
1484 788 143 29 avons
1657 775 148 41 donné
1834 775 42 40 la
1907 773 193 55 descrip-

468 847 95 41 tion
597 847 112 43 dans
739 848 43 43 la
814 851 308 42 Restauration
1153 851 356 52 maxillo-faciale
1544 851 62 54 (1).

554 924 56 41 Ce
638 926 190 52 procédé
854 940 115 28 nous
998 941 26 27 a
1053 927 148 41 donné
1230 928 76 41 des
1335 926 212 42 résultats
1576 927 235 55 beaucoup
1840 927 101 54 plus
1969 925 129 42 satis-

466 999 189 45 faisants
692 1016 88 40 que
816 1002 43 42 la
895 1004 213 42 méthode
1147 1005 77 41 des
1259 1004 160 53 greffes
1456 1002 259 43 italiennes
1727 1004 288 53 empruntées
2041 1015 58 28 au

543 2367 71 30 FIG.
635 2368 28 29 3.
680 2385 39 5 —
736 2367 58 29 Les
811 2367 86 29 deux
915 2367 185 38 lambeaux,
1121 2367 182 40 disséqués,
1322 2366 174 31 retournés
1513 2372 32 25 et
1563 2366 129 30 suturés
1710 2367 194 40 présentent
1922 2368 86 29 leurs

584 2415 89 29 laces
690 2413 183 31 cruentécs.
894 2414 170 38 Celles-ci,
1083 2416 81 28 ainsi
1183 2426 63 27 que
1264 2415 48 29 les
1330 2415 86 29 deux
1433 2415 105 39 plaies
1563 2415 40 29 de
1628 2413 242 41 prélèvement,
1895 2419 112 26 seront

583 2465 177 27 couvertes
776 2472 58 29 par
850 2462 30 29 le
898 2461 151 30 lambeau
1069 2462 39 29 de
1127 2463 70 28 cuir
1214 2462 153 29 chevelu.

460 2630 198 42 membre
701 2629 241 55 supérieur.
990 2628 211 49 Celles-ci,
1247 2643 54 27 en
1345 2629 119 48 effet,
1508 2643 57 27 ne
1607 2632 276 51 permettent
1928 2627 163 55 jamais

458 2703 307 57 l'application
794 2706 54 42 de
876 2705 242 42 lambeaux
1147 2703 119 43 aussi
1294 2704 203 42 étendus.
1528 2704 120 43 Elles
1676 2708 102 38 sont
1806 2693 298 68 incompara-

457 2781 198 43 blement
694 2782 101 55 plus
831 2781 201 56 pénibles
1069 2795 114 41 pour
1219 2780 40 44 le
1296 2780 176 55 patient
1512 2784 43 39 et
1592 2794 117 42 pour
1744 2781 40 42 le
1821 2780 264 55 chirurgien.

458 2857 65 41 La
548 2841 170 71 qualité
742 2860 147 41 même
915 2860 54 41 de
994 2858 43 41 la
1061 2872 118 42 peau
1204 2858 62 41 du
1290 2858 104 41 bras
1420 2861 67 38 est
1513 2858 55 40 de
1592 2858 236 54 beaucoup
1853 2857 235 42 inférieure

458 2931 26 41 à
516 2933 106 42 celle
653 2936 62 40 du
747 2935 94 41 cuir
872 2934 200 50 chevelu,
1096 2936 111 41 dont
1231 2934 40 42 le
1304 2933 93 42 seul
1428 2933 317 42 inconvénient
1779 2934 133 41 serait
1946 2933 54 42 de
2032 2947 56 27 ne

457 3008 192 57 pouvoir
679 3010 274 57 s'appliquer
984 3025 90 28 aux
1107 3011 187 42 femmes
1327 3011 111 41 dont
1472 3009 39 42 le
1542 3014 187 38 menton
1763 3014 67 38 est
1861 3010 165 54 glabre.

545 3086 125 41 Nous
712 3087 195 44 relatons
948 3087 245 43 ci-dessous
1235 3087 62 42 les
1339 3085 162 43 détails
1544 3086 77 41 des
1663 3086 232 42 différents
1938 3089 149 50 temps

456 3161 285 58 opératoires.

516 3277 40 39 (1)
574 3277 290 29 DUFOURMENTEr..
884 3276 58 29 Les
960 3277 250 39 déplacements
1226 3274 264 41 tégumentaires
1506 3284 60 29 par
1582 3274 175 30 lambeaux
1774 3273 16 30 à
1809 3274 86 30 deux
1911 3273 174 40 pédicules

453 3324 62 42 (La
531 3321 232 41 Restauration
763 3321 323 41 maxillo-faciale,
1106 3322 126 31 février
1250 3322 91 40 1918,
1360 3328 37 23 nO
1416 3331 28 28 2,
1463 3331 32 29 p.
1516 3330 36 29 44
1571 3320 17 30 à
1607 3321 61 40 54).
