2444 3918
419 440 78 51 148
728 451 138 33 LA
890 452 339 30 RESTAURATION
1253 449 409 31 MAXILLO-FACIALE

504 538 238 42 Deuxième
784 538 234 55 opération.
1061 541 62 41 Le
1165 549 25 43 5
1229 531 248 50 novembre
1518 536 144 55 1918,
1686 536 200 54 dix-sept
1928 534 128 55 jours

423 609 130 54 après
579 608 44 41 la
648 608 231 54 première.

507 678 90 42 Les
613 677 242 44 lambeaux
877 694 47 28 se
945 684 103 39 sont
1068 693 92 42 peu
1182 679 26 41 à
1229 692 90 42 peu
1340 678 174 41 éversés
1537 676 55 42 de
1613 675 105 43 telle
1739 674 133 59 façon
1895 688 88 42 que
2005 684 48 29 ce

408 747 94 56 qui
539 748 154 42 devait
732 751 247 42 constituer
1016 751 40 42 le
1094 750 215 56 plancher
1344 741 160 49 buccal
1549 761 45 28 se
1632 737 208 65 présente
1879 756 176 32 comme

423 832 88 29 une
536 818 232 55 languette
794 823 190 41 cutanée
1010 822 230 55 pendante
1265 820 105 40 hors
1390 819 54 41 de
1464 817 44 42 la
1524 817 178 42 bouche
1733 816 89 55 (fig.
1851 816 59 55 5).
1941 813 114 44 Mais

611 2559 67 42 FIG.
678 2559 54 42 7.
748 2577 40 6 —
803 2560 117 30 Même
931 2562 115 38 aspect
1068 2559 41 30 de
1131 2558 110 41 profil.
1262 2558 57 30 On
1340 2560 74 28 voit
1429 2559 33 29 le
1476 2557 157 42 pédicule
1652 2559 43 29 du
1716 2558 155 30 lambeau

1077 2606 99 30 remis
1199 2605 17 30 à
1238 2615 35 20 sa
1294 2605 108 40 place.

426 2802 43 41 la
501 2805 137 51 greffe
670 2804 106 43 s'est
809 2803 110 42 faite
953 2804 55 41 de
1040 2803 132 52 façon
1205 2800 319 44 satisfaisante.
1561 2801 70 41 On
1664 2800 212 55 pratique
1909 2800 97 41 alors
2006 2800 50 41 :
2087 2820 7 3 -

515 2879 48 34 1°
593 2869 74 46 Lai
691 2874 169 42 section
894 2875 78 41 des
1005 2875 118 41 deux
1155 2872 227 56 pédicules
1415 2871 61 41 du
1508 2870 211 42 lambeau
1753 2871 200 42 chevelu.
1990 2870 68 40 La

425 2942 146 56 partie
608 2943 223 43 inutilisée
869 2948 67 39 est
974 2944 288 55 réappliquée
1299 2943 27 40 à
1364 2956 80 28 son
1482 2940 217 43 ancienne
1737 2941 127 55 place
1904 2944 45 38 et
1989 2939 68 56 s'y

425 3013 185 56 regreffe
648 3014 295 55 rapidement.

513 3088 50 38 2°
593 3083 65 41 La
697 3079 346 50 reconstitution
1084 3085 55 42 de
1178 3086 44 41 la
1259 3084 121 43 lèvre
1418 3082 239 44 inférieure
1696 3097 60 28 au
1793 3096 166 43 moyen
2000 3082 56 42 de

427 3156 119 43 deux
564 3154 248 43 lambeaux
835 3170 233 42 muqueux
1092 3156 201 56 prélevés
1317 3168 76 29 sur
1415 3154 44 43 la
1483 3154 97 42 face
1603 3153 175 43 interne
1803 3154 55 42 de
1882 3155 176 54 chaque

425 3227 105 55 joue
556 3228 47 40 et
631 3223 203 45 ramenés
862 3241 57 27 en
946 3231 141 40 avant
1113 3229 85 53 par
1225 3226 170 41 torsion
1420 3224 79 43 sur
1499 3224 119 43 leur
1644 3224 203 55 pédicule
1875 3238 60 28 au
1962 3221 95 45 voi-

427 3298 151 55 sinage
613 3296 55 41 de
701 3294 247 44 l'ancienne
983 3297 326 45 commissure..
1324 3296 70 42 On
1429 3295 62 43 les
1523 3294 144 52 insère
1701 3308 76 30 sur
1809 3294 77 42 les.
1905 3293 151 58 précé-
