2348 3885
433 420 77 42 194
824 420 56 30 LA
904 422 341 29 RESTAURATION
1271 422 408 29 MAXILLO-FACIALE

433 508 212 56 position.
729 509 40 40 A
792 510 166 41 second
980 509 104 42 wire
1107 524 91 27 was
1223 509 204 42 soldered
1450 512 49 38 to
1523 509 111 41 each
1657 508 138 55 splint
1820 521 58 29 on
1898 522 30 28 a
1950 502 116 46 level

1139 552 890 31 -

436 585 113 41 with
580 585 78 40 the
693 584 114 42 floor
840 584 49 41 of
917 584 78 41 the
1027 577 161 49 buccal
1221 585 169 54 cavity;
1426 586 92 40 and
1550 599 34 27 a
1599 585 133 42 little
1759 585 83 41 roll
1865 585 55 41 of
1952 579 116 53 hard

434 666 135 50 gutta
596 661 167 55 percha
790 662 121 42 fixed
940 675 57 27 on
1024 666 49 37 to
1101 662 36 41 it
1165 661 47 42 in
1239 662 112 41 such
1378 676 27 29 a
1425 677 102 40 way
1554 675 49 28 as
1630 665 48 38 to
1707 660 85 57 slip
1820 661 144 42 under
1990 657 78 43 the

435 739 125 41 band
582 739 49 41 of
648 738 141 42 tissue
811 752 58 28 on
890 738 284 53 adjustment
1197 738 45 41 of
1263 739 78 40 the
1363 742 262 52 apparatus.
1707 738 197 41 Further
1923 734 145 45 thick-

437 828 150 28 nesses
610 815 44 41 of
676 818 134 50 gutta
830 814 162 54 percha
992 814 140 54 were
1154 828 112 40 very
1287 808 219 61 carefully
1526 816 92 40 and
1639 804 239 65 gradually
1898 810 170 47 added;

437 891 78 41 the
544 890 104 42 chin
676 897 91 34 was
795 890 198 54 brought
1022 891 195 41 forward
1246 891 91 41 and
1366 896 26 35 a
1419 890 253 55 projection
1698 891 189 42 formed.
1906 886 161 50 which,

440 968 249 55 supported
715 968 66 54 by
808 967 77 42 the
913 968 126 41 band
1068 967 45 42 of
1142 981 98 28 scar
1268 967 154 49 tissue,
1445 967 147 43 raised
1619 967 79 43 the
1726 967 136 42 lower
1888 966 63 56 lip
1981 960 89 46 and

439 1044 283 43 maintained
746 1044 78 42 the
850 1048 250 51 apparatus
1125 1044 202 55 securely
1351 1040 47 45 in
1422 1045 140 54 place.

528 1121 54 41 In
605 1122 131 41 order
756 1121 104 51 that
883 1121 78 41 the
984 1121 178 54 patient
1184 1120 146 54 might
1352 1125 82 38 not
1456 1122 56 43 be
1533 1122 252 54 prevented
1806 1121 118 41 from
1946 1115 126 46 swal-

440 1197 175 54 lowing,
651 1197 37 41 it
723 1210 91 28 was
848 1209 238 42 necessary
1118 1200 49 38 to
1202 1197 131 41 allow
1365 1198 93 41 free
1492 1197 153 42 action
1678 1198 70 41 for
1780 1197 80 42 the
1893 1197 178 42 frenum

440 1274 179 53 linguae
647 1274 91 42 and
765 1277 126 38 exert
919 1274 81 41 the
1024 1287 205 41 pressure
1258 1287 58 27 on
1344 1265 111 49 each
1481 1273 94 42 side
1604 1273 45 42 of
1675 1274 37 41 it
1741 1274 142 58 only.
1942 1271 133 42 After

441 1350 170 55 having
636 1339 190 53 effected
826 1339 106 53 the
959 1344 190 61 support
1173 1349 48 42 of
1245 1346 77 47 the
1348 1343 127 49 band
1496 1351 47 41 of
1572 1350 139 43 tissue
1742 1348 167 59 (which
1931 1343 141 48 facili-

444 1427 127 41 tated
595 1425 275 56 swallowing
897 1426 69 41 for
986 1428 83 41 the
1093 1415 244 54 shortened
1363 1428 202 54 tongue),
1588 1428 122 41 fresh
1730 1426 279 43 thicknesses
2031 1418 44 45 of

442 1508 135 49 gutta
609 1504 167 54 percha
808 1518 114 27 were
954 1498 161 59 placed
1147 1503 178 54 against
1357 1504 92 41 this
1481 1505 125 40 band
1637 1508 48 37 to
1721 1504 149 56 soften
1901 1503 51 49 it,
1988 1497 90 46 and

445 1581 110 40 then
585 1580 239 54 gradually
853 1580 145 42 above
1027 1580 37 40 it
1095 1593 49 27 as
1163 1579 119 54 high
1312 1593 48 27 as
1390 1580 78 41 the
1498 1581 91 41 free
1620 1581 110 54 edge
1761 1581 45 40 of
1835 1580 79 41 the
1944 1579 135 40 lower

436 1656 71 54 lip
531 1656 47 41 in
601 1657 111 40 such
736 1670 27 26 a
786 1669 102 40 way
912 1669 48 27 as
984 1658 48 38 to
1056 1654 132 55 bring
1210 1655 37 41 it
1271 1648 81 48 out
1377 1660 47 37 to
1449 1657 78 41 the
1550 1656 115 42 level
1690 1657 45 41 of
1758 1656 79 42 the
1861 1668 156 43 upper.

536 1733 245 41 Reference
815 1736 48 37 to
897 1732 80 41 the
1010 1731 301 42 illustration
1321 1731 89 42 will
1445 1733 123 42 show
1601 1733 79 42 the
1714 1733 254 55 projection
2003 1729 76 42 ob-

448 1809 157 43 tained
623 1810 64 54 by
706 1809 79 41 the
805 1809 97 40 first
920 1808 281 55 application
1224 1809 45 40 of
1288 1813 134 49 gutta
1441 1811 166 53 percha
1626 1809 149 43 which
1793 1824 93 28 was
1905 1804 175 60 slipped

448 1887 145 40 under
626 1886 78 41 the
737 1886 138 47 band,
913 1885 91 41 and
1037 1885 79 42 the
1151 1886 191 54 species
1354 1887 45 40 of
1432 1886 157 54 bridge
1622 1887 148 41 which
1800 1897 70 31 we
1904 1885 94 43 bad
2030 1886 49 37 to

450 1974 188 39 arrange
664 1960 69 41 for
757 1960 79 41 the
861 1960 201 41 freedom
1089 1961 44 41 of
1157 1961 79 42 the
1261 1962 178 41 frenum
1462 1961 194 56 linguae.

536 2037 62 40 As
640 2050 111 29 soon
791 2050 48 27 as
881 2036 78 42 the
1001 2041 248 50 apparatus
1290 2039 192 41 reached
1522 2040 91 40 the
1649 2039 176 42 desired
1865 2038 129 55 point
2036 2034 46 41 in

450 2113 148 60 giving
598 2113 106 60 the
726 2107 178 61 patient
928 2128 27 27 a
977 2112 286 56 presentable
1286 2129 295 41 appearance,
1607 2130 27 26 a
1656 2115 157 41 mould
1834 2129 92 28 was
1948 2110 134 45 made

451 2192 91 41 and
562 2191 37 42 it
621 2205 92 27 was
735 2191 280 54 reproduced
1035 2189 47 42 in
1104 2191 264 42 vulcanised
1388 2192 168 41 rubber
1573 2205 62 28 on
1657 2192 78 40 the
1759 2205 124 27 same
1907 2189 173 56 splints.

452 2268 220 43 Artificial
712 2269 143 41 teeth-
879 2282 115 27 were
1034 2268 149 42 added
1224 2269 91 41 and
1355 2268 214 54 adjusted
1607 2273 50 37 to
1698 2269 54 41 fit
1792 2283 26 27 a
1859 2267 223 56 complete

452 2346 191 43 denture
671 2347 70 40 for
765 2346 78 41 the
870 2360 144 40 upper
1039 2346 101 53 jaw.

539 2423 95 41 The
666 2423 179 55 patient
875 2423 58 41 is
944 2436 102 28 now
1077 2416 311 60 accustoming
1419 2423 179 41 himself
1630 2427 49 37 to
1711 2423 79 40 the
1822 2418 260 58 prosthesis.

456 2499 70 41 He
553 2513 84 28 can
664 2500 107 41 shut
797 2500 69 40 his
892 2500 86 53 lips
1005 2500 91 41 and
1123 2499 116 42 close
1265 2499 70 41 his
1360 2500 160 41 buccal
1548 2499 168 54 cavity.
1804 2499 177 53 Longer
2006 2505 79 31 use

456 2575 44 40 of
532 2576 80 42 the
645 2580 250 52 apparatus
927 2576 90 41 will
1049 2575 199 42 increase
1280 2576 79 41 the
1392 2575 293 55 masticating
1717 2582 173 48 powers
1930 2574 45 42 of
2008 2572 77 42 the

454 2651 262 53 fragments.
804 2654 136 40 From
969 2666 58 28 an
1055 2651 252 45 anesthetic
1333 2652 130 55 point
1492 2652 44 42 of
1563 2651 115 42 view
1704 2652 69 41 his
1807 2657 280 49 appearance

456 2727 38 40 is
523 2730 317 42 transformed.

541 2805 95 41 The
657 2806 188 42 interest
869 2807 48 41 of
936 2806 91 41 this
1046 2805 210 55 (typical)
1283 2818 100 28 case
1406 2803 46 43 of
1472 2805 79 40 the
1572 2803 255 43 utilisation
1850 2803 45 42 of
1917 2817 26 28 a
1964 2796 125 48 band

458 2879 46 40 of
531 2893 98 27 scar
654 2882 139 42 tissue
815 2897 54 27 as
896 2883 79 41 the
1001 2883 107 41 base
1136 2882 44 41 of
1209 2881 310 41 construction
1547 2881 44 41 of
1619 2894 26 27 a
1672 2880 250 55 prosthetic
1949 2889 140 44 appa-

459 2958 126 38 ratus
613 2955 79 43 lies
720 2958 48 40 in
796 2959 77 41 the
902 2973 111 40 very
1041 2958 247 54 gratifying
1318 2971 174 27 success
1524 2957 216 49 obtained
1768 2957 205 52 thereby.
