2557 3907
646 444 16 4 --
710 440 386 41 RECONSTITUTION
1126 453 64 28 DU
1218 452 158 28 MASSIF
1404 450 279 30 MAXILLAIRE
1712 440 249 44 INFÉRIEUR
2065 454 79 41 147

521 517 188 44 sommet
733 524 62 43 du
824 532 144 41 crâne.
1001 532 59 42 Sa
1089 532 218 54 longueur
1334 529 141 43 totale
1502 533 67 43 est
1601 530 54 41 de
1682 541 56 41 30
1763 531 306 52 centimètres;
2093 548 50 27 sa

520 572 172 63 argeur
726 607 238 44 moyenne,
998 602 54 42 de
1085 603 26 41 6
1149 601 298 49 centimètres,
1481 599 166 42 atteint
1680 611 18 42 7
1698 611 29 42 •
1744 600 285 46 centimètres
2066 617 78 28 sur

505 643 54 45 .le
576 661 158 43 vertex
756 666 88 57 (fig.
865 670 59 55 4).
946 673 62 41 Le
1026 672 223 50 lambeau,
1271 670 347 56 complètement
1641 670 201 49 détaché,
1868 675 66 38 est
1955 673 188 43 rabattu

520 729 52 32 en
602 727 211 52 pivotant
845 754 76 29 sur
950 757 69 29 ses
1051 744 119 42 deux
1201 741 249 44 charnières
1480 739 367 56 préauriculaires
1879 741 25 42 à
1935 741 44 43 la
2009 743 145 54 façon-

521 787 130 53 d'une
687 803 220 58 jugulaire
934 806 65 50 de
1036 828 164 42 casque
1237 817 58 46 et,,
1336 812 264 55 enjambant
1638 811 44 43 la
1718 811 96 43 face
1852 812 181 52 entière,
2073 818 67 39 est

551 2495 94 73 Tici.
645 2495 64 73 6.
722 2523 47 9 —
779 2511 132 42 Aspect
927 2516 95 41 après
1037 2519 130 29 section
1184 2518 57 30 des
1256 2517 174 41 pédicules
1447 2518 44 29 du
1506 2517 106 40 grand
1626 2517 154 30 lambeau
1796 2520 35 26 et
1845 2516 207 41 application

551 2539 96 37 ne
669 2550 91 35 lèvre
785 2560 181 34 inférieure
988 2564 168 41 prélevée
1170 2576 53 19 sur
1245 2566 31 29 la
1298 2575 183 29 muqueuse
1506 2565 40 29 de
1569 2564 31 29 la
1613 2564 81 40 joue
1717 2565 50 39 (15
1786 2564 182 30 novembre
1988 2563 102 41 1918).

508 2698 142 55 inséré
692 2719 114 47 dans
848 2727 44 42 la
935 2734 128 50 perte
1105 2732 56 41 de
1196 2732 256 48 substance,
1492 2743 49 29 sa
1577 2729 96 42 face
1707 2731 212 41 cruentée
1955 2729 179 56 s'appli-

502 2781 149 79 .quant
681 2799 76 31 sur
784 2792 44 44 la
856 2796 97 44 face
981 2801 211 41 cruentée
1222 2800 77 42 des
1328 2800 119 41 deux
1474 2798 213 55 premiers
1715 2798 242 43 lambeaux
1986 2802 45 39 et
2061 2813 76 28 sur

498 2835 108 52 0Ur
640 2854 118 53 plaie
799 2866 56 41 de
891 2869 320 54 prélèvement.

594 2925 50 45 3
675 2926 397 63 Rapprochement
1102 2942 78 42 des
1206 2941 144 42 lèvres
1379 2940 55 42 de
1461 2939 44 43 la
1526 2939 161 56 longue
1709 2940 117 55 plaie
1848 2940 287 45 cranio-tem-

508 2988 150 47 porale
682 3011 84 41 par
791 3006 76 45 des
894 3023 134 37 anses
1049 3013 55 43 de
1129 3012 90 51 soie
1246 3011 127 42 forte.
1401 3011 67 41 La
1491 3011 161 44 brèche
1678 3016 110 51 peut
1814 3012 114 44 ainsi
1953 3012 92 44 être
2069 3015 67 41 ré-

501 3050 53 53 1
554 3050 80 53 e
665 3068 56 43 de
751 3077 157 44 moitié
940 3082 187 44 environ
1159 3082 115 43 mais
1304 3096 91 28 non
1429 3082 267 57 supprimée.

593 3128 147 54 Suites
764 3150 225 43 normales
1015 3167 104 28 sans
1145 3152 206 56 sphacèle
1377 3167 55 27 en
1458 3166 149 29 aucun
1632 3155 130 54 point
1790 3156 77 43 des
1891 3155 243 45 lambeaux

508 3197 270 57 greffés.La
807 3216 118 55 plaie
956 3222 420 57 cranio-temporale
1408 3226 68 39 est
1507 3223 26 42 à
1564 3239 90 41 peu
1684 3227 101 53 près
1816 3226 227 44 cicatrisée
2075 3241 58 29 au

508 3257 112 54 bout
646 3275 108 48 d'un
780 3288 115 43 mois
920 3295 45 38 et
993 3308 46 29 se
1064 3293 162 44 trouve
1226 3293 186 44 cachée
1438 3307 82 45 par
1545 3294 62 43 les
1633 3296 215 43 cheveux.
