2446 3898
691 464 282 39 UTILISATION
1003 459 159 47 D'UNE
1176 472 136 28 BRIDE
1343 468 332 34 CICATRICIELLE
1915 473 70 40 ICI

370 531 278 56 IIlaillechort
684 550 79 53 qui
795 552 273 45 maintenait
1102 555 63 43 les
1200 557 247 52 fragments
1483 557 237 55 équilibrés
1754 573 55 27 en
1843 557 147 42 bonne

371 605 206 54 Position.
609 621 96 43 Sur
719 627 176 56 chaque
925 631 167 50 attelle,
1122 648 62 26 un
1212 633 166 42 second
1403 633 46 42 fil
1476 635 71 41 fut
1576 635 147 42 soudé
1741 648 59 28 au
1826 634 164 42 niveau

367 673 70 122 du
437 673 235 122 plancher
700 702 172 44 buccal.
905 708 86 41 Sur
1018 723 48 28 ce
1096 709 59 49 fil,
1186 725 62 26 un
1276 709 116 55 petit
1421 710 195 42 rouleau
1635 712 60 41 de
1717 714 132 52 gutta
1879 710 108 42 dure

367 747 69 89 fut
459 762 93 46 fixé
580 773 55 44 de
672 778 136 56 façon
841 783 26 41 à
902 785 156 55 glisser
1093 801 104 31 sous
1237 786 44 42 la
1317 786 154 43 bride
1490 789 60 54 en
1550 789 40 54 >
1590 789 184 54 plaçant
1816 787 170 56 l'appa-

364 830 55 45 reil
419 830 34 45 -
496 842 400 63 L'augmentation
936 865 291 54 progressive,
1273 864 105 42 bien
1421 865 190 49 étudiée,
1656 866 54 41 de
1757 863 228 43 nouvelles

365 901 246 67 epaissurs
633 929 54 43 de
707 939 148 46 guttà,
879 953 114 29 nous
1013 943 166 53 permit
1201 942 54 41 de
1275 956 206 29 ramener
1501 957 55 27 en
1577 941 140 43 avant
1737 941 40 43 le
1798 944 187 39 menton

364 984 43 37 et
448 990 53 44 de
539 1000 169 49 former
744 1025 62 29 un
844 1015 299 56 épaulement,
1175 1012 163 61 lequel,
1366 1019 277 56 s'appuyant
1667 1033 76 28 sur
1768 1017 45 42 la
1836 1017 145 50 bride,

361 1062 221 56 culevait
608 1080 46 43 la
678 1083 123 47 lèvre
830 1095 45 37 et
903 1093 272 43 maintenait
1204 1094 268 44 solidement
1499 1094 234 57 l'appareil
1760 1109 55 27 en
1841 1093 139 56 place.

448 1141 120 52 Pour
600 1169 248 43 permettre
881 1168 45 43 la
960 1171 284 54 déglutition,
1278 1172 31 41 il
1334 1174 73 41 fut
1436 1173 247 47 nécessaire
1709 1172 54 41 de
1794 1171 190 53 dégager

593 1231 15 19 \0

342 2116 63 49 lar

342 2116 209 125 ^gement
551 2116 105 125 le
685 2155 117 47 frein
832 2160 55 42 de
915 2160 44 43 la
987 2161 163 57 langue
1179 2177 115 41 pour
1321 2165 228 42 n'exercer
1576 2164 44 42 la
1647 2163 202 56 pression
1878 2177 86 42 que

313 2195 86 130 Cle
399 2195 195 130 chaque-
621 2231 102 42 côté
750 2234 55 41 de
833 2250 49 28 ce
907 2238 130 43 frein.
1066 2240 144 55 Après
1238 2223 127 59 avoir
1390 2242 152 40 assuré
1568 2240 39 42 le
1634 2239 178 42 soutien
1839 2239 62 42 de
1901 2239 63 42 la

339 2269 97 72 e,
436 2269 130 72 de
601 2311 232 43 nouvelles
871 2314 249 55 épaisseurs
1159 2317 54 41 de
1244 2320 133 50 gutta
1402 2317 151 43 furent
1579 2311 202 58 ajoutées
1808 2320 153 37 contre

339 2358 115 69 cette
478 2369 127 51 bride
629 2397 116 40 pour
764 2387 268 59 l'assouplir,
1061 2392 101 56 puis
1188 2385 356 61 graduellement
1569 2391 235 42 au-dessus
1832 2390 128 42 d'elle

336 2434 70 58 u
406 2434 105 58 a
533 2452 198 51 hauteur
751 2464 62 43 du
833 2467 114 42 bord
979 2468 112 43 libre
1128 2470 54 41 de
1217 2469 44 41 la
1291 2468 136 49 lèvre,
1463 2469 54 40 de
1550 2468 132 52 façon
1708 2468 26 39 à
1755 2465 205 43 ressortir

338 2511 116 45 e
472 2520 122 52 lèvre
613 2533 237 51 inférieure
874 2558 61 27 au
960 2545 165 43 niveau
1151 2545 53 42 de
1229 2545 44 41 la
1296 2544 122 45 lèvre
1454 2542 266 57 supérieure.
1751 2542 69 41 On
1844 2545 111 52 peut

338 2583 95 107 Voir
449 2606 75 34 sur
540 2604 44 44 a
602 2610 140 56 figure
760 2617 322 57 l'épaulement
1102 2636 85 41 que
1208 2635 112 28 nous
1342 2621 145 41 donne
1509 2620 45 41 la
1575 2618 215 56 première
1813 2616 141 57 appli-

338 2662 146 52 ahon
512 2679 53 44 de
593 2693 137 46 gutta
750 2694 190 54 glissant
962 2712 104 28 sous
1088 2698 43 42 la
1152 2698 125 42 bride
1312 2701 46 37 et
1392 2711 86 27 une
1514 2698 117 39 sorte
1657 2696 53 40 de
1732 2698 112 51 pont
1867 2708 85 40 que

336 2739 108 45 nous
467 2763 140 39 avons
631 2759 62 50 dû
717 2772 215 55 ménager
956 2789 117 41 pour
1096 2775 45 41 la
1152 2775 174 41 liberté
1353 2773 60 41 du
1436 2772 113 42 frein
1568 2772 53 41 de
1648 2771 44 41 la
1717 2770 174 55 langue.

331 2889 56 42 po
416 2816 196 72 Lorsque
638 2849 70 37 cet
732 2850 201 53 appareil
957 2852 71 40 fut
1053 2852 157 41 amené
1233 2864 58 27 au
1313 2848 129 56 point
1467 2862 84 40 que
1590 2862 114 28 nous
1736 2847 215 46 désirions

328 2889 120 123 Pour
470 2903 171 54 donner
669 2935 59 28 au
753 2926 180 43 malade
962 2942 62 28 un
1052 2930 155 53 aspect
1233 2924 254 55 esthétique
1517 2924 272 57 acceptable,
1819 2924 30 42 il
1877 2926 72 41 fut

329 2965 260 83 repro
589 2965 217 83 ult
837 3002 53 43 de
918 3004 134 52 façon
1077 3002 232 54 identique
1334 3016 57 28 en
1416 3002 278 48 caoutchouc
1721 3017 62 27 vu
1785 3001 14 42 l
1803 3003 148 42 canisé

326 3041 75 116 SUr
433 3048 63 82 les
530 3067 169 48 mêmes
736 3079 192 43 attelles.
967 3081 84 42 Les
1088 3081 131 41 dents
1254 3078 268 43 artificielles
1559 3076 151 46 furent
1746 3080 204 55 ajoutées

471 3145 37 37 e--
537 3141 44 63 s
581 3141 222 63 adaptant
831 3169 111 30 avec
968 3172 62 28 un
1051 3154 212 58 appareil
1263 3154 214 58 complet
1507 3156 61 41 du
1592 3157 127 41 haut.

322 3198 429 99 ^"c^Ue^ement,
779 3244 47 29 ce
849 3233 163 42 mutilé
1034 3234 307 42 s'accoutume
1365 3232 26 41 à
1416 3246 50 27 sa
1489 3218 211 70 prothèse
1724 3238 222 38 restaura-

344 3274 1257 67 *

382 3283 59 36 Ce-
468 3282 37 43 il
528 3302 111 45 peut
661 3300 179 55 joindre
861 3323 75 29 ses
953 3309 143 44 lèvres
1119 3314 46 38 et
1188 3310 164 41 fermer
1373 3323 81 29 son
1478 3309 147 44 orifice
1649 3311 172 42 buccal.
1847 3312 99 45 Une
