2503 3895
622 459 388 36 RECONSTITUTION
1041 466 63 29 DU
1133 466 158 29 MASSIF
1319 464 278 30 MAXILLAIRE
1627 454 248 40 INFÉRIEUR
1981 465 76 40 143

431 528 232 61 inférieure
696 552 194 53 reprend
924 566 49 29 sa
1007 552 237 55 puissance
1279 556 44 40 et
1357 550 235 45 l'entraîne
1627 553 55 42 de
1704 545 222 49 nouveau
1959 564 101 29 vers

433 605 47 57 k
480 605 119 57 cou.

516 691 119 49 Pour
667 702 170 45 arriver
871 705 26 42 à
935 706 253 43 combattre
1224 709 118 39 cette
1376 704 256 50 rétraction,
1669 718 63 28 un
1766 703 94 43 seul
1892 717 167 42 moyen

432 772 111 39 nous
564 786 27 29 a
610 791 116 41 paru
747 782 191 50 efficace,
963 782 109 43 c'est
1096 784 54 42 de
1170 782 202 56 prélever
1391 781 40 43 le
1452 782 210 43 lambeau
1685 782 163 42 cutané
1870 771 56 52 en
1945 781 114 42 haut

432 841 42 39 et
494 845 66 44 de
590 850 40 45 le
659 858 160 51 greffer
850 860 54 41 de
936 858 103 43 telle
1069 859 132 54 façon
1232 858 110 57 qu'il
1371 858 155 43 réalise
1552 857 86 45 une
1638 857 240 45 véritable
1909 857 151 54 sangle

432 924 304 51 sous-buccale
775 935 111 42 dont
925 934 44 43 la
1006 936 247 42 rétraction
1290 951 57 28 ne
1383 935 150 57 puisse
1571 935 159 44 attirer
1766 934 44 43 la
1852 934 208 43 nouvelle

432 986 116 55 lèvre
570 1001 236 53 inférieure
830 1011 135 56 qu'en
988 1013 126 42 haut.
1141 1012 114 44 Mais
1278 1027 58 28 on
1357 1028 57 28 ne
1435 1017 111 52 peut
1569 1026 160 41 songer
1749 1012 27 42 à
1799 1014 262 52 emprunter

514 2350 71 36 FIG.
621 2362 50 32 2.
671 2362 33 32 -
704 2362 120 32 Tracé
855 2365 57 29 des
941 2365 88 29 deux
1056 2365 177 32 lambeaux
1260 2363 153 40 prélevés,
1413 2363 47 40 a
1490 2364 110 30 droite
1621 2366 34 27 et
1682 2363 17 30 à
1720 2365 130 39 gauche
1877 2365 40 29 de
1939 2365 37 33 .la

552 2402 124 36 brèche
692 2412 225 39 traumatique
935 2415 34 26 et
986 2413 68 38 qui,
1073 2410 174 31 retournés
1262 2411 68 29 l'un
1350 2405 73 36 vers
1423 2405 134 36 l'autre
1575 2414 34 26 et
1624 2410 129 30 suturés
1768 2421 54 19 sur
1837 2402 32 38 la
1884 2403 91 49 ligne

554 2450 166 45 médiane,
747 2460 285 28 reconstitueront
1051 2468 46 20 un
1112 2458 79 40 plan
1214 2456 119 31 cutané
1355 2457 231 30 intra-buccal
1609 2457 145 30 formant
1775 2457 32 38 le
1822 2467 157 20 nouveau

554 2497 162 39 plancher
733 2505 41 30 de
791 2506 31 29 la
838 2506 144 30 bouche.

433 2684 89 38 aux
550 2688 258 55 téguments
838 2696 55 43 de
922 2696 44 41 la
995 2696 97 42 face
1124 2689 101 50 une
1244 2695 127 43 aussi
1371 2695 149 43 vaste
1551 2693 194 50 surface;
1774 2708 116 28 nous
1920 2708 140 30 avons

434 2750 113 50 donc
583 2768 180 51 prélevé
801 2772 113 42 dans
952 2772 41 43 le
1033 2772 100 42 cuir.
1168 2771 189 44 chevelu
1395 2786 61 28 un
1496 2771 209 41 lambeau
1744 2769 140 43 allant
1925 2770 137 44 d'une

423 2832 156 48 oreille
603 2842 26 43 à
653 2845 161 46 l'autre
839 2853 45 38 et
908 2853 187 54 passant
1121 2864 83 42 par
1228 2849 39 42 le
1292 2851 193 39 sommet
1511 2847 61 42 du
1597 2848 106 41 crâne
1703 2848 54 41 :
1785 2861 48 29 ce
1859 2847 202 57 déplace-

433 2913 125 41 ment
591 2922 318 53 considérable,
944 2940 62 31 un
1041 2927 77 41 des
1150 2925 101 55 plus
1284 2923 254 54 audacieiix
1538 2923 116 54 que
1685 2938 114 30 nous
1832 2939 142 42 ayons
2006 2940 56 28 eu

435 2975 236 63 l'occasion
698 3000 54 42 de
781 3005 149 40 tenter
958 3006 44 39 et
1031 3002 78 56 qui
1136 3001 214 44 mesurait
1378 3013 55 41 30
1462 3001 284 44 centimètres
1775 3003 54 43 de
1856 3003 104 55 long
1987 3016 76 31 sur

435 3055 26 41 6
484 3059 25 42 à
536 3075 26 43 7
585 3074 286 46 centimètres
897 3080 53 41 de
975 3079 133 55 large,
1134 3092 115 29 nous
1274 3092 26 27 a
1325 3078 147 42 donné
1497 3093 61 27 un
1584 3080 189 42 résultat
1793 3084 108 39 tout
1926 3081 26 41 à
1978 3080 83 41 fait

434 3137 290 64 satisfaisant,
759 3152 36 41 si
826 3153 104 43 bien
965 3169 86 41 que
1083 3170 114 28 nous
1230 3158 173 40 restons
1434 3156 220 54 persuadé
1687 3171 87 41 que
1807 3157 108 42 c'est
1946 3157 44 41 là
2021 3157 40 42 le

434 3213 200 50 Meilleur
664 3229 204 50 procédé,
904 3230 130 44 sinon
1066 3232 42 41 le
1140 3232 107 49 seul,
1281 3230 238 43 utilisable.
1555 3233 126 41 Nous
1714 3247 142 29 avons
1888 3232 174 43 ensuite

433 3291 135 45 greffé
596 3312 71 30 un
686 3302 225 57 fragment
942 3309 55 46 de
1026 3308 113 44 tibia
1169 3310 54 42 de
1253 3321 53 39 12
1337 3298 285 54 centimètres
1649 3311 57 42 de
1734 3310 104 56 long
1868 3314 44 39 et
1942 3311 118 42 deux
