2300 3873
1002 598 89 48 An
1139 606 323 62 apparatus

563 751 117 68 for
743 752 371 93 reducing
1176 753 299 70 ancient
1539 755 360 69 fractures

960 929 67 56 of
1066 931 96 56 the
1211 931 295 57 mandible

574 1077 260 55 (SLIDING
872 1087 144 32 TRAY
1054 1089 142 30 WITH
1235 1088 361 32 REGULATING
1639 1076 263 56 SCREW)!1)

974 1267 72 53 By
1085 1267 147 53 Major
1266 1267 240 51 FRISON,

685 1347 107 30 Chief
814 1347 39 30 of
873 1348 57 29 the
956 1347 275 41 Stomatological
1258 1348 124 31 Center
1404 1348 40 29 of
1464 1349 57 29 the
1546 1349 73 29 iotli
1647 1348 139 40 Region.

509 1774 94 40 The
637 1772 237 42 reduction
909 1773 45 40 of
989 1786 122 29 some
1146 1774 181 42 ancient
1362 1774 221 41 fractures
1618 1774 45 40 of
1697 1774 78 41 the
1809 1771 245 48 mandible,

424 1849 111 41 with
568 1848 89 43 loss
691 1849 45 39 of
771 1849 243 42 substance
1048 1864 124 28 more
1207 1865 50 26 or
1289 1850 86 42 less
1409 1850 243 48 extended,
1687 1850 85 41 but
1807 1849 169 54 always
2010 1848 45 41 in

422 1939 102 39 way
544 1925 44 40 of
603 1938 154 40 wrong
776 1924 345 51 consolidation,
1139 1926 36 42 is
1195 1926 259 42 sometimes
1474 1940 112 40 very
1601 1925 191 42 difficult
1813 1930 47 37 to
1882 1925 170 41 obtain.

424 2002 43 40 It
501 2002 204 54 happens
738 2015 112 40 very
882 2002 126 41 often
1042 2007 47 36 to
1124 2017 52 27 us
1209 2008 49 36 to
1293 2002 100 42 deal
1425 2002 111 41 with
1570 2016 26 27 a
1628 2002 227 42 wounded
1887 2000 169 54 having

424 2082 89 37 two
538 2078 250 54 fragments
813 2078 46 41 in
884 2079 91 41 bad
1001 2079 242 49 direction;
1269 2079 251 53 fragments
1546 2079 103 40 that
1674 2078 35 41 it
1735 2078 36 41 is
1796 2076 259 56 impossible

422 2158 47 37 to
501 2155 162 41 reduce
693 2170 113 27 even
836 2154 112 42 with
978 2169 26 27 a
1034 2160 157 50 strong
1220 2154 182 43 manuel
1433 2168 218 41 pressure.
1742 2156 95 40 The
1868 2153 188 43 consoli-

422 2232 158 41 dation
606 2232 36 41 is
669 2233 209 41 however
909 2232 92 42 still
1033 2232 296 55 incomplete;
1357 2233 260 41 sometimes
1643 2245 58 27 on
1737 2232 77 41 the
1842 2235 214 49 contrary

421 2324 65 27 we
510 2309 158 55 werify
691 2310 77 41 the
792 2309 246 42 formation
1063 2310 45 40 of
1132 2323 26 27 a
1180 2309 170 41 fibrous
1374 2308 170 42 callous
1567 2309 249 41 somewhat
1840 2307 135 41 loose.

511 2387 223 43 However
763 2386 36 41 it
826 2400 110 41 may
961 2386 55 42 be
1047 2386 77 42 the
1155 2385 263 42 immediate
1450 2399 216 40 recovery
1697 2385 45 41 of
1773 2385 77 41 the
1881 2382 174 43 normal

423 2464 293 41 articulation
750 2463 36 42 is
820 2463 319 42 unattainable
1165 2463 92 41 and
1293 2477 66 27 we
1391 2476 109 41 may
1531 2467 143 37 resort
1709 2467 48 36 to
1783 2466 90 37 two
1899 2474 156 29 means

423 2540 70 40 for
523 2541 250 53 correcting
803 2540 91 41 this
926 2540 247 53 deformity
1203 2539 103 41 that
1337 2553 109 40 may
1475 2540 186 41 become
1693 2538 246 42 definitive.

512 2623 48 35 1°
590 2618 39 39 A
671 2616 192 54 surgical
904 2616 309 41 intervention
1255 2616 150 41 whose
1446 2616 91 40 aim
1579 2616 36 41 is
1657 2620 48 36 to
1746 2614 190 42 liberate
1978 2615 77 40 the

421 2694 273 51 fragments;
721 2694 103 40 that
850 2693 37 40 is
913 2697 48 36 to
987 2706 82 40 say
1095 2697 272 49 osteotomy.

513 2775 48 36 2°
592 2771 39 39 A
670 2769 252 55 prosthetic
962 2769 309 41 intervention
1311 2768 62 54 by
1412 2774 250 49 apparatus
1701 2769 150 40 whose
1891 2768 89 41 aim
2020 2768 36 41 is

421 2860 26 26 a
478 2845 107 42 slow
616 2846 250 42 reduction.

511 2923 158 42 Before
694 2924 210 53 claiming
928 2924 69 40 for
1021 2938 26 27 a
1071 2922 230 55 surgeon's
1324 2923 118 55 help,
1467 2938 65 27 we
1556 2923 205 54 prefered
1784 2928 47 36 to
1855 2927 196 50 attempt

425 3001 78 40 the
536 3000 250 53 prosthetic
820 3001 263 49 correction,
1119 3001 282 52 encouraged
1432 3001 62 53 by
1527 3000 77 41 the
1637 2999 283 42 verification
1952 3000 44 40 of
2030 3013 26 27 a

426 3074 90 42 still
540 3074 273 53 incomplete
837 3076 344 48 consolidation,
1207 3076 91 40 and
1320 3075 166 53 willing
1509 3080 48 36 to
1581 3089 128 40 spare
1734 3080 47 35 to
1805 3075 77 41 the
1904 3088 152 28 woun-

425 3152 88 41 ded
541 3165 26 26 a
595 3149 191 52 surgical
815 3152 235 53 operation
1078 3152 169 54 always
1274 3152 247 40 somewhat
1550 3151 276 50 mutilating.

487 3278 42 37 (')
553 3275 59 30 See
628 3275 57 30 the
707 3274 220 31 illustrations
944 3275 80 40 page
1024 3275 81 40 is8
1124 3276 64 29 and
1206 3275 191 39 following.
