2342 3882
440 434 75 41 172
831 434 55 29 LA
913 432 340 32 RESTAURATION
1280 432 409 31 MAXILLO-FACIALE

530 533 50 40 13
615 521 112 41 août.
764 522 82 40 Les
879 520 139 55 plaies
1050 520 185 42 buccale
1268 525 45 37 et
1346 522 191 40 cutanée
1570 522 129 40 étant
1732 519 267 47 cicatrisées,
2032 515 40 41 le

440 592 178 41 malade
645 605 129 41 passe
801 592 113 41 dans
940 591 40 42 le
1007 591 168 42 service
1203 592 54 40 de
1285 590 219 54 chirurgie
1532 591 62 41 du
1619 590 374 54 médecin-major
2019 586 54 42 de

442 669 67 35 Ire
539 663 138 42 classe
710 662 152 42 Revel.

529 747 24 29 2
581 733 246 55 septembre.
860 734 326 41 Rescellement
1216 734 53 40 de
1297 733 200 41 l'attelle.

529 818 24 39 3
586 805 244 54 septembre.
863 804 282 42 Traitement
1177 803 251 55 opératoire
1459 804 54 41 de
1542 803 44 41 la
1616 803 347 54 pseudarthrose
1995 811 80 45 par

442 876 135 53 greffe
616 875 436 55 ostéo-périostique.

532 946 318 42 Chloroforme.
884 946 60 41 Le
973 946 177 42 malade
1180 947 206 53 présente
1417 959 86 27 une
1532 945 207 41 cicatrice
1769 944 181 41 linéaire
1980 955 95 30 ver-

445 1017 131 42 ticale
606 1016 78 54 qui
712 1031 59 26 va
800 1017 54 40 de
884 1016 43 41 la
955 1017 291 42 commissure
1275 1015 162 42 labiale
1465 1016 172 53 gauche
1667 1029 59 27 au
1754 1019 200 37 menton.
1987 1013 89 41 Au-

445 1088 183 41 dessous
662 1087 61 41 du
755 1087 163 41 rebord
949 1087 212 42 inférieur
1193 1087 62 41 du
1287 1086 263 49 maxillaire,
1585 1087 26 41 à
1646 1098 23 29 2
1703 1085 287 42 centimètres
2024 1082 53 42 de

875 2141 71 31 FIG.
977 2152 24 19 1.
1024 2160 44 4 —
1092 2143 126 29 Attelle
1245 2143 153 39 d'alliage
1425 2144 238 29 d'aluminium.

453 2301 42 42 la
526 2303 114 54 ligne
672 2303 220 49 médiane,
926 2303 29 41 il
986 2303 142 43 existe
1160 2319 86 27 une
1278 2304 207 42 cicatrice
1518 2304 226 55 déprimée
1775 2304 222 41 adhérant
2029 2312 58 30 au

454 2374 105 53 plan
591 2375 207 54 profond,
832 2374 275 42 c'est-à-dire
1141 2389 58 27 au
1231 2375 215 54 plancher
1478 2375 54 41 de
1565 2375 43 41 la
1640 2374 187 42 bouche.
1866 2376 63 39 La
1961 2376 125 52 perte

454 2445 54 41 de
540 2446 241 42 substance
814 2460 191 36 osseuse,
1031 2446 77 54 qui
1140 2461 26 26 a
1197 2446 188 41 environ
1419 2459 23 28 2
1476 2450 116 37 cent.
1629 2455 23 42 5
1686 2445 54 42 de
1772 2444 231 54 longueur,
2028 2454 60 29 va

455 2515 53 41 de
538 2516 43 41 la
608 2518 195 40 hauteur
833 2517 53 41 de
915 2517 218 53 l'incisive
1163 2516 197 42 centrale
1391 2517 144 41 droite
1565 2518 26 40 à
1620 2517 43 40 la
1693 2516 216 55 première
1939 2525 149 43 grosse

454 2586 183 42 molaire
663 2588 185 53 gauche.
880 2586 254 55 L'appareil
1161 2586 291 55 prothétique
1479 2586 243 42 maintient
1750 2586 62 41 les
1839 2586 249 54 fragments

454 2669 55 27 en
539 2656 147 42 bonne
717 2657 210 55 position.

544 2733 46 33 1°
624 2728 194 41 Incision
853 2728 183 41 suivant
1072 2727 38 41 le
1145 2728 163 40 rebord
1343 2727 61 41 du
1439 2727 249 43 maxillaire
1724 2728 245 54 dépassant
2004 2726 84 40 lar-

455 2802 180 47 gement
667 2799 55 40 de
753 2803 102 50 part
887 2802 45 37 et
964 2797 178 41 d'autre
1173 2796 62 42 les
1267 2797 262 42 extrémités
1561 2798 77 41 des
1670 2802 226 48 segments
1928 2805 161 33 osseux

457 2880 54 27 en
537 2869 172 51 regard,
738 2869 248 54 complétée
1013 2882 82 41 par
1120 2882 87 28 une
1234 2872 128 38 autre
1389 2868 189 42 incision
1605 2868 183 42 suivant
1815 2868 43 42 la
1883 2866 207 44 cicatrice

457 2936 212 43 verticale
705 2939 141 42 allant
883 2940 61 41 du
980 2938 229 54 voisinage
1245 2938 54 42 de
1335 2938 43 42 la
1413 2939 290 41 commissure
1740 2953 58 27 au
1832 2938 115 42 bord
1980 2936 111 43 infé-

457 3006 118 41 rieur
614 3008 61 40 du
714 3010 263 41 maxillaire.

545 3082 48 35 2°
624 3078 39 39 A
694 3078 42 41 la
770 3079 169 54 rugine,
965 3080 111 41 mise
1110 3081 26 40 à
1172 3093 61 27 nu
1269 3080 54 40 de
1358 3079 43 41 la
1436 3081 96 40 face
1568 3085 184 36 externe
1789 3080 62 41 du
1885 3079 205 54 segment

453 3154 166 35 osseux
647 3148 239 51 antérieur,
917 3150 54 42 de
1000 3164 81 27 son
1109 3150 163 41 rebord
1300 3149 212 42 inférieur
1539 3155 45 37 et
1614 3151 54 41 de
1697 3163 50 28 sa
1774 3150 97 41 face
1899 3150 189 41 interne.

459 3218 144 43 Même
629 3217 131 43 chose
785 3234 113 39 pour
922 3220 39 42 le
986 3224 203 50 segment
1215 3219 262 56 postérieur.
1505 3221 39 41 A
1569 3225 131 38 noter
1723 3221 44 41 la
1797 3220 217 42 difficulté
2038 3218 53 42 de

458 3295 120 40 cette
613 3287 239 44 libération
886 3291 77 41 des
998 3290 168 56 parties
1201 3305 200 28 osseuses
1436 3306 54 27 en
1526 3291 148 42 raison
1709 3291 77 42 des
1821 3290 272 43 adhérences
