2339 3888
1008 319 110 51 VIn
1118 319 55 51 -
1173 319 55 51 3
1228 319 55 51 -
1283 319 138 51 1919

346 424 69 68 C
1882 416 152 15 —

426 522 152 72 Les
616 520 350 98 produits
1008 532 91 62 du
1146 518 502 74 Laboratoire
1688 530 84 62 de
1806 516 232 96 Trey,

952 666 212 54 entre
1222 666 296 58 autres:

766 776 116 73 Le
940 788 283 61 ciment
1278 776 440 96 porcelaine

833 918 41 27 H
900 904 337 76 SYNTH
1237 904 225 76 ET]
1462 904 170 76 C"

576 1038 300 82 (marque
928 1034 409 85 déposée
1337 1034 563 85 "SYNTREX")

587 1202 115 72 Le
760 1224 353 48 nouveau
1172 1208 282 64 ciment
1512 1196 372 76 universel

964 1326 100 76 H
1064 1326 251 76 SOL]
1315 1326 203 76 LA"

434 1506 151 72 Les
644 1514 324 62 ciments
1028 1502 205 78 Caulk
1233 1502 103 78 :
1402 1494 107 82 H
1509 1494 375 82 PETRO]
1884 1494 162 82 D"

574 1650 72 54 et
706 1630 147 76 te
853 1630 343 76 CROWN
1264 1630 78 74 &
1406 1628 496 76 BRIDGE"

908 1810 152 70 Les
1118 1808 462 96 amalgames

590 1940 158 70 -de
804 1938 360 72 TREY"
1226 1954 72 56 et
1354 1934 538 78 "SOL1LA"

484 2086 172 52 sont
730 2066 398 98 employés
1196 2072 38 66 à
1308 2066 296 72 l'heure
1676 2063 326 73 actuelle

536 2222 140 73 par
726 2198 70 69 la
854 2194 412 98 généralité
1324 2196 134 72 des
1516 2204 426 90 praticiens.

562 2378 81 51 La
688 2378 246 52 Maison
981 2377 75 52 de
1100 2376 224 54 TREY
1371 2378 56 53 &
1476 2376 97 63 Co,
1623 2375 134 63 Ltd,
1810 2375 143 52 dans
2000 2371 54 52 le

433 2460 107 50 but
598 2458 74 53 de
729 2461 335 67 témoigner
1117 2477 111 34 son
1285 2461 214 50 intérêt
1544 2476 112 35 aux
1702 2474 239 36 oeuvres
1982 2452 72 53 de

438 2557 236 53 guerre,
734 2539 148 53 offre
934 2558 96 34 ses
1080 2540 277 72 produits
1417 2539 405 54 d'obturation
1874 2541 32 49 à
1951 2535 103 53 des

439 2622 337 52 conditions
824 2622 312 71 spéciales,
1182 2640 158 54 pour
1385 2624 226 70 l'usage
1659 2620 252 55 exclusif
1952 2618 102 53 des

444 2702 275 54 Services
773 2704 73 52 de
905 2702 440 73 Stomatologie
1399 2715 58 43 et
1514 2705 74 52 de
1644 2703 411 54 Restauration

439 2785 553 54 Maxillo-Faciale.

568 2866 157 52 Leur
781 2876 173 44 vente
1012 2877 89 43 est
1157 2868 138 53 faite
1348 2887 107 52 par
1513 2869 87 52 les
1650 2868 277 52 Maisons
1985 2860 72 53 de

446 2947 390 53 Fournitures
886 2947 342 55 Dentaires.

568 3028 529 72 Renseignements
1140 3042 59 43 et
1242 3032 328 53 littérature
1617 3040 136 43 sont
1798 3023 259 75 envoyés

440 3130 99 35 sur
585 3112 313 54 demande.

1037 3233 82 44 De
1155 3231 214 46 TREY
1405 3232 46 44 6
1489 3233 83 47 Co,
1606 3229 129 49 Ltd,
1763 3227 269 46 Londres

1084 3312 53 38 A.
1160 3312 272 43 RENAUD,
1452 3311 531 47 Représentant-Démonstrateur,

1006 3390 74 39 25,
1108 3401 85 24 rue
1220 3390 57 35 de
1311 3391 45 34 la
1390 3389 257 40 Pépinière,
1682 3386 185 34 PARIS
1900 3372 119 50 (VIII
2019 3372 40 50 )

1305 3451 159 37 Téléph.:
1487 3451 144 28 Central
1652 3450 109 28 10.73
