2494 3880
725 442 221 35 APPAREIL
974 450 119 29 POUR
1122 438 259 40 RÉDUCTION
1411 449 60 28 DE
1500 448 257 31 FRACTURES
1972 450 77 41 159

426 509 127 54 ïïiale,
587 518 336 66 indispensable
957 549 115 40 pour
1104 548 176 29 assurer
1312 547 61 28 un
1407 533 91 42 bon
1531 533 201 51 articulé,
1768 549 56 27 en
1857 549 61 27 un
1950 540 99 37 mot

426 578 141 54 éviter
596 599 104 44 tout
732 615 296 37 mouvement
1062 611 54 42 de
1149 610 201 49 bascule;

509 665 34 55 c)
579 671 301 56 Immobiliser
907 688 120 42 aussi
1054 688 322 56 parfaitement
1405 701 87 40 que
1519 686 195 56 possible
1740 687 162 42 l'autre
1930 688 116 54 frag-

423 743 123 41 rnent
575 758 155 41 contre
758 760 46 42 la
830 764 229 43 mâchoire
1088 764 269 56 supérieure.

505 893 327 63 DESCRIPTION
875 924 66 35 DE
983 918 292 43 L'APPAREIL.
1317 943 60 4 —
1418 916 254 56 L'appareil
1715 931 45 27 se
1803 930 191 41 compose
1994 930 48 41 :

507 979 47 32 10
584 978 148 51 D'une
759 992 105 42 selle
892 994 256 44 emboîtant
1174 996 40 42 le
1241 996 227 53 fragment
1494 995 27 41 à
1548 993 174 43 réduire
1751 1007 79 28 sur
1851 992 192 56 laquelle

420 1048 100 73 ont
540 1059 164 44 soudés
722 1079 62 28 un
803 1069 188 53 plateau
1012 1072 54 42 de
1085 1071 259 55 glissement
1365 1075 45 38 et
1432 1070 77 42 des
1529 1071 133 41 tubes
1683 1070 141 42 filetés
1847 1068 195 43 destinés

419 1124 250 54 recevoir
694 1140 45 43 la
767 1144 69 42 vis
866 1147 54 42 de
949 1150 169 53 rappel.

503 1199 84 48 Sur
604 1209 289 63 le'fraginent
915 1224 26 40 à
963 1226 188 49 réduire,
1175 1225 30 42 il
1227 1225 211 43 convient
1461 1225 54 42 de
1536 1225 158 41 sceller
1709 1238 87 27 une
1817 1223 223 55 gouttière

417 1274 74 36 Sur
510 1274 192 62 laquelle
725 1294 254 59 s'applique
1003 1302 91 40 très
1119 1305 286 45 exactement
1427 1301 45 41 la
1493 1301 83 49 selle
1576 1301 42 49 ;
1644 1299 168 43 celle-ci
1835 1304 67 37 est
1926 1300 113 41 fixée

417 1351 80 41 Par
528 1367 86 35 une
647 1366 200 49 clavette
888 1374 252 45 introduite
1185 1378 112 41 dans
1331 1378 76 41 des
1442 1376 132 42 tubes
1607 1375 300 43 horizontaux
1940 1389 97 28 ves-

416 1415 241 79 aires.
698 1444 69 43 De
806 1454 119 38 cette
963 1453 147 52 façon,
1150 1454 45 41 la
1241 1455 116 40 forte
1403 1453 201 55 pression
1641 1452 245 42 nécessaire
1924 1465 115 41 pour

416 1493 175 57 obtenir
616 1513 45 45 la
688 1515 238 53 réduction
954 1543 56 27 ne
1039 1529 194 44 s'exerce
1261 1545 81 41 pas
1371 1544 76 28 sur
1472 1530 45 42 la
1544 1543 261 41 muqueuse.

499 1586 48 34 20
577 1587 43 65 D
620 1587 87 65 une
707 1587 243 65 glissière
978 1608 165 41 soudée
1172 1622 76 27 sur
1274 1622 63 26 un
1365 1607 201 56 appareil
1593 1605 229 57 supérieur
1849 1609 45 38 et
1924 1605 113 42 dans

414 1640 187 65 laquelle
629 1667 41 44 le
699 1674 187 54 plateau
916 1681 55 41 de
1000 1682 273 53 glissement,
1306 1688 286 37 exactement
1623 1681 209 50 emboîté,
1857 1682 103 44 doit
1990 1696 45 28 se

413 1730 205 52 Pouvoir
645 1758 59 30 au
731 1764 130 32 cours
889 1756 55 42 de
970 1757 45 42 la
1042 1760 249 42 réduction.

436 1805 134 73 n
593 1822 202 55 appareil
817 1836 69 37 est
910 1834 252 54 également
1184 1836 334 56 indispensable
1541 1839 27 41 à
1590 1837 45 42 la
1656 1836 226 44 mâchoire
1905 1837 130 54 supé-

411 1871 139 90 rilure
584 1907 116 40 pour
731 1912 156 46 porter
919 1910 44 42 la
996 1912 196 54 glissière
1226 1918 45 38 et
1305 1929 116 40 pour
1452 1915 293 47 immobiliser.
1745 1915 91 47 au
1869 1928 166 42 moyen

411 1946 132 128 d'une
579 1975 220 47 mortaise
841 1983 40 42 le
924 1986 227 54 fragment
1199 1989 213 42 inférieur
1462 2004 76 28 sur
1586 1991 147 54 lequel
1784 2004 58 28 on
1891 1990 143 54 n'agit

411 2033 428 41 pas.

493 2108 64 48 La
588 2123 197 52 glissière
820 2130 111 61 peut
967 2139 93 43 être
1096 2141 113 43 fixée
1243 2142 27 41 à
1304 2142 235 55 l'appareil
1573 2143 231 54 supérieur
1837 2156 83 41 par
1953 2143 78 41 des

408 2174 236 105 clavettes;
677 2206 82 44 elle
791 2211 69 43 est
893 2214 113 43 dans
1039 2231 48 28 ce
1121 2232 74 28 cas
1227 2205 258 55 facilement
1519 2216 301 52 démontable,
1856 2232 174 28 comme

406 2246 523 123 le
954 2292 228 55 dispositif
1204 2295 207 53 présente
1433 2294 259 54 l'avantage
1716 2289 54 46 de
1792 2308 238 44 conserver

406 2323 60 50 les
488 2344 166 51 ulênies
677 2365 224 51 appareils
923 2381 116 41 pour
1059 2368 44 42 la
1125 2369 266 42 contention
1414 2370 76 41 des
1512 2371 248 53 fragments
1783 2371 129 53 après
1933 2369 96 42 leur

405 2407 246 65 réduction.
686 2433 128 48 Voici
847 2450 228 37 comment
1107 2459 114 28 nous
1253 2447 231 53 procédons
1484 2447 47 53 :

490 2500 47 32 11)
568 2500 82 48 Les
673 2518 225 50 appareils
920 2525 103 38 sont
1045 2522 337 45 confectionnés
1404 2536 76 28 sur
1501 2522 76 41 des
1600 2521 228 53 moulages
1851 2535 174 27 recons-

404 2555 136 92 s
564 2590 55 31 en
641 2589 199 50 position
864 2598 201 42 normale
1090 2598 65 44 et
1155 2598 153 44 munis
1332 2598 54 42 de
1410 2598 132 42 tubes
1567 2598 237 54 d'ancrage
1829 2597 196 44 destinés

403 2629 25 44 a
456 2638 187 66 bloquer
669 2661 45 44 la
741 2671 229 44 mâchoire
998 2672 237 45 inférieure
1265 2679 154 37 contre
1447 2674 44 41 la
1519 2674 238 54 supérieure
1757 2674 44 54 ;

488 2728 48 33 20
561 2728 88 48 Les
687 2748 225 50 appareils
947 2756 104 36 sont
1088 2751 174 42 ensuite
1299 2750 235 55 appliqués
1570 2763 76 28 sur
1682 2750 76 41 des
1793 2750 229 54 moulages

402 2795 54 34 en
485 2804 197 52 Position
712 2820 207 57 vicieuse,
947 2832 45 37 et
1017 2827 40 43 le
1088 2824 174 45 chariot
1291 2828 26 40 à
1347 2825 194 55 glissière
1571 2830 67 37 est
1670 2820 139 47 établi
1839 2827 112 42 dans
1981 2827 43 41 la

401 2870 194 54 Position
624 2892 146 46 même
802 2900 54 42 de
887 2916 50 28 sa
966 2904 111 42 mise
1108 2919 55 27 en
1194 2903 194 49 bouche;

484 2956 50 42 3
564 2956 199 67 Lorsque
789 2974 44 42 la
858 2977 238 45 réduction
1121 2984 67 38 est
1215 2979 204 49 obtenue,
1419 2979 91 49 on
1535 2979 155 43 enlève
1715 2980 44 43 la
1782 2981 105 43 selle
1911 2982 111 41 infé-

398 3010 140 59 neure
565 3040 46 37 et
638 3040 44 44 la
708 3048 196 52 glissière
933 3057 269 54 supérieure,
1232 3055 100 55 puis
1360 3069 58 27 on
1445 3056 87 42 fixe
1559 3056 62 43 les
1650 3052 219 48 clavettes
1896 3059 126 42 d'an-

400 3098 159 78 crage,
559 3098 68 78 et
627 3098 413 78 l'immobilisation
1066 3133 76 41 des
1171 3133 248 52 fragments
1449 3146 55 27 en
1534 3133 188 42 articulé
1749 3135 176 42 normal
1952 3140 69 37 est

399 3166 145 89 réalis
544 3166 83 89 e-e
627 3166 103 89 sans
730 3166 124 89 qu'il
854 3166 127 89 soit
1015 3209 110 41 utile
1157 3209 52 41 de
1241 3208 210 42 desceller
1479 3208 62 43 les
1572 3211 223 54 appareils
1824 3226 114 41 pour
1967 3226 55 28 en

400 3249 257 74 appliquer
657 3249 103 74 d'a
760 3249 181 74 utres.
