2375 3891
453 456 74 40 142
841 456 55 29 LA
922 457 338 30 RESTAURATION
1286 450 407 37 MAXILLO-FACIALÈ

541 543 64 40 La
645 541 215 43 difficulté
900 543 134 44 d'une
1074 546 149 42 bonne
1263 545 347 43 reconstitution
1650 545 55 42 de
1745 548 71 38 cet
1857 541 225 45 ensemble

454 617 115 43 tient
601 617 248 55 justement
884 620 25 42 à
942 621 223 44 l'absence
1199 623 55 42 de
1286 626 104 38 tout
1424 621 177 43 soutien
1635 621 238 48 antérieur,
1910 619 36 42 si
1977 617 104 44 bien

453 708 88 41 que
565 694 62 43 les
651 695 241 45 lambeaux
917 700 187 42 cutanés
1128 700 200 54 prélevés
1353 713 75 28 sur
1451 699 40 42 le
1517 712 83 28 cou
1623 724 58 4 —
1704 702 45 38 et
1776 697 122 49 c'est,
1925 708 158 41 excep-

453 770 96 42 tion
579 771 109 43 faite
715 788 115 42 pour
857 774 62 44 les
947 777 158 53 greffes
1133 776 248 48 italiennes,
1412 775 44 41 la
1484 775 119 42 seule
1632 773 150 55 région
1811 771 79 57 qui
1918 771 64 42 ait
2011 770 71 41 été

453 847 174 44 utilisée
656 848 210 57 jusqu'ici
895 879 58 4 —
983 853 223 43 subissent
1239 868 87 27 une
1357 852 243 42 rétraction
1633 854 236 39 constante
1906 853 46 37 et
1983 861 99 42 pro-

709 2515 70 32 FIG.
803 2527 25 20 I.
847 2536 40 3 —
905 2519 39 28 Le
962 2518 109 29 soldat
1088 2518 102 30 Sch.
1209 2528 41 19 au
1267 2521 148 26 moment
1432 2517 42 30 où
1493 2518 21 29 il
1532 2528 82 19 nous
1632 2521 49 26 est
1697 2516 130 31 adressé

1104 2565 52 39 (17
1176 2565 136 29 octobre
1334 2564 101 40 1918).

460 2745 193 56 gressive
689 2758 100 30 vers
826 2744 94 42 leur
955 2743 128 61 point
1121 2743 242 43 d'attàche.
1403 2743 65 41 La
1505 2743 298 56 cheiloraphie
1827 2744 42 55 (1)
1916 2746 173 54 (suture

460 2821 135 42 d'une
618 2821 120 45 lèvre
768 2822 26 40 à
822 2821 193 54 l'autre),
1044 2820 128 42 facile
1199 2820 25 41 à
1252 2819 179 42 réaliser
1459 2820 113 41 dans
1593 2820 62 42 les
1685 2834 74 28 cas
1789 2822 58 40 où
1876 2820 62 43 les
1968 2820 119 42 deux

460 2898 143 42 lèvres
631 2902 103 37 sont
762 2899 271 47 conservées,
1064 2901 109 52 peut
1208 2897 250 54 également
1492 2898 159 41 rendre
1685 2897 167 42 service
1886 2898 129 53 après
2048 2896 43 42 la

461 2974 214 42 réfection
711 2975 134 42 d'une
878 2974 208 43 nouvelle
1119 2974 132 42 lèvre.
1289 2974 114 41 Mais
1437 2973 81 43 elle
1552 2988 55 27 ne
1640 2978 110 50 peut
1785 2974 307 42 évidemment

462 3050 93 42 être
579 3064 87 40 que
689 3050 245 54 provisoire
958 3054 58 46 et,
1043 3051 26 40 à
1093 3064 49 28 sa
1166 3050 299 56 suppression,
1491 3049 43 42 la
1558 3050 243 43 rétraction
1826 3051 56 41 de
1904 3050 43 41 la
1970 3050 120 42 lèvre

524 3175 40 39 (1)
581 3174 42 30 La
651 3174 229 40 cheiloraphie
907 3185 17 19 a
950 3173 53 31 été
1034 3173 126 31 décrite
1186 3183 84 31 pour
1296 3174 31 28 la
1352 3172 165 40 première
1542 3173 66 30 fois
1640 3184 59 30 par
1724 3184 84 20 nous
1834 3184 40 20 en
1894 3183 76 31 1917
1996 3174 95 40 (avec

460 3222 135 29 schéma
620 3225 33 26 et
678 3221 135 39 photos,
839 3221 79 30 dans
945 3220 190 41 Chirurgie
1159 3221 178 40 d'urgence
1359 3220 54 29 des
1430 3219 161 30 blessures
1606 3221 39 29 de
1663 3220 33 29 la
1713 3221 70 39 face
1783 3221 56 39 et
1852 3221 41 36 du
1893 3221 83 36 cou,
1995 3231 32 29 p.
2055 3219 36 40 56

461 3269 17 30 à
498 3269 47 38 58,
564 3269 160 36 Maloine,
740 3266 157 42 éditeur).
917 3268 68 30 Elle
1003 3279 18 19 a
1038 3267 53 31 été
1106 3269 129 28 ensuite
1254 3267 124 40 reprise
1396 3271 33 26 et
1448 3266 196 41 préconisée
1667 3278 59 30 par
1740 3268 163 30 Morestin
1922 3266 110 41 (Bull.
2054 3267 39 29 de

463 3316 130 30 l'Acad.
613 3316 39 30 de
669 3315 96 38 med.,
785 3326 35 19 22
841 3316 137 30 octobre
1000 3315 102 41 1918).
