2336 3897
415 410 77 51 184
807 423 55 28 LA
888 423 340 29 RESTAURATION
1256 423 408 28 MAXILLO-FACIALE

413 505 151 51 permis
588 506 48 38 de
658 505 137 46 croire,
821 506 108 39 étant
959 507 177 39 données
1165 507 41 39 la
1239 506 194 39 direction
1468 510 35 35 et
1532 505 289 51 l'irrégularité
1840 507 67 37 des
1935 504 114 39 bords

414 571 67 38 des
515 570 222 50 fragments
773 574 34 34 et
840 572 48 37 de
921 571 208 51 l'esquille,
1156 572 41 38 la
1222 571 180 51 position
1434 572 47 37 de
1516 571 163 45 celle-ci,
1707 584 74 37 que
1806 570 163 39 l'action
1995 569 55 38 du

414 635 119 39 levier
559 635 176 39 subirait
761 635 113 39 ainsi
899 636 134 39 moins
1059 637 47 38 de
1133 636 227 39 résistance.

497 760 66 38 En
589 758 63 40 six
677 759 130 49 jours,
834 759 203 48 l'esquille
1061 764 66 36 est
1154 772 179 28 revenue
1360 773 51 26 en
1436 764 147 41 avant,
1609 759 77 41 elle
1710 763 66 37 est
1802 773 52 26 en
1879 760 172 38 contact

417 838 102 26 avec
546 824 58 39 les
630 825 244 49 fragments.
903 825 60 39 La
990 825 295 51 suppuration,
1312 826 244 40 abondante
1581 838 56 26 au
1661 828 190 36 moment
1872 824 54 38 où
1946 832 107 31 nous

418 889 148 39 avions
587 888 119 52 placé
728 888 230 52 l'appareil,
984 893 40 35 et
1048 889 73 46 qui
1142 889 223 52 paraissait
1388 893 247 47 augmenter
1656 887 59 41 les
1728 890 112 39 deux
1854 887 199 52 premiers

417 954 132 48 jours,
577 953 188 41 diminue
794 956 85 36 très
908 953 262 52 rapidement
1203 953 57 52 (la
1286 953 188 52 pression
1502 955 58 38 du
1589 952 140 47 levier,
1760 967 51 26 en
1828 953 225 51 déplaçant

418 1017 203 51 l'esquille
650 1032 51 26 en
730 1022 146 41 avant,
906 1019 247 51 permettait
1183 1033 54 26 au
1265 1032 81 38 pus
1372 1019 174 39 collecté
1574 1020 107 38 dans
1708 1019 37 38 le
1774 1018 200 51 plancher
2002 1018 52 38 de

420 1081 199 41 s'écouler
640 1081 224 41 librement
889 1088 41 34 et
954 1084 259 40 contribuait
1238 1083 107 41 ainsi
1367 1097 54 27 au
1445 1082 201 52 drainage
1668 1084 53 39 de
1743 1087 113 35 cette
1879 1080 172 53 région).

501 1148 58 39 Le
577 1147 213 52 dispositif
809 1153 63 34 est
890 1148 221 40 maintenu
1131 1162 51 26 en
1201 1149 120 51 place
1339 1150 189 50 pendant
1547 1148 102 39 neuf
1666 1148 129 49 jours.
1817 1148 61 39 La
1897 1160 156 38 suppu-

421 1213 138 40 ration
578 1218 63 35 est
658 1213 110 40 alors
784 1214 25 38 à
826 1227 82 38 peu
925 1216 95 48 près
1035 1213 128 47 nulle,
1178 1218 42 35 et
1238 1212 35 40 si
1288 1213 85 39 l'on
1388 1212 123 41 retire
1525 1213 59 40 les
1598 1211 239 52 élastiques,
1852 1210 202 53 l'esquille

421 1279 70 39 n'a
511 1279 97 51 plus
628 1279 53 39 de
703 1281 208 38 tendance
932 1281 25 37 à
980 1278 143 52 glisser
1145 1292 50 26 en
1218 1277 167 41 arrière.

502 1345 61 39 La
586 1344 118 52 pièce
727 1345 52 38 de
801 1342 219 47 maintien,
1046 1343 59 39 les
1129 1342 239 53 élastiques,
1394 1343 38 39 le
1455 1341 128 41 levier
1606 1346 96 35 sont
1722 1340 144 41 retirés
1883 1346 58 45 et,
1959 1353 97 27 sous

420 1410 239 38 anesthésie
690 1409 204 52 générale,
929 1409 36 39 le
998 1408 363 51 chirurgien-chef
1393 1408 52 38 de
1477 1407 184 51 l'équipe
1696 1408 90 49 (Mr.
1822 1408 55 37 M.
1911 1408 50 37 A.
1998 1406 54 38 M.

420 1475 159 50 Apard)
600 1474 198 51 pratique
814 1474 37 38 le
868 1477 219 46 curettage
1103 1474 75 38 des
1194 1473 231 50 fongosités
1441 1473 259 50 interposées
1717 1476 118 34 entre
1852 1470 203 52 l'esquille

422 1542 42 34 et
490 1537 58 40 les
573 1539 245 50 fragments,
844 1537 164 51 extirpe
1034 1536 203 52 quelques
1260 1537 156 51 petites
1441 1536 192 51 esquilles
1658 1538 228 44 nécrosées,
1912 1536 78 40 fait
2016 1534 39 39 la

422 1607 147 35 suture
585 1604 53 38 de
655 1602 41 41 la
714 1601 111 52 plaie
843 1614 51 26 en
912 1603 112 38 deux
1042 1600 136 52 plans,
1198 1614 51 26 en
1266 1601 269 41 maintenant
1552 1615 59 25 un
1629 1601 140 39 orifice
1787 1601 53 39 de
1857 1600 199 51 drainage

424 1669 106 38 dans
555 1666 40 41 la
622 1666 141 51 région
789 1665 40 40 la
854 1665 96 51 plus
974 1665 173 40 déclive.

503 1733 136 49 Après
676 1728 331 47 l'intervention,
1047 1729 40 40 la
1125 1729 186 40 clavette
1349 1731 41 38 M
1429 1732 25 38 à
1493 1732 260 39 écartement
1791 1729 165 40 normal
1995 1732 62 35 est

427 1796 199 52 replacée.
656 1795 94 38 Une
776 1794 194 40 nouvelle
996 1794 117 51 pièce
1139 1796 52 38 de
1217 1794 207 41 maintien
1450 1797 53 38 de
1528 1796 41 39 la
1596 1795 124 45 lèvre,
1750 1808 51 26 en
1828 1794 228 43 vulcanite,

425 1866 64 34 est
513 1861 182 50 adaptée
717 1861 25 37 à
765 1858 229 52 l'appareil.

506 1926 67 37 En
598 1924 202 51 quelques
823 1924 129 48 jours,
979 1923 39 40 la
1043 1922 111 53 plaie
1178 1929 64 34 est
1267 1924 227 47 cicatrisée,
1522 1924 169 40 l'orifice
1716 1925 53 38 de
1792 1923 201 52 drainage
2017 1935 42 25 se

424 1989 177 46 comble,
625 1987 203 53 l'esquille
848 1993 64 34 est
935 1993 242 35 recouverte
1198 1998 75 30 sur
1290 1993 121 36 toute
1432 2003 45 26 sa
1499 1990 163 39 surface
1681 1991 53 38 de
1755 1989 107 39 tissu
1882 1987 175 43 normal,

427 2055 30 38 il
477 2054 74 52 n'y
573 2068 25 26 a
620 2053 96 53 plus
737 2055 53 40 de
813 2053 292 52 suppuration.

508 2119 79 38 Les
608 2118 130 40 lames
760 2119 25 38 à
806 2116 185 53 glissière
1013 2122 96 35 sont
1133 2117 162 41 réunies
1316 2129 80 40 par
1415 2119 75 39 des
1510 2118 77 39 vis.

508 2185 77 37 Les
601 2184 232 50 fragments
849 2184 119 39 étant
984 2182 235 52 équilibrés,
1237 2181 301 41 l'articulation
1552 2182 262 52 s'accomplit
1830 2195 50 26 en
1900 2195 57 26 un
1973 2180 88 41 seul

428 2252 151 47 temps,
603 2248 243 40 l'occlusion
870 2253 63 35 est
957 2248 200 46 normale,
1187 2248 38 39 le
1253 2248 265 51 dynamisme
1541 2247 171 40 devient
1735 2247 95 51 plus
1852 2246 205 52 puissant.

512 2370 90 38 Une
624 2367 147 53 plaque
794 2369 47 38 de
871 2367 173 40 Guérini
1067 2367 189 52 complète
1277 2368 36 38 le
1336 2366 224 39 traitement
1584 2379 48 26 en
1657 2366 173 38 relevant
1852 2363 207 53 l'esquille.

428 2434 40 38 Il
489 2433 184 51 convient
673 2433 61 51 de
734 2433 205 51 signaler
960 2445 80 26 une
1060 2432 80 50 fois
1162 2433 48 38 de
1230 2432 95 51 Plus
1346 2431 222 39 l'heureuse
1590 2430 133 39 action
1744 2431 48 38 de
1813 2443 61 26 ces
1895 2429 166 51 plaques

429 2500 103 38 dans
553 2500 47 38 de
621 2500 256 39 nombreuses
899 2498 165 39 variétés
1085 2498 48 38 de
1152 2497 195 49 fractures
1368 2497 67 38 des
1463 2496 272 43 maxillaires;
1756 2508 49 25 en
1823 2493 238 53 particulier

429 2564 103 38 dans
555 2565 55 38 les
632 2565 195 49 fractures
850 2564 56 37 du
930 2567 114 47 corps
1067 2563 55 38 du
1146 2561 230 40 maxillaire
1399 2560 208 49 inférieur,
1633 2561 137 50 quand
1793 2560 30 38 il
1846 2559 70 50 n'y
1940 2572 25 25 a
1985 2562 78 47 pas

428 2629 47 37 de
496 2628 111 51 Plaie
629 2630 67 37 des
720 2628 160 51 régions
903 2627 347 39 sous-maxillaire
1273 2639 51 25 ou
1348 2626 296 45 sous-mentale,
1671 2625 90 39 elles
1785 2624 179 50 agissent
1986 2622 77 40 très

427 2693 311 47 favorablement
761 2698 105 47 pour
889 2693 41 38 la
954 2692 205 39 réduction
1185 2696 35 34 et
1242 2691 40 38 la
1307 2690 239 46 contention,
1574 2691 90 38 elles
1689 2690 137 39 aident
1849 2689 25 38 à
1898 2687 164 42 rétablir

431 2757 40 37 la
498 2759 183 50 synergie
707 2758 244 39 musculaire
978 2761 35 35 et
1037 2770 81 26 une
1144 2755 265 51 cinématique
1444 2756 179 39 normale
1657 2756 47 37 de
1739 2755 40 39 la
1814 2753 247 39 mandibule.

515 2885 79 42 Les
622 2888 312 52 radiographies
962 2887 131 52 prises
1122 2893 131 34 avant
1282 2886 38 38 le
1347 2886 151 51 départ
1526 2885 58 39 du
1612 2884 134 39 blessé
1773 2883 223 52 indiquent
2025 2881 40 39 la

434 2952 245 47 coaptation
716 2954 52 38 de
806 2953 199 51 l'esquille
1043 2965 102 26 avec
1182 2952 59 38 les
1276 2951 234 50 fragments
1544 2950 207 45 latéraux,
1789 2950 75 37 des
1899 2949 166 38 travées

434 3025 188 28 osseuses
656 3016 209 39 semblent
898 3015 201 41 s'établir.
1134 3019 36 38 A
1198 3015 209 39 l'examen
1447 3013 195 53 clinique,
1686 3025 53 28 on
1777 3024 51 28 ne
1870 3014 196 38 constate

436 3089 178 40 presque
642 3080 94 47 plus
761 3083 55 37 de
844 3080 194 40 mobilité
1063 3084 118 37 entre
1210 3081 207 51 l'esquille
1449 3082 43 37 et
1522 3081 42 38 la
1590 3077 186 41 branche
1806 3075 259 42 horizontale

436 3143 162 53 gauche
628 3143 75 50 (un
730 3145 111 38 mois
869 3149 127 48 après
1024 3146 126 39 avoir
1178 3145 129 40 retiré
1337 3142 38 43 le
1403 3144 225 51 dispositif
1656 3142 231 52 d'action).

516 3209 60 38 Le
604 3204 134 41 blessé
767 3214 65 34 est
863 3210 173 46 évacué,
1069 3222 102 27 avec
1202 3220 74 28 son
1308 3209 189 48 appareil
1525 3208 52 38 de
1617 3207 265 46 contention,
1911 3217 70 27 sur
2009 3215 56 29 un

438 3277 144 38 centre
609 3273 55 39 de
693 3269 243 45 l'intérieur.
