2342 3897
472 409 77 53 178
857 422 55 28 LA
937 418 342 32 RESTAURATION
1304 421 410 29 MAXILLO-FACIALE

470 500 161 49 where,
667 514 49 28 as
750 499 242 55 explained
1025 491 161 58 above,
1221 499 37 42 it
1291 508 92 33 was
1416 498 290 43 inadvisable
1739 503 50 37 to
1822 501 202 51 attempt
2057 497 46 37 to

471 575 77 37 cut
590 571 236 53 throught.
927 571 95 42 The
1063 572 110 41 ends
1215 570 45 41 of
1301 571 112 42 each
1451 571 230 53 fragment
1681 571 154 53 were
1876 563 227 48 trimmed.

469 642 96 43 The
594 629 278 67 periosteum
901 645 183 51 present
1114 646 58 36 on
1200 641 116 42 both
1344 639 79 56 the
1451 641 144 43 inside
1624 626 94 57 and
1746 640 178 43 outside
1954 636 75 48 of.
2029 636 75 48 the

470 712 200 47 anterior
694 712 229 54 fragment
948 727 93 28 was
1067 712 207 55 stripped
1299 727 48 27 as
1371 712 85 42 far
1468 717 49 37 as
1542 711 211 56 possible,
1781 712 93 41 and
1896 715 29 37 a
1950 707 154 56 rugine

469 797 86 29 run
583 782 134 55 along
745 784 79 41 the
851 784 132 42 bone.
1072 784 95 41 The
1196 798 124 27 same
1347 782 245 54 technique
1619 797 92 27 was
1740 780 185 56 applied
1951 785 49 38 to
2028 778 76 43 the

471 854 224 55 posterior
718 855 244 52 fragment.
1095 837 29 26 ,J

559 931 49 46 30
638 926 74 41 An
737 925 191 43 incision
954 939 92 28 was
1072 925 134 42 made
1233 924 47 41 in
1306 924 80 42 the
1412 923 103 57 skin
1542 925 45 41 of
1613 924 80 42 the
1719 923 121 54 right
1866 923 70 54 leg
1963 921 92 44 and
2080 931 26 28 a

469 997 121 52 graft
629 996 45 41 of
710 996 119 42 bone
866 995 142 42 taken
1043 996 119 41 from
1200 995 78 42 the
1316 993 380 44 antero-internal
1732 995 177 42 surface
1947 994 45 41 of
2029 991 77 42 the

470 1066 170 43 middle
662 1066 126 43 third
811 1066 45 41 of
880 1066 78 42 the
981 1065 116 42 tibia
1118 1059 65 61 by
1206 1065 138 43 chisel
1367 1067 92 42 and
1480 1064 158 45 mallet
1662 1066 93 41 and
1776 1058 330 60 Delagenierc's

470 1136 258 54 technique.
816 1134 43 44 It
884 1151 92 27 was
1002 1149 24 30 2
1053 1136 290 43 centimeters
1366 1136 130 49 wide,
1524 1136 24 41 8
1574 1136 290 42 centimeters
1886 1135 107 53 long
2017 1128 89 48 and

469 1207 119 42 from
625 1220 23 28 I
683 1212 49 37 to
769 1220 25 29 2
828 1222 110 28 mm.
975 1207 142 42 thick.
1213 1207 56 40 In
1302 1220 124 30 some
1461 1201 150 61 places
1644 1206 38 42 it
1715 1220 92 29 was
1841 1206 169 47 rather,
2028 1208 76 37 too

472 1278 128 43 thick
633 1280 98 41 and
755 1293 93 28 was
880 1278 194 42 thinned
1106 1278 134 42 down
1270 1278 148 42 where
1450 1291 253 41 necessary.
1797 1278 44 40 It
1873 1290 93 29 was
1997 1276 109 41 then

473 1353 77 38 cut
578 1347 98 47 into
705 1354 91 37 two
825 1349 163 55 pieces.

559 1424 51 50 40
642 1420 97 42 One
770 1420 56 43 of
847 1421 78 41 the
955 1421 145 52 grafts
1130 1432 92 30 was
1253 1419 162 55 placed
1446 1419 82 42 flat
1552 1432 67 27 -on
1649 1419 78 41 the
1757 1418 130 43 inner
1916 1417 189 44 surface,

472 1490 113 41 with
606 1490 60 43 its
689 1490 278 55 periosteum
989 1490 168 42 turned
1178 1490 199 42 towards
1400 1489 87 43 the
1487 1489 175 43 buccal
1684 1489 95 43 side
1803 1490 92 42 and
1915 1489 61 43 its
1999 1485 108 45 ends

473 1560 248 54 extending
741 1562 184 53 beyond
945 1561 131 41 those
1098 1560 46 41 of
1165 1560 79 42 the
1264 1565 91 36 two
1377 1561 118 42 bone
1515 1561 267 54 fragments.
1862 1561 96 41 The
1979 1558 129 42 other

472 1645 93 27 was
585 1631 161 54 placed
765 1644 59 27 on
842 1631 85 41 the
941 1635 131 37 outer
1091 1629 109 50 side,
1220 1630 113 42 with
1350 1630 61 43 its
1430 1630 277 56 periosteum
1725 1632 169 42 turned
1911 1626 218 46 towards

472 1701 80 42 the
579 1701 125 53 jugal
730 1701 191 49 surface,
949 1700 48 41 in
1024 1701 112 42 such
1158 1715 46 40 a
1204 1715 115 40 way
1344 1691 106 53 that
1476 1703 79 42 the
1582 1707 91 38 two
1702 1716 182 29 osseous
1911 1702 196 42 surfaces

474 1772 134 41 faced
639 1771 112 42 each
784 1771 143 42 other.
1023 1771 67 42 Its
1123 1771 200 43 anterior
1355 1773 249 55 extremity
1635 1788 94 27 was
1762 1774 112 42 then
1906 1773 122 41 fixed
2059 1774 47 37 to

475 1842 79 41 the
584 1841 330 54 neighbouring
945 1841 276 55 periosteum
1251 1842 65 55 by
1345 1857 27 28 a
1402 1843 105 56 loop
1539 1844 45 41 of
1616 1848 191 50 catgut.

564 1915 49 47 5°
643 1912 95 41 The
768 1911 102 42 skin
897 1926 93 28 was
1019 1913 191 42 sutured
1237 1913 113 41 with
1379 1913 228 45 silkworm
1636 1919 96 49 gut.
1822 1914 41 41 A
1892 1913 216 55 capillary

476 1982 151 54 safety
651 1981 130 43 drain
803 1997 93 27 was
920 1982 184 55 applied
1127 1983 92 42 and
1241 1985 218 42 removed
1481 1986 119 41 after
1622 1985 56 54 48
1701 1985 152 42 hours.

562 2052 249 55 September
848 2058 107 37 21st.
1051 2054 96 42 The
1184 2054 192 54 surgical
1412 2051 188 46 wounds
1644 2055 170 53 having
1850 2054 163 43 healed
2046 2052 62 52 by

475 2123 98 43 first
601 2124 243 50 intention,
876 2124 178 56 patient
1083 2139 92 29 was
1204 2127 217 41 returned
1448 2130 48 37 to
1527 2127 79 41 the
1634 2125 89 54 jaw
1751 2126 262 42 service.

562 2195 178 42 October
776 2195 92 53 3rd.
968 2196 150 55 X-ray
1154 2196 313 43 examination
1504 2196 184 44 showed
1724 2197 119 49 that,
1881 2197 133 42 while
2049 2204 58 31 no

475 2266 333 43 consolidation
834 2267 93 42 had
953 2272 78 50 yet
1058 2268 141 42 taken
1225 2266 155 57 place,
1380 2266 289 57 osteoblasts
1694 2281 116 30 were
1837 2264 272 59 apparently

475 2338 197 55 forming
697 2344 49 38 at
771 2339 78 43 the
875 2339 85 44 site
986 2339 45 41 of
1056 2339 79 42 the
1160 2337 379 58 pseudarthrosis.

563 2410 244 42 November
827 2411 92 51 3rd.
1001 2411 41 41 A
1061 2410 179 43 further
1260 2410 275 57 radiograph
1555 2411 185 43 showed
1760 2424 59 28 an
1840 2404 270 49 undoubted

476 2480 245 56 beginning
757 2482 46 41 of
839 2481 345 43 consolidation.
1281 2482 143 42 There
1459 2496 93 27 was
1588 2495 59 27 no
1682 2482 182 41 further
1896 2477 220 59 pseudar-

476 2551 180 45 throsis.
742 2553 95 42 The
861 2552 143 44 metal
1028 2552 140 55 splint
1192 2566 93 28 was
1309 2552 229 42 removed.
1625 2543 183 52 Patient
1835 2552 135 42 could
1993 2561 116 46 open

477 2623 92 40 and
604 2624 116 42 close
753 2624 70 48 his
855 2623 166 44 mouth
1052 2620 159 57 fairly
1220 2623 142 54 easily
1400 2623 177 53 though
1615 2623 93 42 still
1746 2623 166 42 unable
1952 2627 50 37 to
2034 2622 74 41 eat

477 2692 116 42 solid
613 2695 122 41 food.

562 2763 243 43 November
832 2766 84 51 5th.
1005 2765 73 41 An
1106 2764 215 55 ordinary
1348 2764 156 42 dental
1531 2769 250 51 apparatus
1808 2779 92 28 was
1928 2758 181 61 applied

476 2824 48 49 tta
546 2835 176 53 replace
743 2837 78 43 the
842 2837 129 42 teeth
990 2836 187 53 missing
1197 2836 118 41 from
1336 2835 78 52 the
1436 2835 84 42 site
1542 2837 46 40 of
1609 2836 78 42 the
1707 2837 169 43 former
1895 2836 213 54 pseudar-

476 2903 180 42 throsis.
735 2907 40 40 A
794 2907 265 53 shortening
1083 2908 49 40 of
1153 2907 78 41 the
1256 2906 108 42 arch
1387 2906 93 42 had
1500 2907 215 42 occurred
1733 2906 47 42 in
1802 2915 306 45 consequence

478 2973 44 41 of
551 2973 79 41 the
659 2975 107 54 play
795 2978 44 40 of
867 2978 78 42 the
972 2969 142 52 metal
1141 2977 141 55 splint
1311 2977 161 54 during
1499 2978 103 41 four
1629 2978 93 41 and
1748 2992 27 27 a
1802 2977 95 42 half
1923 2975 185 45 months

478 3045 45 41 of
564 3044 206 42 fixation.
871 3048 109 42 This
1022 3047 263 53 shortening
1325 3047 218 42 involved
1583 3063 27 26 a
1650 3048 254 55 projection
1944 3047 46 41 in
2031 3046 76 42 the

476 3113 296 46 articulation
812 3117 262 53 equivalent
1113 3123 51 39 to
1204 3119 79 43 the
1324 3117 89 43 size
1453 3118 45 41 of
1539 3132 27 28 a
1606 3132 111 41 cusp
1758 3119 92 41 and
1888 3118 220 42 incorrect

476 3185 230 46 occlusion
736 3186 45 39 of
812 3187 78 41 the
921 3190 129 40 teeth
1078 3188 256 56 implanted
1364 3202 59 27 on
1452 3188 124 43 what
1608 3188 283 44 constituted
1920 3190 79 42 the
2027 3187 81 43 left

475 3261 229 53 fragment
739 3254 90 56 (fig.
862 3257 59 54 2).
