2356 3856
305 408 303 61 TROISIÈME
650 423 214 48 ANNÉE.
1327 419 74 46 No
1432 432 44 46 3.
1511 447 68 5 —
1617 419 153 47 MARS
1804 430 142 50 1919.

1057 660 129 55 LA

436 780 1359 153 Restauration

280 1012 169 201 m
449 1012 338 201 axi
787 1012 254 201 il
1041 1012 254 201 om
1295 1012 508 201 Facia
1803 1012 171 201 e

790 1330 238 54 REVUE
1081 1325 383 75 PRATIQUE

340 1436 86 57 DE
479 1442 421 55 CHIRURGIE
958 1442 82 53 ET
1099 1425 385 69 PROTHÈSE
1538 1421 384 71 SPÉCIALES

453 1561 287 45 CONSACRÉE
767 1574 32 29 A
826 1556 213 48 L'ÉTUDE
1067 1573 93 31 DES
1187 1560 203 43 LÉSIONS
1413 1570 389 39 TRAUMATIQUES

247 1637 59 37 DE
333 1649 61 33 LA
421 1656 143 40 FACE,
591 1656 93 30 DES
708 1655 352 40 MAXILLAIRES,
1087 1655 91 30 DES
1199 1655 176 39 DENTS,
1403 1656 60 28 ET
1489 1655 31 29 A
1547 1654 129 30 LEUR
1696 1653 322 32 TRAITEMENT

682 1741 358 35 PARAISSANT
1073 1741 510 35 MENSUELLEMENT

298 1814 84 29 avec
399 1813 39 34 la
455 1813 267 35 collaboration
740 1814 62 33 des
822 1813 152 34 Centres
992 1814 42 32 de
1054 1813 264 44 Stomatologie
1335 1817 33 30 et
1384 1813 43 34 de
1444 1811 177 35 Prothèse
1639 1811 331 45 Maxillo-faciale.

965 1972 334 29 SOMMAIRE

385 2019 31 29 L.
438 2021 291 29 DUFOURMDITEL.
748 2037 41 4 —-
805 2018 96 30 Essai
919 2019 38 29 de
974 2019 251 30 reconstitution
1243 2018 100 30 totale
1365 2020 42 28 du
1428 2018 125 40 massif
1569 2016 202 33 maxillaire
1794 2018 82 40 infe-

510 2072 94 19 rieur
613 2067 66 34 far
687 2061 54 29 des
748 2060 124 41 greffes
872 2060 171 41 cutanées,
1059 2070 184 30 muqueuses
1260 2063 40 26 et
1300 2063 150 26 osseuses.
1471 2060 74 37 (An
1559 2063 136 37 attempt
1707 2062 29 27 to
1751 2071 126 18 recons-

511 2105 85 27 truct
596 2105 57 27 an
669 2102 107 29 entire
795 2096 98 45 lower
893 2096 83 45 jaw
995 2100 37 39 by
1049 2112 110 18 means
1181 2102 41 38 of
1239 2102 116 39 grafts
1372 2102 42 38 of
1421 2101 90 39 skin,
1528 2112 126 18 mucosa
1677 2101 68 29 and
1766 2100 107 38 bone.)

388 2141 135 32 FRISOX.
543 2162 39 4 —
604 2143 52 30 Un
673 2141 156 42 appareil
850 2147 86 34 pour
961 2142 170 30 reduction
1157 2142 39 29 de
1212 2143 172 37 fractures
1409 2143 175 28 anciennes
1608 2142 43 29 du
1675 2140 203 32 maxillazre

512 2185 176 34 inférieur.
709 2184 73 37 (An
797 2186 176 38 apparatus
981 2184 64 38 for
1058 2183 167 39 reducing
1237 2183 131 39 ancient
1368 2183 181 39 fractures
1562 2182 37 35 of
1599 2182 62 35 the
1675 2182 200 38 mandible.)

387 2224 106 31 Henri
511 2225 181 31 GUILLARD
709 2230 34 25 et
760 2225 62 30 Ch.
844 2225 228 37 BENNEJEANT.
1091 2244 48 3 —
1154 2223 262 30 Pseudartkrose
1437 2224 43 30 du
1496 2222 200 32 maxillaire
1711 2223 167 38 inférieur

511 2267 118 70 guérie
640 2271 67 35 par
721 2266 109 41 greffe
845 2265 307 40 ostéo-périostique.
1175 2264 211 39 (Treatment
1406 2266 41 38 of
1461 2276 19 18 a
1495 2260 265 45 pseudartliritis
1776 2263 43 40 of
1819 2263 59 40 the

514 2307 100 30 lower
620 2310 74 38 jaw
711 2307 39 38 bv
768 2306 78 30 bone
860 2307 147 40 gratis.)

388 2347 81 31 Paul
495 2349 158 29 HOUSSET
677 2353 33 25 et
737 2349 36 30 R.
797 2347 269 40 WALLIS-DAYY.
1066 2347 41 40 —
1107 2347 249 40 Dispositif
1373 2347 39 29 de
1436 2345 229 31 mobilisatiofi
1692 2345 185 40 mécanique

510 2390 96 29 d'une
622 2388 150 42 esquille.
794 2388 139 37 (Deviee
941 2389 63 38 for
1020 2387 52 30 the
1088 2387 206 31 mechanical
1310 2386 229 31 mobilisation
1556 2388 43 33 of
1606 2398 19 18 a
1640 2385 174 41 splinter.)

385 2429 28 36 J.
431 2430 185 32 ROBINSON.
631 2449 35 5 —
689 2430 65 30 Cas
770 2429 224 31 d'utilisation
1012 2430 95 29 d'une
1124 2429 94 30 bride
1233 2427 231 32 cicatricielle.
1486 2429 48 37 (A
1549 2439 70 18 case
1634 2428 42 38 of
1683 2426 192 31 utilisation

512 2473 42 34 of
561 2484 19 17 a
597 2472 88 30 band
700 2472 42 35 of
749 2482 74 19 scar
839 2471 128 38 tissue.)

388 2511 32 30 E.
446 2514 156 30 MORALE.
629 2532 38 5 —
689 2511 172 42 Appareil
880 2512 40 30 de
934 2513 98 38 force
1055 2510 293 31 intermaxillaire
1365 2515 87 35 pour
1473 2510 182 30 déviations
1678 2509 199 39 antéro-pos-

514 2555 157 30 térieures
686 2555 55 29 des
758 2553 214 31 maxillaires
988 2553 211 39 inférieurs.
1199 2553 213 39 (Apparatus
1434 2553 42 37 of
1492 2549 164 39 intermaxi
1656 2549 115 39 llary
1779 2551 99 38 force

505 2597 64 38 for
584 2597 298 39 antero-posterior
898 2593 182 40 déviations
1080 2593 117 40 ofthe
1213 2592 199 39 mandible.)

388 2632 105 46 Index
493 2632 319 46 bibliographique.
834 2635 323 43 (Bibliographical
1173 2635 127 37 index.)

585 2779 176 29 ADRESSER
786 2788 39 19 LA
850 2787 306 21 CORRESPONDANCE
1182 2785 162 21 RELATIVE
1368 2784 21 19 A
1413 2784 41 19 LA
1479 2773 196 31 RÉDACTION

340 2840 60 27 au
444 2835 206 37 Docteur
685 2836 266 41 HERPIN,
991 2836 69 45 79,
1097 2833 257 36 boulevard
1395 2833 308 42 Haussmann,
1743 2832 174 36 PARIS

418 2917 177 32 ADRESSER
618 2928 40 20 LA
681 2928 307 21 CORRESPONDANCE
1012 2926 162 22 RELATIVE
1198 2925 21 20 A
1243 2916 329 29 L'ADMINISTRATION
1597 2925 41 20 DE
1663 2924 40 21 LA
1728 2916 114 31 REVUE

273 2966 22 32 à
320 2972 383 41 ladministrateur-
703 2972 203 41 aérant:
941 2977 52 34 H.
1029 2974 291 42 VILLAIN,
1354 2974 63 42 10,
1444 2984 82 25 rue
1560 2975 54 35 de
1647 2974 142 47 l'Isly,
1821 2974 175 36 PARIS

808 3061 194 29 S'ADRESSER
1026 3069 88 20 POUR
1138 3067 54 20 LES
1216 3067 245 21 ABONNEMENTS

274 3108 19 38 à
311 3114 431 46 l'Administrateur-Gérant
761 3135 41 25 ou
821 3125 19 36 à
859 3124 32 36 la
910 3124 156 36 Librairie
1087 3122 86 37 Félix
1191 3120 146 44 ALCAN,
1354 3121 80 43 108,
1451 3121 177 38 boulevard
1648 3124 215 41 St-Germain,
1877 3122 119 37 PARIS

928 3281 404 33 ABONNEMENTS:

558 3355 141 36 France
699 3355 61 36 :
788 3354 47 35 15
863 3354 167 35 francs.
1064 3358 68 36 <=$=•
1158 3353 150 35 Union
1336 3354 154 43 postale
1490 3354 59 43 :
1577 3354 46 34 18
1651 3353 56 34 fr.

830 3491 71 44 Le
935 3493 220 40 numéro
1181 3503 10 29 :
1228 3490 24 42 1
1288 3489 63 43 fr.
1381 3490 68 43 50
