2494 3904
695 439 216 35 APPAREIL
942 446 118 30 POUR
1089 437 258 40 RÉDUCTION
1377 448 60 28 DE
1467 449 255 28 FRACTURES
1937 440 75 47 163

479 518 24 40 9
527 511 165 53 lévrier.
723 525 64 43 La
814 531 235 43 réduction
1076 538 67 37 est
1171 534 195 40 obtenue
1393 547 110 28 avec
1530 547 59 27 un
1616 534 187 41 articulé
1829 535 180 53 parfait.

395 562 259 69 Scellement
693 608 58 28 au
788 598 167 45 ciment
994 603 54 41 de
1085 603 43 41 la
1163 603 222 54 gouttière
1424 603 53 41 de
1515 604 263 41 contention
1819 606 89 52 (fig.
1948 606 60 53 3).

475 693 105 51 Ons.
615 707 58 44 II.
703 739 59 6 —
789 716 157 45 Soldat
976 721 96 50 P.,
1103 722 141 42 blessé
1271 721 38 42 le
1340 733 52 42 29
1420 721 91 42 mai
1540 722 110 54 1918
1678 736 82 40 par
1787 722 137 41 éclats
1953 722 54 41 de

389 764 201 51 grenade.
625 778 141 49 Entré
797 802 59 27 au
887 790 161 44 Centre
1080 794 53 41 de
1167 794 177 40 Rennes
1374 792 38 41 le
1445 801 23 42 5
1500 792 110 53 juin.

411 894 10 11 ,
473 833 61 74 Le
534 833 268 74 projectile,
829 862 243 52 pénétrant
1098 878 58 26 au
1180 864 164 40 niveau
1369 863 53 41 de
1447 863 43 41 la
1513 862 116 54 ligne
1654 863 205 41 médiane
1885 862 53 41 de
1962 862 44 41 la

388 890 49 56 jv
437 890 66 56 re
535 910 235 59 inférieure
803 934 44 37 et
882 932 110 42 sorti
1026 934 112 41 dans
1170 934 43 41 la
1245 933 151 54 région
1429 934 53 41 de
1514 933 160 54 l'angle
1698 934 132 48 droit,
1856 947 26 27 a
1904 947 100 40 pro-

968 2434 73 31 FIG.
1061 2435 53 30 6.
1114 2435 35 30 -
1149 2435 125 30 Soldat
1274 2435 91 30 Poo.

509 2462 173 53 uiages
699 2482 95 38 après
812 2484 175 33 réduction
1006 2492 33 26 et
1056 2499 80 29 pose
1155 2489 198 39 d'appareils
1370 2490 226 28 masticateurs
1611 2489 212 38 provisoires.

359 2611 140 54 V"(-Iué
529 2640 59 31 un
618 2649 101 39 gros
748 2644 146 45 fracas
925 2649 53 41 de
1007 2650 44 41 la
1082 2651 195 41 branche
1306 2649 277 42 horizontale
1614 2648 156 49 droite,
1804 2648 109 41 dont
1944 2647 26 40 il

355 2682 51 34 ne
430 2696 49 32 Su
484 2690 28 42 K
515 2697 105 48 siste
646 2712 141 51 qu'un
812 2718 214 55 moignon
1050 2721 249 54 postérieur
1321 2721 173 41 édenté.

356 2753 107 77 1-e
463 2753 323 77 traitement
815 2787 48 44 de
863 2787 80 44 'ce
970 2790 142 42 blessé
1139 2806 25 26 a
1190 2793 71 39 été
1286 2789 219 54 entrepris
1531 2802 81 41 par
1636 2802 113 27 nous
1776 2789 60 39 fin
1862 2788 107 41 août

354 2809 24 43 ù
403 2832 125 105 e
555 2845 170 49 arrivée
751 2869 58 29 au
836 2858 161 44 Centre
1023 2862 54 41 de
1105 2863 190 39 Rennes.

350 2893 83 99 t
433 2893 126 99 s
585 2927 142 37 avons
755 2933 207 40 constaté
988 2932 43 41 la
1057 2934 210 53 présence
1295 2930 108 42 d'un
1431 2930 67 41 cal
1526 2929 174 43 fibreux
1726 2931 90 42 très
1843 2929 126 43 résis-

350 2955 112 60 tant,
486 2978 213 65 réu
805 2978 161 65 1
988 3003 248 54 fragments
1257 3001 171 55 placés
1428 3001 73 55 en
1501 3001 220 55 position
1721 3001 247 55 fortement

350 2926 129 113 tant,
479 2926 261 113 réunissant
762 2996 62 43 les
847 3001 119 42 deux
988 3003 248 54 fragments
1257 3002 149 54 placés
1428 3015 55 27 en
1505 3001 196 55 position
1724 3003 244 42 fortement

349 3026 209 105 e'
581 3059 129 45 toute
731 3068 237 46 réduction
989 3078 68 37 est
1078 3077 254 38 nettement
1353 3071 257 56 impossible
1632 3088 114 40 pour
1765 3074 39 42 le
1825 3075 143 53 grand

347 3092 222 114 agIllent
604 3135 194 51 gauche;
834 3140 40 42 le
911 3144 133 50 droit,
1083 3145 173 46 édenté,
1294 3148 109 49 peut
1440 3144 93 42 être
1568 3145 127 54 placé
1732 3146 111 41 dans
1880 3160 87 27 une

347 3165 213 67 atIon
592 3211 281 42 permettant
907 3229 60 26 un
1000 3215 187 43 articulé
1219 3215 275 41 convenable
1528 3230 113 39 pour
1674 3231 60 26 un
1767 3214 196 59 appareil

348 3246 284 74 prothétique
664 3271 92 57 (fig.
786 3280 60 56 4).
