2333 3888
656 580 303 43 Contribution
995 582 22 41 à
1054 581 157 43 l'étude
1246 582 52 42 de
1332 582 38 41 la
1405 580 205 42 Prothèse
1645 578 348 44 maxillo-faciale

532 820 397 91 Dispositif
976 819 93 69 de
1130 819 516 69 mobilisation

1000 984 443 90 mécanique
1502 982 224 69 d'une
1785 979 310 93 esquille

1206 1205 86 28 PAR
1319 1205 85 29 MM.

674 1320 132 42 PAUL
836 1320 291 47 HOUSSET,
1426 1320 52 39 R.
1510 1315 443 50 WALLIS-DAVY,

554 1400 173 31 Dentistes
745 1403 187 36 militaires,
952 1402 167 29 Membres
1137 1402 44 29 du
1197 1399 107 42 Corps
1321 1402 198 39 enseignant
1538 1400 39 29 de
1595 1399 122 30 l'Ecole
1737 1400 150 28 dentaire
1905 1399 40 28 de
1966 1398 101 29 Paris.

714 1445 129 49 Equipe
860 1456 40 28 de
918 1456 169 38 chirurgie
1106 1460 33 24 et
1156 1453 156 41 prothèse
1312 1453 315 41 maxillo-faciales
1644 1454 39 28 de
1702 1454 29 28 la
1750 1453 33 28 8'*
1799 1451 123 30 Armée

923 1508 109 36 (Chef
1047 1508 39 28 de
1105 1496 130 50 l'Équipe
1235 1496 44 50 :
1299 1506 51 29 Mr
1367 1506 169 30 M.-A.-M.
1556 1506 145 37 ApAHIJ).

575 1912 330 38 OBSERVATION.
924 1914 43 37 —
967 1914 86 37 Le
1069 1913 135 39 blessé
1222 1914 96 45 R.,
1339 1914 75 50 âgé
1431 1916 55 45 de
1501 1915 121 50 vingt
1640 1919 41 35 et
1700 1928 57 28 un
1776 1927 89 33 ans,
1886 1918 118 35 entre
2021 1915 103 38 dan?

492 1975 38 38 le
552 1975 156 40 service
727 1976 94 39 huit
841 1976 116 49 jours
977 1980 121 48 après
1119 1991 45 26 sa
1184 1978 198 46 blessure,
1405 1979 36 39 le
1463 1990 49 40 27
1534 1979 135 49 juillet
1693 1980 116 50 1918.

575 2040 37 38 Il
647 2042 195 49 présente
876 2054 84 27 une
996 2042 184 39 fracture
1222 2043 308 39 comminutive
1573 2045 93 49 (par
1709 2043 108 40 éclat
1861 2044 164 50 d'obus)
2069 2040 54 38 du

493 2104 233 40 maxillaire
753 2104 210 41 inférieur.

575 2170 121 39 Cette
728 2170 184 40 fracture
944 2175 64 35 est
1040 2172 167 45 double,
1241 2171 237 47 bilatérale;
1512 2171 78 40 elle
1619 2173 221 50 correspond
1840 2173 61 50 :
1936 2173 25 38 à
1993 2169 133 42 droite

493 2235 24 38 à
541 2237 92 49 5T4",
656 2236 19 38 à
701 2237 162 49 gauche
883 2237 24 38 à
952 2237 71 39 1.2.
1059 2237 79 39 Les
1158 2237 137 39 tables
1325 2249 192 27 osseuses
1549 2242 96 34 sont
1681 2238 192 50 séparées
1903 2238 25 38 à
1961 2232 162 44 l'extré-

492 2299 105 40 mité
621 2301 53 38 de
697 2302 164 49 chaque
885 2301 210 50 fragment
1121 2306 42 35 et
1189 2302 52 38 de
1264 2302 272 38 nombreuses
1560 2300 155 52 petites
1740 2300 195 51 esquilles
1959 2306 74 34 ont
2060 2295 64 42 été

493 2365 208 50 projetées
725 2367 107 38 dans
856 2366 90 39 leur
970 2365 233 41 intervalle.

573 2430 94 40 Une
692 2431 113 51 large
830 2431 110 51 plaie
965 2432 58 38 du
1048 2436 189 41 menton,
1265 2432 25 38 à
1316 2430 149 46 droite,
1492 2430 299 52 communique
1817 2444 103 26 avec
1946 2431 38 39 le
2009 2432 117 49 foyer

493 2496 52 37 de
577 2496 201 46 fracture;
812 2496 41 39 la
884 2495 131 40 salive
1046 2496 178 39 s'écoule
1256 2509 51 26 en
1339 2497 157 49 grande
1528 2495 196 51 quantité
1755 2507 79 40 par
1863 2495 189 46 l'orifice;
2087 2492 37 37 la

493 2560 281 50 suppuration
804 2565 62 35 est
896 2562 256 38 abondantë.

572 2691 34 36 A
636 2690 40 39 la
701 2690 214 51 palpation
940 2691 55 38 du
1019 2690 205 51 plancher,
1252 2703 51 25 on
1328 2694 174 35 constate
1525 2690 41 39 la
1590 2689 186 52 présence
1800 2690 100 39 d'un
1924 2685 199 56 fragment

490 2752 310 41 intermédiaire.
831 2755 40 38 Il
901 2759 55 34 est
983 2754 197 40 constitué
1204 2758 78 47 par
1309 2755 36 38 le
1375 2754 95 39 bord
1501 2754 190 39 basilaire
1719 2759 34 34 et
1781 2767 80 26 une
1888 2754 132 51 partie
2047 2749 75 43 très

485 2816 169 48 Iréduite,
684 2819 234 45 lamellaire,
950 2818 65 39 des
1044 2820 136 38 tables.
1213 2819 106 38 Cette
1346 2819 147 51 longue
1522 2819 163 51 esquille
1713 2832 24 25 a
1770 2819 170 45 basculé,
1971 2819 70 39 elle
2069 2814 52 40 est

490 2881 207 47 fortement
718 2884 136 39 attirée
877 2898 47 25 en
947 2884 149 39 arrière
1118 2888 33 35 et
1174 2897 47 26 en
1247 2884 69 38 bas
1337 2888 78 47 par
1435 2886 55 36 les
1512 2884 169 39 muscles
1704 2884 244 45 abaisseurs,
1971 2884 36 38 le
2031 2875 91 46 bord

493 2944 196 49 inférieur
715 2954 55 33 est
795 2951 152 38 devenu
973 2949 224 51 supérieur,
1226 2950 40 38 la
1293 2950 104 38 table
1424 2954 153 34 externe
1603 2962 41 25 se
1670 2950 220 50 rapproche
1916 2950 47 37 de
1988 2942 134 45 l'hori-

490 3011 165 38 zontale.

572 3074 86 38 Par
685 3075 168 49 l'orifice
881 3080 47 37 de
956 3079 40 38 la
1024 3079 112 51 plaie
1164 3078 273 39 mentonnière
1464 3078 236 39 l'extrémité
1730 3077 233 52 supérieure
1996 3074 125 43 droite

492 3139 47 38 de
563 3137 209 52 l'esquille,
794 3141 176 41 dénudée
994 3156 71 26 sur
1088 3156 81 26 une
1192 3143 120 51 petite
1335 3142 170 49 surface,
1532 3147 55 35 est
1611 3142 154 40 visible.

573 3202 105 39 Cette
705 3205 200 40 extrémité
931 3212 54 34 est
1011 3208 95 51 Plus
1133 3206 177 52 éloignée
1336 3208 56 38 du
1418 3207 201 50 fragment
1645 3207 139 40 latéral
1812 3204 308 54 correspondant

490 3282 74 41 que
582 3267 232 41 l'extrémité
832 3273 150 49 gauche
1000 3286 50 26 ne
1067 3273 87 39 l'est
1172 3273 56 38 du
1246 3272 201 51 fragment
1466 3273 55 38 du
1540 3273 125 39 même
1684 3271 110 46 côté;
1818 3272 56 39 les
1894 3269 223 43 intervalles
