2488 3919
635 450 377 39 PSEUDARTHROSE
1042 461 63 29 DU
1133 462 275 33 MAXILLAIRE
1437 451 246 40 INFÉRIEUR
1895 464 75 40 173

390 3360 40 21 .LA
453 3366 254 42 RESTAURATION
731 3389 315 27 MAXILLO-FACIALE.
1772 3402 36 19 12

352 521 231 46 protondes
621 531 77 43 des
734 538 167 52 parties
938 540 166 50 molles
1131 555 109 28 avec
1271 541 44 41 la
1346 555 248 41 muqueuse
1627 532 197 60 buccale,
1859 543 110 55 qu'il

349 581 56 71 ne
424 581 96 50 faut
546 609 80 40 pas
643 602 173 46 ouvrir.
846 610 74 41 Un
946 610 113 51 aide,
1086 626 62 27 un
1174 611 124 54 doigt
1322 610 223 42 introduit
1572 611 111 43 dans
1708 612 44 42 la
1776 613 188 49 bouche,

348 645 96 65 soit
444 645 76 65 sur
520 645 78 65 la
625 671 97 45 face
751 682 197 48 externe,
972 682 87 41 soit
1088 696 76 29 sur
1189 682 44 42 la
1252 682 96 41 face
1366 680 187 51 interne,
1578 681 92 44 suit
1694 686 46 38 et
1764 682 200 43 contrôle

348 777 24 45 '1
376 727 145 80 action
547 737 53 44 de
626 741 44 44 la
696 748 173 54 rugine.
869 748 109 54 Les
1005 752 238 56 difficultés
1270 755 294 51 augmentent
1592 766 58 28 au
1676 757 203 38 moment
1906 753 59 42 où

344 777 28 45 1
393 791 128 61 agit
546 809 54 42 de
624 812 161 48 libérer
808 820 43 42 la
874 824 349 52 pseudarthrose
1248 822 247 42 elle-même
1521 822 53 42 de
1599 837 68 27 ses
1692 823 269 42 adhérences

344 859 196 58 VOISInes.
577 881 189 58 Celle-ci,
809 886 246 50 fortement
1095 894 103 42 unie
1239 894 99 41 aux
1338 894 149 41 deux
1527 897 225 50 segments
1784 906 174 36 osseux,

344 934 40 94 a
384 934 103 94 Une
521 946 141 51 forme
694 955 291 60 triangulaire
1017 965 27 41 à
1077 965 107 43 base
1219 964 237 42 inférieure
1496 978 87 28 vue
1621 955 53 58 de
1710 964 110 41 face.
1862 963 97 42 Elle

341 1002 63 38 est
424 1005 164 57 formée
610 1025 54 42 de
686 1028 115 43 tissu
822 1032 176 43 fibreux
1019 1034 122 56 épais
1164 1035 102 54 de.7
1287 1035 26 41 à
1336 1035 24 41 8
1382 1034 290 43 millimètres.
1698 1033 260 42 Libération

341 1062 49 46 de
418 1073 42 45 la
488 1084 95 48 face
615 1101 184 41 externe
829 1116 99 29 vers
958 1104 40 42 le
1028 1109 176 38 sommet
1204 1109 151 38 sans
1386 1104 137 56 qu'on
1553 1105 148 55 puisse
1732 1104 225 43 atteindre

541 2122 126 40 IG*
686 2150 49 8 -
750 2136 162 44 Troubles
937 2142 39 30 de
998 2143 176 40 l'articulé,
1201 2145 75 31 côté
1302 2147 87 29 droit
1413 2151 33 26 et
1469 2146 75 31 côté
1566 2148 141 39 gauche.

315 2253 36 103 le
381 2277 162 84 rebord
571 2296 253 52 alvéolaire.
860 2309 83 42 Les
976 2311 136 42 tissus
1144 2317 104 37 sont
1281 2313 240 42 adhérents
1554 2314 26 41 à
1611 2313 44 42 la
1686 2327 249 40 muqueuse

314 2330 166 118 ginee
480 2330 112 118 et
611 2367 32 43 il
662 2378 68 38 est
751 2379 197 52 prudent
970 2381 54 42 de
1044 2397 60 27 ne
1120 2383 87 55 pas
1220 2371 181 55 insister
1418 2397 115 42 pour
1551 2398 55 27 ne
1626 2397 81 41 pas
1727 2385 209 53 pénétrer

313 2398 106 57 ans
449 2421 43 45 la
522 2432 187 54 bouche.

395 2484 69 50 On
500 2507 145 45 arrive
685 2515 113 45 ainsi
837 2520 26 41 à
902 2520 104 43 bien
1046 2537 188 42 exposer
1272 2524 112 42 dans
1422 2528 129 37 toute
1590 2537 50 28 sa
1678 2523 253 42 continuité

309 2549 92 99 b.
401 2549 61 99 r
462 2549 186 99 rose
682 2590 46 37 et
762 2596 226 47 segments
1024 2607 161 28 osseux
1217 2595 26 40 à
1277 2607 81 28 son
1392 2597 196 38 contact.
1625 2592 211 43 Excision
1870 2607 59 27 au

309 2605 182 104 bistouri
518 2644 62 43 du
608 2652 318 50 hssufibreux
952 2663 296 43 interosseux.
1281 2664 90 42 Son
1399 2667 192 41 sommet
1620 2667 67 38 est
1716 2664 210 54 prudem-

306 2689 177 79 pec
483 2689 178 79 e.
690 2726 194 47 Toilette
911 2733 76 43 des
1015 2734 119 42 deux
1159 2735 135 41 bouts
1321 2748 172 28 osseux.
1522 2733 281 43 L'antérieur
1825 2736 98 52 pré-

304 2759 106 126 sente
410 2759 90 126 el,
524 2785 54 43 de
581 2788 31 43 h
615 2805 69 31 ors
709 2802 45 38 et
779 2814 56 27 en
860 2802 169 43 dedans
1055 2805 62 41 du
1139 2804 207 55 périoste,
1374 2803 78 55 qui
1476 2805 66 41 est
1568 2803 167 42 décollé
1759 2803 38 43 le
1821 2804 101 55 plus

304 2829 198 62 Possible
534 2854 280 62 Rugination
841 2873 55 41 de
922 2888 51 27 sa
999 2875 187 42 tranche
1214 2874 54 42 de
1294 2874 184 42 section.
1510 2874 143 43 Même
1680 2874 240 56 technique

302 2872 152 123 Pour
454 2872 91 123 le
545 2872 274 123 fragment
819 2872 367 123 postérieur.
1245 2889 23 27 e
1294 2878 184 38 sectIOn.
1558 2888 95 29 eme
1703 2889 48 28 ec
1785 2888 135 42 nIque

302 2902 440 114 ragment
777 2944 263 52 postérieur.

300 2987 131 86 3O
462 2988 121 52 Prise
615 3017 59 31 au
706 3009 150 45 ciseau
883 3019 46 37 et
960 3029 60 28 au
1046 3016 185 48 maillet,
1259 3016 129 55 après
1413 3015 189 44 incision
1627 3018 54 42 de
1713 3018 44 43 la
1787 3033 131 42 peau,

296 3032 74 119 Un
370 3032 224 119 greffon
616 3080 423 61 ostéo-périostique
1062 3100 76 29 sur
1159 3085 44 43 la
1223 3085 97 42 face
1347 3088 354 43 antéro-interne
1729 3104 58 29 au
1812 3091 107 42 tiers

294 3112 159 107 :?yen
483 3134 61 43 du
572 3142 115 46 tibia
717 3150 120 44 droit
871 3154 257 57 (technique
1159 3156 53 42 de
1242 3156 323 58 Delagenière).
1600 3160 38 41 Il
1667 3175 27 28 a
1723 3174 25 30 2
1778 3162 139 41 centi-

294 3180 56 103 l:
350 3180 94 103 tres
444 3180 96 103 ,de
576 3210 134 60 large,
750 3221 25 41 8
811 3226 287 43 centimètres
1144 3226 53 42 de
1241 3225 104 56 long
1389 3232 45 39 et
1476 3243 87 29 une
1600 3231 226 55 épaisseur
1861 3232 54 42 de

296 3249 21 34 1
341 3249 25 44 à
390 3272 25 31 2
436 3272 127 59 milli.
563 3272 165 59 mètres.
759 3293 88 42 Par
872 3297 215 51 endroits,
1114 3297 31 40 il
1167 3301 67 51 est
1261 3312 61 28 un
1355 3313 87 41 peu
1474 3305 103 52 trop
1610 3301 142 57 épais;
1787 3317 58 28 on
1876 3303 40 42 le
