2551 3913
805 464 398 34 RECONSTRUCTION
1232 471 55 27 OF
1314 470 60 27 AN
1404 469 158 28 LOWER
1591 470 96 39 JAW
1976 469 76 42 IS3

432 516 116 52 itself
582 547 90 33 was
708 546 109 57 only
851 552 206 44 retained
1092 555 64 55 by
1189 555 59 42 its
1283 554 407 56 postero-superior
1725 556 324 48 attachments,

432 593 72 47 the
531 611 312 61 stylo-glossus
871 631 92 40 and
989 632 427 55 stylo-pharangeus
1443 630 204 42 muscles.

511 678 91 50 The
630 693 224 65 difficulty
881 706 45 40 of
952 709 120 51 good
1098 707 359 43 reconstruction
1487 707 144 41 under
1656 708 110 40 such
1794 708 255 43 conditions

429 741 72 62 Y
526 755 44 46 In
599 766 75 45 the
702 775 192 48 absence
923 783 44 40 of
995 784 59 41 all
1082 784 200 43 anterior
1308 787 204 50 support,
1541 783 70 40 for
1638 782 99 41 skin
1767 783 114 54 flaps
1908 785 139 42 taken

426 818 111 55 from
563 840 75 45 the
664 853 114 40 neck
806 857 176 55 (which,
1011 866 161 49 except
1199 862 70 40 for
1294 861 76 41 the
1399 859 165 41 Italian
1589 858 120 54 graft
1734 860 202 48 method,
1964 861 80 41 has

424 907 46 31 So
497 906 67 46 far
592 917 111 49 been
733 930 77 43 the
840 935 108 55 only
976 937 152 53 region
1158 937 195 54 utilised)
1387 950 74 27 are
1490 935 176 53 subject
1697 940 47 35 to
1774 950 26 26 a
1829 941 212 37 constant

423 983 87 41 and
526 1000 275 49 progressive
820 1013 246 41 retraction
1084 1015 198 41 towards
1299 1014 77 41 the
1394 1012 128 56 point
1541 1012 45 41 of
1604 1012 117 41 their
1738 1013 300 41 attachment.

424 1048 267 84 Chiloraphy
712 1081 44 55 (i)
784 1085 66 54 (or
868 1094 156 38 suture
1044 1092 45 39 of
1108 1105 83 28 one
1212 1091 63 55 lip
1294 1095 47 37 to
1361 1090 77 41 the
1459 1089 163 54 other),
1642 1088 147 41 which
1807 1088 37 42 is
1863 1103 108 41 easy
1989 1094 48 37 to

422 1136 189 87 Perform
628 1155 129 45 when
778 1162 114 42 both
915 1166 85 55 lips
1024 1167 115 42 have
1162 1169 113 42 been
1298 1167 254 56 preserved,
1569 1180 108 40 may
1698 1164 93 43 also
1814 1165 55 42 be
1892 1166 146 42 useful

420 1207 123 51 when
569 1236 26 28 a
621 1240 97 34 new
744 1236 63 56 lip
834 1240 81 43 has
942 1243 114 42 been
1082 1245 241 54 provided;
1351 1244 83 41 but
1462 1243 111 42 such
1600 1257 25 27 a
1652 1256 203 29 measure
1882 1256 83 27 can
1993 1243 44 41 of

419 1290 217 66 ecessity
667 1308 54 43 be
756 1316 108 55 only
897 1323 276 52 temporary,
1208 1321 92 41 and
1333 1335 48 27 as
1415 1334 109 27 soon
1558 1333 49 27 as
1640 1318 77 42 the
1750 1323 178 37 sutures
1961 1333 74 28 are

418 1365 207 55 ernoved
655 1385 76 44 the
763 1389 135 47 lower
928 1395 63 55 lip
1022 1411 198 28 resumes
1251 1397 59 41 its
1341 1397 228 54 tendency
1599 1400 48 36 to
1678 1399 167 38 retract
1877 1396 91 41 and
1998 1395 36 42 is

417 1443 127 44 gaIn
568 1453 153 51 drawn
744 1471 241 56 gradually
1009 1474 132 41 down
1166 1474 196 41 towards
1388 1474 76 40 the
1487 1474 126 41 neck.

497 1521 250 73 According
776 1548 48 38 to
855 1561 83 28 our
965 1550 262 54 experience
1257 1551 77 42 the
1365 1550 108 55 only
1501 1549 273 55 practicable
1803 1563 155 29 means
1988 1549 43 42 of

415 1595 335 76 unteiacting
779 1622 91 42 this
900 1627 246 41 retraction
1176 1627 37 42 is
1244 1633 47 36 to
1323 1632 76 37 cut
1431 1642 26 27 a
1487 1626 99 42 skin
1620 1627 90 54 flap
1740 1627 115 40 from
1887 1626 144 42 above

414 1670 86 41 nd
528 1681 46 38 to
596 1692 119 46 graft
740 1695 35 42 it
800 1698 46 41 in
875 1702 111 40 such
1012 1717 26 27 a
1063 1718 102 41 way
1189 1703 103 42 that
1315 1706 76 39 the
1415 1719 97 27 new
1537 1704 63 55 lip
1627 1718 82 28 can
1736 1703 107 55 only
1862 1707 167 38 retract

412 1732 43 47 In
499 1762 56 32 an
602 1773 187 45 upward
828 1776 233 44 direction.
1160 1782 61 40 As
1259 1781 36 40 it
1333 1781 50 48 is,
1424 1781 220 48 however,
1684 1779 258 56 impossible
1981 1784 47 37 to

410 1822 174 53 remove
608 1845 110 41 such
742 1863 26 27 a
792 1849 120 57 large
938 1869 104 28 area
1066 1857 45 40 of
1135 1858 101 40 skin
1261 1858 115 40 from
1403 1858 76 41 the
1504 1858 110 49 face,
1641 1872 64 28 we
1730 1857 110 42 took
1865 1871 26 28 a
1914 1858 114 54 strip

409 1887 111 57 from
545 1911 76 45 the
646 1923 137 56 scalp,
810 1932 248 54 extending
1082 1933 117 42 from
1224 1948 77 28 ear
1324 1939 48 37 to
1397 1948 76 28 ear
1497 1935 91 41 and
1612 1935 181 55 passing
1819 1948 106 29 over
1950 1936 76 41 the

408 1967 77 58 top
515 1984 43 39 of
588 1991 76 45 the
695 1998 130 47 head.
917 2008 107 42 This
1054 2011 260 52 procedure,
1347 2011 169 42 radical
1546 2025 49 28 as
1625 2011 35 41 it
1690 2026 105 35 was,
1827 2012 91 41 and
1948 2012 77 42 the

407 2053 97 67 rno
504 2053 291 67 taudacious
824 2096 65 29 we
921 2084 116 43 have
1068 2100 105 28 ever
1203 2088 272 54 attempted,
1507 2101 114 40 gave
1652 2096 51 33 us
1735 2103 26 26 a
1791 2088 99 41 skin
1921 2103 103 28 area

406 2120 43 40 of
468 2138 53 106 30
541 2150 82 34 cm.
646 2147 105 59 long
771 2155 63 57 by
860 2159 25 40 6
912 2165 48 36 to
986 2173 25 41 7
1039 2176 84 28 cm.
1146 2163 128 49 wide,
1297 2164 91 41 and
1416 2164 76 41 the
1518 2165 139 40 result
1691 2178 91 26 was
1814 2178 48 27 so
1892 2164 129 41 satis-

403 2190 173 78 factory
599 2221 101 46 that
723 2244 65 30 we
813 2234 173 46 believe
1009 2237 36 42 it
1070 2243 47 37 to
1143 2239 54 42 be
1221 2241 77 40 the
1322 2240 115 48 best,
1463 2239 33 40 if
1520 2244 79 36 not
1624 2240 77 40 the
1726 2239 108 54 only
1856 2239 165 54 practi-

401 2275 121 49 cable
549 2300 188 46 method
766 2309 45 40 of
841 2312 178 56 dealing
1047 2315 111 41 with
1187 2316 110 41 such
1326 2330 26 27 a
1381 2329 113 28 case.
1587 2317 77 40 We
1693 2316 327 55 subsequently

398 2356 174 51 grfted
598 2370 45 45 in
670 2393 26 27 a
723 2386 182 50 portion
934 2390 44 41 of
1006 2392 77 41 the
1111 2391 127 50 tibia,
1272 2405 50 28 12
1350 2406 84 27 cm.
1465 2392 104 53 long
1596 2391 91 41 and
1714 2391 108 42 bent
1851 2396 46 36 at
1927 2396 90 37 two

399 2429 147 71 mts
572 2450 46 39 to
646 2455 100 52 give
771 2463 76 43 the
880 2480 238 43 necessary
1143 2469 151 54 shape.
1389 2469 94 40 The
1505 2460 107 49 final
1637 2468 129 42 effect
1798 2467 37 41 is
1862 2468 154 42 shown

397 2493 43 48 In
464 2509 93 58 figs.
583 2524 24 40 8
628 2534 92 40 and
742 2549 25 40 9
800 2539 130 53 (both
957 2544 117 42 from
1104 2545 311 54 photographs
1444 2545 139 41 taken
1612 2558 57 27 on
1698 2544 209 54 January
1935 2545 79 52 7th

398 2583 139 85 1919),
565 2606 89 40 and
675 2611 169 47 affords
866 2633 58 27 an
946 2621 220 42 excellent
1189 2622 206 53 example
1419 2619 44 42 of
1492 2621 76 40 the
1596 2633 77 28 use
1702 2619 45 41 of
1775 2634 26 26 a
1829 2621 183 41 double-

394 2660 196 56 pedIcled
623 2681 90 58 flap
746 2704 49 28 as
828 2695 234 45 described
1093 2698 45 41 in
1171 2697 307 42 Restauration
1510 2695 357 52 maxillo-faciale
1889 2697 60 53 (2).

476 2739 104 52 This
608 2768 245 44 procedure
883 2772 125 53 gives
1036 2776 137 41 much
1204 2777 150 40 better
1388 2773 161 42 results
1583 2772 112 41 than
1730 2773 77 41 the
1845 2772 164 42 Italian

389 2815 183 117 od
601 2834 45 40 of
673 2843 144 48 grafts
846 2850 139 42 taken
1014 2851 116 42 from
1160 2852 76 41 the
1265 2864 110 35 arm,
1406 2849 146 41 which
1580 2862 137 29 never
1744 2849 210 55 provides
1983 2865 26 27 a

488 2907 167 56 ciently
685 2924 233 43 extensive
951 2941 104 28 area
1086 2928 45 41 of
1163 2928 152 47 tissue,
1349 2926 174 41 besides
1555 2926 132 53 being
1718 2927 136 42 much
1883 2942 124 28 more

389 2958 298 72 troubleSome
728 2994 114 45 both
888 3002 71 40 for
1005 3004 177 54 patient
1219 3004 91 40 and
1345 3015 203 40 surgeon.
1646 3004 245 50 Moreover,
1929 3006 77 41 the

445 3088 39 39 (1)
504 3093 68 37 Th
595 3107 208 48 chiloraP]Iic
829 3124 139 29 inctliod
994 3136 69 21 was
1081 3125 176 31 described
1280 3125 45 29 bv
1347 3134 37 19 us
1408 3124 53 30 for
1484 3125 57 29 the
1565 3125 71 31 first
1659 3129 79 29 tiine
1758 3129 32 29 in
1809 3139 76 30 1917
1902 3130 100 39 (witll

384 3123 161 103 diagrall,
545 3123 64 103 and
609 3123 97 103 Photo
706 3123 32 103 9
738 3123 148 103 raplis,
915 3172 33 28 in
977 3171 195 44 Chirttrgie
1172 3171 197 44 d'urgence
1395 3171 55 30 des
1474 3170 160 33 blessures
1654 3175 39 29 de
1714 3174 32 31 la
1758 3176 90 39 face,
1872 3177 43 29 du
1935 3187 67 29 cou,

383 3178 73 94 pp.
456 3178 54 94 56
510 3178 74 94 to
589 3198 48 68 58.
697 3206 160 55 M.aloine,
884 3219 199 42 publisher).
1135 3220 103 30 Since
1262 3220 81 29 then
1367 3220 34 29 it
1415 3219 64 31 has
1479 3219 97 31 been
1598 3222 100 30 taken
1721 3233 43 30 up
1788 3224 64 29 and
1878 3234 125 20 recom-

384 3226 131 94 mended
515 3226 56 94 by
571 3226 189 94 Moristin
777 3259 109 40 (Bull,
906 3265 39 30 de
961 3265 130 33 l'cad.
1111 3265 39 33 de
1165 3267 98 51 mcd.,
1279 3277 35 19 22
1335 3266 152 31 October
1505 3268 102 40 1918).

440 3273 44 42 (2)
551 3297 241 38 'F<>URMENrEi..
819 3308 234 36 Rcstauralion
1078 3312 296 41 maxillo-faciale,
1402 3314 164 42 Fcbruarv
1566 3314 110 42 1918.
