2551 3910
625 440 385 44 RECONSTITUTION
1042 456 62 28 DU
1134 457 157 27 MASSIF
1321 456 275 28 MAXILLAIRE
1628 446 246 41 INFÉRIEUR
1981 457 74 40 151

440 515 194 58 actuelle,
674 536 228 44 considéré
945 555 174 29 comme
1164 540 194 44 définitif
1394 541 190 55 puisque
1636 542 43 41 la
1728 544 136 52 greffe
1915 545 144 40 ostéo-

439 580 263 71 Penostique
727 605 76 43 n'a
828 623 82 40 pas
935 625 157 29 encore
1119 613 147 41 donné
1291 611 43 41 la
1360 610 323 43 consolidation
1722 612 137 54 qu'on
1897 617 66 37 est
2001 628 54 27 en

439 646 116 72 droit
555 646 117 72 d'en
698 678 219 45 attendre.
949 682 125 50 Mais,
1105 683 25 40 à
1159 683 42 40 la
1233 683 103 41 date
1368 682 60 40 du
1460 694 50 29 12
1535 680 186 54 janvier,
1751 686 102 37 tout
1882 687 172 49 permet

438 717 213 64 d'espérer
692 756 60 30 un
789 750 188 43 résultat
1016 753 272 42 fonctionnel
1325 751 118 42 aussi
1474 753 89 40 bon
1597 766 85 40 que
1714 751 339 44 l'amélioration

438 799 277 64 CoSmétique.

517 950 88 48 Dès
645 968 299 57 maintenant,
983 976 237 50 d'ailleurs,
1257 976 40 43 le
1341 976 141 43 blessé
1526 975 249 44 s'alimente
1819 975 231 53 aisément,

435 1026 187 59 quoique
646 1054 55 31 ne
726 1053 185 48 portant
937 1067 157 28 encore
1119 1068 148 27 aucun
1292 1053 199 55 appareil
1516 1053 53 42 de
1595 1052 207 55 prothèse
1833 1053 216 43 dentaire.

432 1090 62 80 La
519 1108 135 49 salive
678 1133 56 29 ne
760 1124 189 47 s'écoule
974 1129 115 55 plus.
1113 1130 65 42 La
1204 1129 149 55 parole
1380 1129 191 43 s'exerce
1597 1128 134 44 d'une
1762 1128 129 53 façon
1918 1128 133 43 sensi-

432 1166 189 116 blement
663 1202 213 43 normale.
922 1206 160 42 Aucun
1123 1210 267 52 pansement
1432 1206 115 42 n'est
1594 1204 243 43 nécessaire
1878 1205 169 54 malgré

431 1242 40 120 la
499 1255 101 50 date
630 1273 128 45 toute
786 1280 176 44 récente
992 1283 54 42 de
1074 1282 43 43 la
1146 1282 198 43 dernière
1372 1282 247 55 opération.
1652 1283 69 40 On
1750 1286 66 38 est
1846 1296 53 27 en
1929 1282 116 42 droit

431 1321 289 77 escompter
767 1369 60 28 un
876 1358 266 43 effacement
1191 1374 188 41 presque
1428 1358 195 55 complet
1679 1360 77 40 des
1802 1357 241 44 cicatrices.

431 1395 140 80 Enfin,
602 1419 39 43 le
668 1425 141 47 blessé
838 1447 177 40 pourra,
1047 1436 67 41 s'il
1142 1436 39 42 le
1210 1441 122 44 veut,
1363 1436 151 43 laisser
1540 1449 184 41 pousser
1757 1435 61 41 les
1846 1435 201 43 cheveux

429 1474 51 43 de
510 1498 77 35 son
619 1496 222 54 lambeau.
877 1510 182 43 Comme
1090 1512 29 40 il
1151 1512 62 42 les
1244 1527 26 28 a
1302 1512 138 51 frisés,
1473 1512 52 42 ils
1556 1511 340 42 ressembleront
1929 1512 118 41 suffi-

429 1561 216 93 samment
679 1577 25 42 à
738 1582 78 43 des
848 1586 113 54 poils
994 1589 55 42 de
1082 1589 137 42 barbe
1253 1603 114 42 pour
1398 1604 100 40 que,
1534 1589 25 41 à
1592 1588 131 42 l'aide
1757 1587 133 43 d'une
1923 1587 122 42 taille

429 1622 267 72 ement
741 1661 249 56 pratiquée,
1033 1664 56 42 ils
1135 1666 326 43 reconstituent
1505 1665 224 56 peut-être
1773 1679 89 28 une
1904 1665 139 42 barbe

429 1713 121 42 quasi
584 1734 211 43 normale.

510 1789 219 67 Jusqu'ici
758 1811 30 41 il
819 1814 105 44 s'est
955 1818 414 56 scrupuleusement
1401 1821 109 41 rasé.
1544 1820 73 41 Un
1648 1818 94 43 seul
1770 1818 128 57 point
1929 1822 116 39 reste

427 1850 142 61 hélas!
605 1890 184 39 couvert
820 1891 54 42 de
904 1893 127 54 poils,
1062 1894 110 55 qu'il
1202 1895 95 43 doit
1328 1910 166 41 couper
1520 1896 222 56 lorsqu'ils
1775 1896 272 43 deviennent

427 1940 265 60 obérants
718 1974 8 29 :
760 1964 108 44 c'est
909 1968 44 43 la
989 1970 96 43 face
1127 1973 301 43 endobuccale
1468 1973 54 42 de
1558 1987 79 28 son
1666 1973 213 55 plancher
1914 1973 54 42 de
2002 1973 43 41 la

426 2004 109 123 bouc
539 2020 28 43 h
570 2039 35 29 e.
640 2032 112 48 Mais
782 2056 115 31 nous
928 2060 142 30 avons
1102 2049 187 42 observé
1320 2049 26 42 à
1377 2049 193 42 maintes
1608 2048 186 57 reprises
1824 2049 43 42 la
1898 2049 146 56 dispa-

426 2081 128 57 r'tioil
583 2116 275 48 Progressive
889 2123 55 41 de
976 2137 71 28 ces
1076 2124 114 55 poils
1226 2124 273 56 ectopiques,
1534 2126 218 55 auxquels
1789 2140 55 28 ne
1879 2125 164 43 semble

426 2169 75 39 pas
533 2172 226 62 favorable
791 2194 39 44 le
863 2203 182 38 contact
1077 2205 266 51 permanent
1377 2202 54 41 de
1464 2201 41 41 la
1537 2201 150 42 salive.
