6314 8632
693 498 65 39 les
780 499 274 49 magistrats.
1077 501 108 37 Miss
1208 501 263 38 Pankhurst-
1490 512 25 26 a
1536 500 67 38 été
1625 511 91 28 em-

696 551 255 48 prisonnée,
984 552 95 37 elle.
1115 564 49 25 sa,
1196 551 121 38 mère
1350 552 39 37 et
1422 552 93 37 Mes
1549 552 161 37 Drnm-

693 603 149 37 mond.
869 603 92 37 Elle
990 615 25 25 a
1043 603 124 47 porte
1196 604 39 36 le
1264 605 199 36 costume
1489 604 77 37 des
1594 603 120 38 déte-

694 664 126 30 nues,
855 654 114 38 mais
1007 666 56 26 on
1101 655 28 37 11
1129 655 39 37 'a
1208 666 82 37 pas
1327 655 138 47 coupe
1504 666 70 26 ses
1611 655 101 48 jolis

695 706 212 46 ctieveux,
950 706 39 37 et
1032 707 83 36 elle
1158 706 73 38 n'a
1276 717 77 36 pas
1399 706 202 48 pratique
1645 706 65 38 cet

693 756 198 39 horrible
912 764 173 41 moyen
1121 758 51 37 de
1207 758 293 48 protestation
1539 759 82 48 qui
1648 758 67 37 est

692 808 196 49 la't;ï"\vl'
913 810 50 37 de
990 810 40 37 la
1051 810 119 37 faim.
1193 810 64 37 On
1281 810 71 37 n'a
1378 821 76 36 pas
1478 810 68 38 été
1567 810 145 48 obligé

693 861 53 37 de
782 861 157 48 pincer
974 873 77 24 son
1090 861 111 47 petit
1238 872 79 26 nez
1353 873 114 36 pour
1501 862 61 37 lui
1601 862 113 38 faire

695 914 151 37 avaler
869 913 44 37 la
935 913 183 37 bouillie
1145 913 373 43 administrative,
1544 924 168 27 comme

692 975 57 26 on
796 965 43 37 lit
880 975 113 37 pour
1037 965 102 48 lady
1181 965 245 37 Constance
1467 965 158 47 Lytto)i
1670 964 40 38 et

693 1016 92 38 Mrs
811 1016 239 38 Churchill.
1076 1017 111 37 Miss
1212 1017 259 37 Pai)khm'st
1494 1017 65 37 est
1582 1017 125 48 peut-

692 1067 93 39 ptre
811 1079 86 26 une
923 1068 184 38 héroïne
1133 1080 8 25 :
1167 1069 85 36 elle
1278 1079 54 26 ne
1359 1079 107 37 pose
1492 1079 81 37 pas
1600 1080 113 37 pour

693 1118 42 41 la
764 1120 208 48 martyre.
1003 1120 50 36 Et
1081 1120 82 37 elle
1193 1130 139 27 avoue
1360 1120 143 37 même
1534 1131 83 37 que
1647 1121 64 37 les

692 1172 90 48 8.!.:'C
782 1172 69 48 Ills
879 1172 101 38 sont
1007 1172 50 37 de
1087 1172 159 37 braves
1273 1182 125 38 gens,
1425 1172 102 37 sauf
1553 1182 160 39 excep-

694 1223 130 48 tions,
865 1223 130 49 (m'i!s
1051 1223 213 38 cueillent
1321 1225 60 36 les
1424 1224 287 47 suffragettes

690 1285 171 28 connue
894 1276 75 37 des
1007 1275 147 38 fleurs,
1188 1277 40 35 et
1262 1286 84 37 que
1380 1275 196 38 certains
1611 1276 100 37 sont

691 1327 95 38 tout
808 1327 154 49 acquis
989 1327 19 38 à
1037 1328 42 36 la
1103 1338 146 29 cause,
1274 1327 131 50 qu'ils
1429 1327 202 41 cactjent.
1655 1338 57 27 au

693 1388 149 29 revers
872 1380 52 37 do
958 1380 94 36 leur
1072 1379 209 48 tunique,
1312 1379 42 37 la
1383 1379 163 37 broche
1578 1379 133 37 trico-

691 1431 105 44 lore,
827 1432 43 37 la
901 1431 179 38 violette
1112 1442 209 37 pourpre,
1354 1431 121 37 verte
1509 1431 41 38 et
1581 1431 129 38 hUln-

691 1484 80 38 che
802 1484 52 37 de
885 1494 72 27 ces
990 1484 165 37 dames.

740 1541 52 38 Je
832 1540 221 39 m'étonne
1092 1552 60 26 lITl
1197 1552 81 36 peu
1318 1541 75 37 des
1432 1551 186 38 moyens
1658 1542 51 36 de

697 1594 285 48 propagande
1010 1593 240 48 employas,
1279 1593 113 37 mais
1421 1593 109 37 miss
1561 1593 150 38 Chris-

693 1645 115 38 tabel
843 1644 282 49 m'explique,
1178 1644 85 38 très
1311 1645 257 47 justement,
1604 1645 105 47 qu'il

688 1696 108 42 faut,
836 1708 109 37 pour
978 1697 99 37 bien
1113 1697 144 48 juger,
1291 1697 118 37 tenir
1443 1698 172 46 compte
1651 1697 58 37 du

687 1749 328 48 tempérament
1044 1750 41 37 et
1112 1750 56 37 du
1200 1749 226 37 caractère
1455 1749 52 37 de
1537 1749 171 47 chaque

687 1802 176 48 peuple.
900 1801 80 38 Les
1017 1801 187 48 Anglais
1243 1801 188 37 adorent
1469 1801 60 37 les
1568 1800 140 38 cortè-

687 1864 77 38 ges
801 1864 87 27 aux
923 1854 205 37 cou.leurs
1165 1853 259 45 éclatantes,
1461 1853 63 37 les
1561 1854 76 36 fan
1647 1853 72 37 t'a-

687 1915 86 38 res,
798 1905 62 38 les
888 1906 245 47 spectacles
1160 1905 327 48 excentriq)u''s,
1513 1905 75 47 qui
1615 1905 98 39 font

687 1968 62 29 lin
778 1957 224 38 contraste
1033 1957 239 40 saisissant:
1302 1968 104 26 avec
1439 1958 38 35 la,
1506 1957 203 37 tristesse

688 2010 51 38 de
777 2010 97 37 leur
912 2009 77 37 ciel
1032 2010 41 36 et
1111 2010 52 36 de
1201 2010 121 36 .leurs
1343 2009 140 45 :cités,
1522 2019 106 27 n\'('('
1666 2009 43 36 la,

689 2061 169 49 gravite
886 2063 40 36 et
953 2061 346 48 J'inq'assi))i!ite
1330 2072 83 37 que
1441 2061 170 36 chacun
1644 2061 62 36 af-

688 2113 125 47 fecte,
848 2126 51 24 en
938 2113 274 49 particutier.
1247 2114 55 36 lA)
1337 2112 178 47 général
1555 2113 153 45 Hooth,

687 2167 75 48 qui
805 2166 156 43 fonda
983 2165 186 37 t'Armée
1212 2166 54 36 du
1314 2166 140 44 Salut,
1496 2164 102 37 était
1650 2176 56 25 un

687 2219 169 48 a.potre,
888 2219 40 36 et
960 2218 24 37 il
1021 2217 107 38 était
1159 2217 120 37 aussi
1314 2229 56 25 un
1404 2217 153 37 malin.
1591 2217 116 37 Sans

682 2270 68 43 les
773 2271 261 37 cavalcades
1058 2270 41 37 et
1122 2270 62 37 les
1208 2269 305 47 tintamarres,
1539 2270 35 35 le
1599 2280 109 37 peu-

684 2323 74 50 ple
784 2321 247 48 ignorerait
1058 2332 160 26 encore
1246 2322 63 36 les
1338 2321 301 47 suiTragettes,
1667 2321 40 37 et

686 2375 270 46 moi-même,
992 2374 19 37 à
1050 2374 140 39 Paris,
1225 2373 41 49 je
1305 2373 94 38 n'en
1438 2373 151 37 aurais
1625 2384 91 38 pas

685 2428 196 37 entendu
906 2427 188 48 parler...
1116 2427 33 36 Il
1171 2436 46 27 se
1243 2426 100 48 peut
1366 2425 99 37 bien
1491 2436 84 36 que
1597 2424 109 38 miss

684 2478 249 39 Christabel
963 2478 62 38 ait
1050 2478 165 46 raison,
1243 2478 151 47 quand
1421 2477 83 37 elle
1532 2476 174 38 affirme

684 2529 313 41 l'admiration,
1024 2530 174 38 sincère
1234 2531 52 36 de
1322 2530 42 36 la
1397 2529 118 37 foule
1550 2529 156 37 londo-

687 2583 166 38 nienne
907 2593 111 37 pour
1070 2583 64 37 les
1176 2582 191 49 quelque
1406 2581 102 37 cent
1546 2580 157 47 ladies,

686 2635 253 39 étudiantes
966 2646 53 27 ou
1048 2635 297 50 professeurs,
1371 2634 75 48 qui
1472 2633 236 39 dénièrent

686 2688 261 39 crânement
969 2689 112 37 dans
1100 2688 68 38 lies
1192 2697 117 36 rues,
1332 2685 196 39 derrière
1551 2685 154 38 l'éten-

686 2741 109 38 dard
820 2740 147 47 violet,
992 2740 97 37 vert
1114 2740 41 37 et
1180 2739 146 47 blanc,
1354 2749 107 27 avec
1487 2738 122 38 leurs
1636 2748 70 27 ro-

689 2792 71 38 bes
793 2791 298 41 d'Huiversite
1124 2792 42 37 et,
1197 2792 39 38 le
1267 2791 170 39 bonnet
1468 2789 124 39 carré
1627 2798 78 29 sur

684 2844 99 39 leur
809 2845 99 38 tète.

1048 2921 68 37 Un
1147 2922 195 43 meeting

737 2989 85 40 J'ai
853 3002 106 28 revu
990 2990 111 39 miss
1133 2990 248 39 Christabel
1424 2989 106 38 trois
1574 2989 125 41 jours

686 3044 102 49 plus
825 3044 105 41 tard,
966 3044 111 37 dans
1139 3045 60 35 cet
1212 3045 35 36 te
1296 3043 122 46 salle.
1453 3042 23 37 à.
1512 3042 188 41 Queen's

687 3096 38 39 11
730 3109 22 26 a
759 3097 41 47 11,
824 3097 54 37 où
901 3097 83 37 l'on
1013 3097 145 36 donne
1183 3096 52 37 de
1259 3095 36 38 si
1320 3096 145 37 beaux
1488 3095 213 37 concerts.

687 3149 152 39 C'était
860 3150 102 47 jour
983 3150 51 37 de
1061 3149 205 47 rueeting,
1288 3149 40 37 et
1351 3148 265 45 t'orcliestre,
1639 3147 62 37 les

686 3201 185 40 balcons
897 3202 161 38 étaient
1085 3202 189 47 occupés
1300 3212 81 37 par
1403 3201 87 37 bon
1516 3200 186 37 nombre

686 3255 52 39 de
779 3256 207 38 femmes.
1026 3256 85 36 Sur
1176 3256 43 36 la
1277 3254 145 46 scène,
1462 3254 162 37 devant
1663 3253 38 38 le

686 3309 143 48 grand
852 3319 145 37 orgue,
1019 3319 55 26 on
1097 3307 118 38 avait
1236 3306 179 49 disposé
1437 3318 59 26 un
1519 3306 181 38 énorme

685 3362 218 48 paravent
962 3361 93 37 vert
1114 3361 190 47 som))re,_
1338 3360 128 38 barre
1501 3371 80 37 par
1616 3371 84 26 une

686 3414 163 38 affiche
884 3414 308 48 gigantesque,
1226 3414 52 42 et,
1312 3413 150 37 contre
1496 3413 38 37 le
1569 3423 131 38 para-

683 3468 117 47 vent,
833 3467 30 38 il
907 3480 26 36 y
992 3467 118 37 avait
1167 3467 132 38 treize
1331 3466 154 38 dames
1519 3465 180 47 assises,

685 3519 130 41 treize
842 3520 154 38 dames
1023 3531 54 26 en
1102 3520 104 37 robe
1234 3520 203 46 l)lanclie,
1464 3519 157 48 parées
1649 3519 51 37 de

690 3572 217 49 l'écharpe
943 3584 87 26 aux
1067 3572 102 38 trois
1205 3573 204 37 couleurs
1472 3573 40 37 et
1546 3572 155 37 tenant

687 3625 199 42 chacune
913 3637 56 27 un
1001 3625 198 48 drapeau
1225 3625 41 38 et
1291 3636 86 27 une
1405 3625 212 48 pancarte
1645 3624 55 38 où

689 3677 100 40 était
826 3679 157 37 inscrit
1045 3679 40 37 le
1124 3689 106 27 nom
1269 3679 103 37 d'un
1413 3678 196 49 quartier
1648 3678 50 37 de

678 3730 215 40 ijondres.
922 3732 135 37 L'une
1086 3731 295 49 représentait
1410 3731 290 48 Hamp'stead,

682 3783 156 40 -l'autre
877 3785 240 41 Battersea,
1155 3785 155 37 l'antre
1350 3784 232 48 Clapham,
1621 3784 78 38 etc.

683 3837 365 50 Quelques-unes
1077 3837 164 38 étaient
1269 3837 152 39 mûres
1450 3838 41 38 et
1517 3848 86 38 peu
1632 3837 67 38 sé-

683 3890 245 47 duisantes,
960 3890 115 38 mais
1109 3890 214 50 quelques
1356 3890 147 38 autres
1536 3890 165 38 étaient

682 3943 161 49 jeunes
877 3944 41 37 et
949 3943 144 47 .jolies,
1128 3954 99 37 une,
1261 3944 122 37 entre
1418 3944 159 40 autres,
1610 3943 88 38 très

682 3996 128 39 belle,
843 3997 50 37 de
926 3997 108 37 cette
1067 4008 134 26 suave
1236 3997 41 37 et
1308 3996 200 50 féerique
1540 3996 159 39 béante

683 4049 217 49 anglaise.
926 4049 79 38 Ces
1032 4049 128 37 treize
1186 4050 155 37 dames
1366 4050 216 37 blanches
1608 4050 91 37 for-

683 4102 171 39 maient
921 4113 86 26 une
1071 4102 222 47 corbeille,
1334 4113 87 27 une
1462 4102 236 49 guirlande

683 4155 296 49 symboliqllc,
1006 4166 53 27 en
1088 4155 163 38 arrière
1278 4155 58 38 du
1360 4156 171 37 bureau
1561 4155 138 49 prési-

682 4208 100 37 dent
795 4208 65 38 ici.
893 4208 55 37 où
981 4220 46 26 se
1059 4209 200 36 tenaient
1291 4219 86 27 une
1411 4210 121 36 autre
1568 4209 131 38 dame

683 4261 202 38 blaticbe,
913 4271 86 27 une
1027 4261 130 37 dame
1185 4261 175 37 violette
1388 4263 40 35 et
1455 4272 86 27 une
1569 4262 130 37 dame

682 4313 118 38 verte
843 4313 74 49 qui
958 4313 106 38 était
1102 4312 111 39 miss
1258 4313 250 39 Christabel
1549 4315 150 37 Pank-

682 4365 127 39 hurst
842 4366 269 38 elle-même.

738 4418 25 39 E
763 4418 38 39 1
858 4430 55 26 en
972 4420 133 37 avant
1164 4419 57 39 du
1279 4420 183 47 bureau,
1493 4420 208 38 l'orateur

681 4472 192 48 t'agitai!
944 4472 41 37 le
1008 4472 67 37 dis
1097 4472 103 38 bien
1219 4471 106 38 Vont
1332 4475 107 44 leur,
1461 4484 74 26 car
1556 4474 145 38 c'était

683 4535 61 26 Tin
764 4525 194 37 homme.
979 4525 42 37 If
1035 4524 162 49 parlait
1219 4536 104 27 avec
1346 4536 87 27 une
1454 4526 100 38 telle
1575 4527 124 37 volu-

683 4577 124 38 bilité
837 4588 82 38 que
946 4578 44 47 je
1019 4589 55 26 ne
1103 4578 197 48 compris
1329 4589 81 37 pas
1438 4590 61 25 un
1528 4580 92 37 mot
1648 4580 51 38 de

681 4641 81 27 son
795 4629 217 42 discours,
1044 4641 48 27 ce
1125 4631 75 48 qui
1232 4642 69 26 me
1333 4631 140 39 laissa
1504 4633 40 37 le
1577 4632 127 39 loisir

680 4682 279 38 d'examiner
983 4682 296 38 l'assistance.

735 4735 57 37 Le
831 4735 159 48 plaisir
1026 4735 253 38 d'observer
1320 4746 68 27 me
1426 4736 184 38 consola
1648 4736 52 38 de

682 4786 170 39 l'ennui
875 4788 50 37 de
948 4789 91 36 mal
1061 4789 307 48 comprendre.
1393 4789 305 50 Quelquefois,

683 4851 61 27 un
779 4841 272 48 gentleman,
1085 4841 51 37 de
1171 4853 50 26 sa
1253 4842 141 47 place,
1428 4841 272 49 interpellait

675 4893 229 41 J'orateur,
941 4894 41 37 et
1018 4894 91 37 Mrs
1146 4894 189 38 Pethick
1368 4894 256 40 Lawrence,
1661 4896 44 38 la

683 4945 267 49 présidente,
979 4946 38 38 le
1047 4946 134 48 priait
1208 4946 243 38 d'attendre
1480 4957 81 27 son
1593 4948 106 37 tour.

681 4999 92 37 Elle
808 4999 130 47 parla
972 4999 137 47 aussi,
1144 5000 43 36 et
1221 4999 87 38 fort
1342 4999 117 47 bien,
1495 5001 92 37 Mrs
1624 5000 80 38 Pe-

680 5051 126 37 thick
825 5051 257 42 Lawrence,
1104 5051 102 48 puis
1231 5053 43 36 la
1298 5052 184 48 gentille
1507 5052 197 39 CIn'ista-

683 5103 70 38 bel
777 5114 45 27 se
846 5103 136 37 leva...
1008 5103 146 38 Droite
1179 5104 112 37 dans
1318 5115 86 26 une
1428 5105 102 37 robe
1555 5105 145 38 esthé-

682 5156 134 50 tique,
873 5156 112 48 style
1047 5171 18 18 «
1099 5155 137 39 Reine
1266 5157 131 37 Anne
1430 5172 36 25 ».
1496 5169 54 26 en
1582 5157 117 39 satin

683 5208 106 47 vert,
826 5209 162 46 mince,
1028 5221 103 25 avec
1171 5220 87 27 une
1296 5209 179 38 raideur
1513 5221 187 37 garçon-

684 5261 123 38 nière
840 5262 41 37 et
913 5261 75 38 des
1023 5262 255 47 souplesses
1314 5262 269 48 imprévues,
1617 5264 83 38 elle

684 5313 75 48 dit,
782 5314 52 37 de
857 5325 49 26 sa
928 5313 102 38 voix
1051 5314 138 38 haute
1208 5315 42 37 et
1270 5315 149 47 claire,
1442 5315 76 38 des
1542 5315 157 39 choses

684 5367 269 36 excellentes
995 5377 6 26 :
1040 5377 83 38 que
1156 5367 38 37 le
1231 5369 282 37 mouvement
1550 5368 152 39 n'était

683 5430 53 26 en
764 5430 173 27 aucune
961 5420 114 36 sorte
1098 5419 393 43 révolutionnaire,
1516 5421 43 37 ni
1587 5422 113 37 anti-

685 5471 152 47 social1
874 5471 46 37 ni
958 5472 327 47 antireligieux,
1324 5472 106 49 qu'il
1466 5473 106 39 était
1609 5474 92 38 ins-

685 5524 95 49 piré
805 5535 82 36 par
911 5535 60 26 un
996 5524 152 38 besoin
1178 5525 52 37 de
1255 5525 177 45 justice,
1457 5536 81 37 par
1562 5527 39 37 le
1627 5527 73 37 dé-

685 5577 62 37 sir
773 5576 281 38 d'a!néliorcr
1079 5577 42 37 la
1147 5578 228 37 condition
1402 5578 76 37 des
1506 5580 195 37 femmes

685 5639 193 40 pauvres
907 5630 39 36 et
975 5629 75 37 des
1079 5630 325 45 travailleuses,
1434 5631 132 38 celles
1597 5632 106 37 dont

686 5693 53 26 on
784 5693 51 25 ne
877 5683 94 46 peut
1012 5679 92 40 dire
1142 5693 84 38 que
1262 5683 97 37 leur
1394 5683 126 48 place
1558 5684 64 37 est
1660 5687 42 34 ol

686 5735 147 41 home,
864 5734 285 45 puisqu'elles
1178 5735 122 37 n'ont
1325 5736 126 43 point
1478 5736 51 38 de
1558 5736 143 39 homc.

689 5787 92 38 Elle
812 5786 154 48 ajouta
995 5798 83 37 que
1107 5787 87 38 l'on
1226 5788 261 38 demandait
1517 5789 184 48 simple-

1772 502 124 37 ment
1915 502 39 37 le
1977 502 196 48 suffrage
2195 504 206 38 restreint
2422 515 111 37 pour
2553 515 230 28 commen-

1772 565 84 35 eer,
1893 557 134 46 qu'un
2062 555 176 38 million
2276 556 19 37 à
2333 557 131 47 peine
2500 557 282 47 d'Anglaises

1771 605 150 38 contre
1945 608 96 47 sept
2062 608 200 38 millions
2287 609 231 48 d'Anglais
2541 610 244 48 jouiraient

1772 658 52 37 de
1859 658 66 38 cet
1959 660 232 39 avantage,
2225 661 41 37 et
2299 672 83 27 que
2417 661 37 38 si
2488 662 57 37 M.
2579 662 204 38 Asquith,

1770 710 186 38 l'exècre
1978 711 57 37 M.
2058 711 202 41 Asquith,
2282 713 250 38 continuait
2553 714 52 37 de
2626 714 157 38 défen-

1772 762 74 36 (ire
1882 763 174 37 rentrée
2087 765 55 37 du
2178 766 257 37 Parlement
2465 767 39 36 et
2535 767 55 36 du
2623 767 161 38 minis-

1770 814 89 37 tère
1888 826 87 27 aux
2002 816 275 48 délégations
2305 818 76 37 des
2409 818 259 48 citoyennes
2698 819 85 37 bri-

1769 867 256 49 tanniques,
2051 880 56 26 on
2134 870 133 37 ferait
2293 881 86 26 une
2406 870 210 47 agitation
2647 871 136 38 crois-

1771 920 139 45 sallte,
1952 920 41 37 et
2046 921 101 49 qu'à
2195 922 45 37 la
2292 923 60 37 iin
2407 933 56 27 on
2518 923 267 49 flanquerait

1770 970 59 39 M.
1856 971 191 49 Asquith
2074 983 54 28 en
2156 974 98 37 l'a.ir
2279 975 116 47 (sic).

1824 1035 117 38 Cette
1972 1035 96 39 idée
2100 1038 69 37 fut
2200 1038 231 38 accueillie
2462 1050 81 38 par
2575 1039 75 37 des
2682 1040 102 37 bra-

1769 1098 90 27 vos.
1882 1088 36 36 A
1942 1088 102 48 quoi
2067 1089 111 38 miss
2202 1090 262 47 Christabel,
2489 1092 169 37 femme
2681 1103 102 37 pra-

1768 1139 133 49 tique,
1932 1140 207 49 répondit
2171 1153 92 38 que,
2285 1143 63 37 les
2380 1144 160 37 bravos
2573 1155 54 26 ne
2660 1146 105 35 suffi

1770 1192 145 37 soient
1944 1203 95 38 pas,
2067 1197 40 34 et
2136 1205 82 37 que
2247 1195 64 37 les
2345 1210 17 18 «
2395 1196 154 37 dames
2579 1197 204 47 envelop-

1768 1243 104 49 pées
1899 1245 52 36 de
1980 1244 228 39 fourrures
2239 1262 17 19 »
2290 1247 71 48 qui
2393 1248 391 48 applaudissaient

1769 1296 218 48 dÜ\,lÍcnt,
2014 1309 54 25 en
2100 1299 80 35 bon
2194 1310 50 26 ne
2273 1299 190 49 Ionique,
2491 1300 171 37 donner
2689 1301 95 37 leur

1769 1359 105 27 nom
1936 1350 41 37 et
2009 1350 96 37 leur
2138 1352 167 44 argent,
2345 1352 93 37 Une
2473 1353 128 47 quête
2636 1352 146 48 suivit,

1767 1400 87 37 très
1883 1401 271 39 fructueuse.
2184 1403 50 37 El
2264 1404 108 37 miss
2401 1405 249 38 (':hristabet
2678 1416 104 26 con-

1768 1453 127 38 tinua
1916 1454 287 39 d'invectiver
2223 1456 57 37 M.
2302 1457 204 48 Asquith,
2529 1458 146 37 tandis
2700 1469 82 38 que

1768 1506 333 48 l'interrupteur
2137 1508 174 38 obstine
2349 1521 46 25 se
2432 1509 154 38 faisait
2625 1522 157 36 rappe-

1772 1559 60 36 ler
1862 1558 24 38 à
1915 1559 170 40 l'ordre.
2117 1560 51 38 Et
2197 1561 96 37 cela
2322 1573 70 26 IrIe
2423 1562 288 38 remémorait
2740 1563 44 38 la

1772 1625 19 20 M
1817 1610 133 39 scène
1973 1612 113 38 dans
2111 1613 41 38 la
2176 1614 110 37 salle
2313 1629 17 19 »
2360 1614 76 39 des
2459 1624 171 30 l'O\'Iles.

1822 1677 90 43 Que
1939 1676 63 37 les
2030 1677 282 48 suffragettes
2339 1689 71 27 me
2436 1679 294 47 pardonnent,
2759 1679 25 40 à

1768 1738 133 27 cause
1935 1728 51 39 de
2022 1741 74 25 ma
2129 1731 254 46 sympathie
2417 1742 112 37 pour
2561 1732 220 38 certaines

1768 1781 51 35 de
1851 1781 114 36 leurs
1995 1781 118 38 idées
2143 1784 38 36 et
2210 1790 110 40 pour
2348 1783 94 37 leur
2470 1795 190 37 courage
2687 1785 6 37 !
2726 1785 54 38 Ce

1767 1833 222 47 spectacle
2024 1834 195 38 éveillait
2252 1847 54 26 en
2342 1836 90 37 moi
2467 1837 51 37 de
2552 1838 229 47 confuses,

1767 1886 52 37 de
1857 1886 219 48 baroques
2116 1888 295 38 associations
2450 1889 163 38 d'idées
2652 1891 40 37 et
2730 1891 51 37 de

1759 1939 256 38 .souvenirs.
2043 1940 263 38 J'attendais
2336 1941 39 38 le
2405 1943 199 36 moment
2634 1942 51 37 où
2717 1943 63 37 les

1767 1991 154 46 daines
1946 1992 56 36 du
2030 1992 109 37 fond
2163 1993 184 37 allaient
2369 2005 46 26 se
2437 1995 125 43 lever,
2580 1995 40 37 et
2643 1995 138 38 chan-

1765 2044 64 36 ter
1867 2055 59 25 un
1964 2045 190 37 refrain
2154 2045 168 37 connu
2361 2057 66 26 en-
2455 2047 171 46 agitant
2662 2048 137 37 leurs.

1767 2096 129 47 petits
1935 2097 240 47 drapeaux.
2213 2099 266 40 .J'attendais
2514 2100 78 39 1'('11
2592 2100 101 39 h'l'ud('
2721 2102 78 40 .de;

1766 2149 56 37 M.
1848 2149 204 49 Asquith,
2078 2151 38 36 le
2138 2150 223 49 compère,
2386 2151 34 38 et
2449 2152 44 46 je
2519 2152 261 38 découvrais

1765 2202 147 36 même
1971 2214 83 37 que
2098 2203 111 37 miss
2242 2204 244 38 Christabel
2523 2206 259 38 Pankhurst

1765 2255 286 37 ressemblait
2076 2279 53 2 —
2156 2266 47 27 ce
2233 2256 113 38 n'est
2373 2267 81 37 pas
2484 2258 63 38 lui
2576 2258 148 39 faire
2724 2258 75 39 un

1769 2307 204 36 mauvais
2004 2308 296 48 compliment
2364 2332 14 4 -
2408 2310 19 35 à
2461 2310 43 38 la
2534 2310 247 49 spirituelle

1767 2359 159 38 actrice
1959 2360 259 47 parisienne
2250 2361 293 46 Misiinguelt.

1817 2418 116 38 Mais
1956 2419 91 38 tout
2071 2420 106 45 edn,
2201 2420 106 37 c'est
2326 2421 44 37 la
2392 2423 194 40 surface,
2610 2422 169 48 l'appa-

1767 2481 142 28 renée,
1934 2471 40 37 le
1998 2471 195 48 prétexte
2220 2472 25 38 à
2268 2472 76 38 des
2369 2473 331 50 plaisanteries
2700 2473 95 50 fa-

1766 2522 120 48 elfes,
1922 2524 142 46 usées,
2102 2536 81 37 que
2233 2525 187 48 j'aurais
2456 2527 134 38 honte
2626 2528 51 37 de
2713 2539 68 28 re-

1765 2576 204 48 prendre.
1992 2577 36 36 Il
2050 2589 29 36 y
2103 2589 36 33 a.
2152 2578 191 49 quelque
2366 2579 133 38 chose
2524 2580 52 40 de
2599 2580 88 38 très
2713 2581 68 38 sé-

1764 2628 134 39 rieux.,
1922 2629 112 39 dans
2068 2641 72 26 ces
2173 2631 382 48 manifestations,
2590 2634 190 48 quelque

1764 2681 133 40 chose
1925 2682 52 37 de
2005 2682 220 48 puissant,
2254 2684 51 37 de
2331 2684 260 49 pathétique
2619 2686 175 39 même.

1765 2734 80 38 Ces
1888 2735 194 41 femmes
2125 2736 186 40 d'allure
2352 2738 287 49 excentrique
2681 2740 101 37 sont

1765 2787 201 38 animées
2001 2787 131 38 d'une
2168 2788 180 38 ferveur
2382 2789 24 38 à
2438 2791 117 36 toute
2589 2791 206 49 épreuve

1766 2840 74 49 qui
1861 2851 55 26 va
1937 2840 213 49 jusqu'au
2176 2841 290 48 mysticisme.
2490 2843 118 38 Elles
2631 2855 149 27 mour-

1764 2892 143 38 raient
1931 2903 111 38 pour
2064 2894 42 37 la
2129 2904 146 28 cause.
2301 2894 51 38 Et
2374 2896 96 37 cela
2491 2896 65 37 est
2578 2896 87 38 très
2688 2908 92 27 res-

1763 2946 215 48 pectable.

1818 3010 182 38 Comme
2038 3011 43 47 je
2120 3022 70 26 1n8
2234 3012 135 37 levais
2412 3025 107 35 pour
2557 3014 142 42 sortir,
2743 3015 36 48 je

1765 3063 81 37 dus
1877 3063 219 46 déranger
2127 3075 85 26 une
2244 3065 52 36 de.
2327 3076 94 27 mes
2451 3066 211 42 voisines,
2694 3080 100 26 une-

1761 3116 133 37 bravo
1917 3116 144 38 vieille
2083 3117 130 38 dame
2236 3117 19 38 à
2280 3118 200 39 cheveux
2499 3119 104 48 gris,
2625 3120 36 40 co
2661 3120 24 40 i
2685 3120 96 40 J1'(:'c

1764 3169 102 37 d'un
1898 3169 200 47 chapeau
2129 3170 216 38 tricolore.
2376 3171 51 37 Et
2454 3171 44 48 je
2527 3173 267 47 m'aperçus,

1765 3234 81 36 que
1878 3222 117 43 cette
2017 3222 144 43 dame..
2194 3223 144 37 bonne
2369 3224 164 48 épouse
2564 3226 39 37 et
2635 3226 144 37 bonne

1763 3274 254 49 ménagère,
2041 3275 295 38 connaissant.
2357 3277 39 37 le
2420 3277 100 49 prix
2541 3278 56 38 du
2624 3280 155 48 temps,
2797 3280 7 4 "

1748 3327 129 38 -¡t\-ni!
1907 3328 182 48 apporté
2117 3340 53 26 au
2197 3328 201 49 meeting
2425 3342 56 25 un.
2508 3341 194 38 ouvrage
2729 3333 50 38 de

1763 3381 181 36 couture
1986 3392 6 25 :
2030 3381 85 46 oui,
2149 3382 82 37 elle
2265 3382 209 47 reprisait
2507 3384 75 38 des
2618 3385 175 38 chaus-

1763 3434 143 40 sottes,
1940 3434 76 37 des
2049 3434 279 39 chaussettes
2362 3435 224 39 d'I).omme
2619 3449 53 26 en
2708 3449 85 27 co-

1763 3487 74 37 ion
1869 3487 170 37 cachou
2065 3487 49 37 !...
2148 3487 51 37 Et
2252 3489 93 36 cela
2390 3489 138 38 valait
2587 3489 88 39 tout
2720 3503 59 26 un

1763 3540 27 48 S
1790 3540 109 48 jJccrf¡
1899 3540 42 48 J
1967 3540 44 46 je
2041 3551 106 26 vous
2176 3551 194 27 assure...

2276 3606 193 35 Marcelle
2493 3607 191 45 Tinayre.

1760 3757 220 79 Notre
2019 3756 354 81 Concours
2413 3758 77 80 de
2528 3760 254 98 Bijoux

1821 3928 56 43 Le
1918 3945 151 35 moyen
2109 3928 53 43 de
2197 3945 155 37 gagner
2383 3930 171 43 100.000
2585 3932 139 43 francs

1818 3999 53 42 de
1895 3999 140 51 bijoux
2058 4012 155 30 sortant
2251 4000 72 42 des
2359 4000 110 43 deux
2497 4006 226 48 premières

2073 4073 180 41 maisons
2275 4071 53 42 de
2353 4071 121 44 Paris.

1814 4199 156 38 Parmi
2003 4199 63 38 les
2102 4212 216 26 concours
2366 4202 76 48 qui
2489 4206 290 44 permettront

1764 4269 87 25 aux
1875 4257 188 39 lecteurs
2089 4262 38 33 et,
2151 4270 88 26 aux
2262 4259 200 39 lectrices
2487 4260 293 40 rf'ExciîLSion

1764 4315 221 38 (l'"e:.tcrcel'
2043 4316 95 38 leur
2196 4318 212 49 saf/{u'iIÔ,
2465 4330 114 26 nous
2639 4331 139 27 avons

1746 4374 154 49 )J{acé,
1930 4387 55 25 au
2014 4376 196 48 l))'cmic]'
2239 4387 124 37 rallf!.
2393 4389 60 25 un
2482 4377 155 40 GRAND
2666 4379 111 40 CON-

1760 4443 142 30 COURS
1937 4444 53 26 DE
2024 4444 167 36 NITJOUX,
2226 4435 105 37 dont
2366 4447 112 26 nous
2514 4437 261 48 publierons

1760 4491 38 37 le
1849 4492 246 49 règlement
2145 4493 39 37 le
2235 4492 173 39 samedi
2455 4512 25 20 o
2529 4495 247 39 docenibro.

1764 4551 118 37 Celte
1917 4551 236 37 recherche
2187 4551 278 50 ingénicuse,
2498 4553 25 37 à
2556 4553 41 38 la
2630 4555 149 48 portée

1762 4609 53 37 de
1849 4612 110 43 tous,
1993 4612 64 35 est
2089 4609 124 39 dotée
2247 4610 53 38 de
2336 4612 165 37 100.000
2532 4611 156 50 francs
2721 4613 58 39 de-

1761 4667 112 49 'l}}'i.r,
1899 4668 248 37 consistant
2171 4680 54 25 en
2252 4668 153 49 bijoux
2429 4670 271 50 artistiques,
2725 4684 54 25 en

1761 4726 176 37 articles
1973 4726 300 49 d'orfèvrerie,
2307 4728 154 48 acquis
2496 4740 82 36 ]mr
2612 4730 181 38 ExoEL-

1762 4794 35 27 si
1807 4794 56 28 on
1896 4784 104 37 chez
2031 4784 287 48 BOUCHERON,
2349 4785 135 38 Villas
2491 4789 65 35 Ire-
2582 4787 197 49 joaillier

1765 4842 51 38 de
1841 4842 42 38 la
1906 4854 77 26 rue
2009 4842 50 37 de
2085 4843 40 37 la
2148 4844 127 47 Pai;r:,
2301 4846 38 35 el
2364 4845 104 37 chez
2493 4844 62 39 les
2582 4845 194 40 célèbres

1764 4900 198 50 orfèvres
1993 4902 273 37 CHRISTOFLE
2292 4913 50 27 ET
2371 4904 70 37 Ge.

1815 4966 80 37 Ces
1937 4965 153 50 bijoux
2126 4969 150 35 seront
2314 4968 185 48 exposés
2537 4969 56 37 du
2636 4971 48 37 1"
2720 4982 57 26 ail

1763 5025 46 37 iC
1834 5023 249 48 décembre,
2108 5025 98 48 afin
2232 5037 84 37 que
2342 5026 171 38 chacun
2541 5028 154 48 puisse
2721 5041 55 25 en

1761 5086 223 35 constater
2019 5082 43 38 la
2099 5083 154 40 beauté
2290 5087 38 35 el
2364 5084 38 38 le
2435 5085 105 49 goût
2577 5086 197 39 indiscu-

1761 5140 153 38 tables.

1795 5199 93 38 -Un
1924 5210 180 28 COLLIER
2141 5211 53 27 DE
2228 5211 175 30 PEIlLES.
2439 5203 129 37 ])'UXE
2604 5215 173 28 VALEUR

1762 5268 54 27 DE
1840 5258 143 38 20.000
2007 5269 178 37 FnAXCë,
2213 5263 64 34 est
2303 5259 172 39 destiné
2501 5273 55 26 a«
2582 5263 196 47 premier

1760 5317 101 48 prix
1882 5329 14 33 ;
1922 5316 76 38 des
2027 5317 181 50 bagues,
2233 5318 76 38 des
2338 5318 178 38 boucles
2542 5320 233 49 d'oreilles,

1762 5375 77 37 des
1869 5375 182 37 bourses
2079 5388 54 24 en
2160 5388 60 34 or,
2246 5376 76 37 des
2351 5376 217 51 (:pingles,
2594 5382 89 39 etc.,
2707 5380 68 48 le-

1761 5436 100 34 J'ont
1888 5432 42 39 la
1957 5433 90 49 joie
2076 5434 76 37 des
2182 5438 288 34 concurrents
2501 5436 167 38 classés
2700 5449 75 26 cil-

1760 5491 126 38 suite.

1814 5556 53 37 El
1905 5566 174 29 comme
2117 5557 38 37 le
2193 5557 118 50 sujet
2348 5558 55 38 du
2445 5570 214 27 concours
2698 5561 76 36 des

1764 5613 155 50 bijoux
1940 5627 100 26 sera
2063 5615 85 38 très
2172 5615 176 49 simple,
2371 5628 112 26 nous
2510 5629 53 25 ne
2586 5617 188 38 doutons

1762 5683 81 38 pas
1870 5672 52 37 de
1947 5674 196 37 recevoir
2170 5686 60 25 'Ilit
2257 5674 183 38 nombre
2468 5675 308 38 considérable

1762 5730 52 38 de
1840 5730 217 38 solutions
2083 5731 158 49 justes,
2267 5744 47 25 ce
2340 5733 76 48 qui
2444 5744 110 26 nous
2580 5736 193 46 pcrillet-

1763 5792 63 34 tra
1857 5789 50 37 de
1935 5790 116 47 j'aire
2083 5790 228 49 beaucoup
2342 5791 253 37 lFhew'eux.

3002 524 716 104 Tribunaux

2844 721 62 38 LE
2938 722 136 39 MARI
3100 723 128 39 DOIT
3257 724 246 38 NOURRIR
3535 726 65 37 SA
3628 727 231 38 FEMME...

3223 776 135 38 CHEZ
3392 777 89 37 LUI

2890 841 87 35 Une
2999 842 116 35 dame
3136 843 75 35 L...
3237 845 126 42 ayant
3385 845 23 35 à
3430 856 42 24 se
3493 845 191 44 plaindre
3707 846 48 35 de
3778 855 76 29 son

2844 889 102 33 mari
2983 889 58 41 (et
3068 899 50 25 t'Il
3143 891 136 35 vérité,
3307 891 77 34 elle
3411 892 88 34 doit
3525 892 87 34 être
3642 893 38 34 la.
3706 894 149 41 seule),

2844 934 114 35 avait
2984 935 168 45 jmaginé
3152 935 85 45 de
3265 938 36 33 le
3328 938 170 43 quitter,
3522 939 120 37 ftt.ee
3669 940 65 34 fut
3760 949 94 26 sans

2844 980 123 36 doute
2992 990 81 27 une
3094 983 156 43 pensée
3273 984 71 42 qui
3371 984 58 35 lui
3454 985 90 35 vint
3569 985 92 36 tout
3684 986 170 43 simple-

2843 1028 124 35 ment.

2888 1074 59 34 De
2972 1074 37 35 là
3033 1075 22 34 à
3077 1075 150 41 perdre
3252 1077 35 35 le
3312 1077 112 34 boire
3450 1078 40 35 et
3513 1078 36 35 le
3574 1088 177 32 manger,
3777 1079 27 34 il
3829 1089 26 32 y

2843 1129 19 25 a
2892 1120 97 35 loin.
3017 1122 128 35 Même
3173 1123 38 34 la,
3238 1123 116 35 dame
3381 1133 172 34 mangea
3579 1127 34 31 et
3644 1125 75 35 but
3744 1126 49 34 de
3819 1126 35 33 si

2842 1166 80 35 bon
2955 1168 162 43 appétit
3149 1169 148 44 qu'elle
3328 1181 20 26 s
3364 1170 179 36 'cndet'ta.
3574 1171 52 36 Et
3656 1172 70 35 dès
3761 1172 92 41 lors,

2843 1222 42 25 se
2909 1215 220 42 rappelant
3151 1216 150 42 qu'eHe
3324 1217 106 34 avait
3461 1218 195 36 entendu,
3681 1227 53 26 un
3760 1219 95 41 jour

2843 1259 92 48 déjà
2962 1260 177 36 lointain
3165 1262 48 34 de
3240 1272 70 26 son
3339 1264 196 41 mariage,
3560 1273 57 26 un
3643 1266 212 34 monsieur

2843 1306 113 35 Ceint
2988 1307 120 35 d'une
3142 1309 180 43 éeharpe
3357 1310 57 34 lui
3450 1311 186 35 affirmer
3668 1320 80 34 que
3782 1321 74 26 son

2842 1353 106 35 mari
2973 1353 56 35 lui
3057 1354 164 37 devrait
3243 1356 102 35 aide.
3370 1357 228 35 assistance
3624 1358 41 34 et
3687 1358 169 41 partant

2843 1400 254 41 nourriture,
3123 1402 76 34 elle
3223 1402 159 37 résolut
3405 1403 47 35 de
3478 1404 35 34 le
3537 1404 148 35 mettre
3709 1414 51 26 en
3783 1405 70 35 de-

2843 1454 141 27 meure
3013 1446 65 43 d'y
3104 1449 213 42 pourvoir.

2829 1518 33 21 -,
2888 1493 35 33 A
2942 1493 65 34 cet
3026 1494 108 35 effet.
3156 1495 114 41 donc,
3293 1496 77 34 elle
3392 1496 164 40 assigna
3578 1506 73 26 son
3673 1497 181 39 légitime

2843 1538 134 44 époux
3000 1539 132 36 devant
3132 1539 76 36 Je
3230 1542 97 44 juge
3350 1543 48 34 de
3420 1543 98 43 paix
3538 1553 106 33 pour
3668 1557 17 18 «
3710 1546 160 33 enten-

2843 1585 70 34 dre
2937 1586 89 35 dire
3049 1599 16 18 »
3091 1596 78 34 que
3194 1588 99 35 ledit
3316 1589 135 44 époux
3473 1590 58 34 lui
3555 1591 197 35 servirait
3774 1601 80 25 une

2820 1632 197 42 pr'llsion
3049 1633 274 37 alimentaire.
3357 1636 99 33 Bien
3488 1636 57 35 lui
3577 1646 47 25 en
3657 1638 95 42 prit,
3785 1648 69 25 car

2845 1679 34 34 le
2912 1679 96 45 juge
3045 1680 58 35 lui
3138 1681 135 35 donna
3307 1682 142 35 raison
3482 1684 41 34 et
3556 1684 228 36 condamna
3819 1685 36 35 le

2836 1726 150 38 mari..

2890 1772 113 42 Mais,
3032 1774 120 36 entre
3175 1774 36 35 le
3235 1774 97 45 juge
3358 1776 157 43 unique
3542 1777 41 35 et
3598 1777 45 35 le
3670 1777 184 37 tribunal

2831 1818 68 42 .de.
2912 1820 208 43 première
3144 1821 187 36 instance
3353 1844 46 3 —
3421 1824 71 40 qui
3517 1825 212 36 constitue
3754 1825 99 41 l'ap-

2841 1865 64 44 ]jct
2927 1888 46 3 —
2993 1866 26 34 il
3041 1877 27 34 y
3088 1877 22 25 a
3129 1868 159 43 parfois
3309 1869 179 44 quelque
3509 1870 225 39 différence
3754 1872 99 35 dans

2831 1912 45 34 .la
2910 1912 123 44 façon
3063 1913 48 35 de
3142 1916 271 41 comprendre
3446 1917 36 34 la
3514 1917 63 32 vie
3609 1919 39 33 H.
3679 1918 174 43 d'appli-

2842 1968 102 34 quer
2982 1960 35 34 la
3041 1961 78 35 .loi.
3151 1960 50 36 Et,
3238 1963 34 33 le
3307 1963 182 35 tribunal
3528 1964 46 34 de
3611 1964 37 35 la
3683 1965 171 35 sixième

2832 2006 206 35 .chambre
3058 2018 22 23 a
3097 2007 98 45 jugé
3216 2008 94 34 hier
3328 2018 78 35 que
3427 2011 91 34 tant
3536 2010 96 43 qu'il
3655 2012 68 43 n'y
3743 2009 143 40 ayait,

2841 2061 72 34 pas
2941 2054 116 32 entre
3084 2054 134 43 époux
3243 2055 48 34 de
3316 2056 240 42 séparation
3585 2058 126 42 légale
3737 2059 39 33 ni
3806 2060 48 34 de

2841 2099 229 43 procédure
3090 2101 52 34 ad
3162 2101 87 35 hoc.
3272 2102 35 34 le
3328 2103 103 34 mari
3458 2113 47 24 ne
3527 2104 138 34 devait
3688 2105 198 36 rentre-!

2864 2148 52 31 ret
2932 2146 60 33 ien
3021 2149 32 32 et
3086 2147 37 34 la
3146 2149 245 35 nourriture
3416 2150 47 34 de
3489 2159 44 25 sa
3556 2151 150 35 femme
3731 2152 123 43 qu'en

2842 2194 148 33 nature
3021 2194 40 33 et
3088 2205 53 24 au
3169 2195 192 34 domicile
3391 2197 205 43 conjugal.
3624 2197 62 37 Or.
3718 2199 34 33 le
3782 2199 71 34 do-

2841 2239 138 36 micile
3013 2240 188 45 conjugal
3237 2242 47 34 de
3318 2243 48 33 M.
3397 2243 74 34 L...
3507 2244 62 34 est
3600 2245 108 34 celui
3742 2246 51 34 où
3826 2246 43 34 il

2843 2285 154 36 habite.
3030 2287 30 33 Il
3094 2298 22 23 a
3149 2288 161 44 enjoint
3342 2289 22 35 à
3397 2299 44 25 sa
3473 2291 149 38 femme
3655 2291 49 35 de
3735 2293 119 33 venir

2843 2331 52 44 l'y
2918 2333 221 35 retrouver
3230 2335 25 33 il
3284 2336 67 35 est
3351 2336 119 35 <1onc
3500 2345 53 26 en
3574 2337 122 44 régie.

2890 2380 74 33 Les
2999 2381 103 34 amis
3134 2381 51 35 de
3219 2382 103 35 Mme
3354 2384 75 34 L...
3465 2384 178 36 doi\ent
3666 2385 202 36 attendro;

2842 2436 43 24 sa
2911 2426 187 35 décision
3125 2438 96 25 avec
3251 2429 256 44 inquiétude.

2865 2496 180 38 ENTRE
3087 2499 393 39 PROTECTEURS
3521 2502 310 39 D'ANIMAUX

2886 2560 162 38 D'être
3048 2560 186 38 membre
3265 2563 47 35 de
3344 2564 37 35 la
3411 2564 166 37 Société,
3601 2567 266 41 protectrice,

2841 2607 70 35 des
2949 2608 196 35 animaux
3181 2609 147 35 dénote
3364 2620 82 25 une,
3480 2612 154 43 grande
3671 2613 184 35 douceur

2840 2653 48 35 de
2913 2654 303 45 tempérament
3240 2657 41 35 et
3304 2656 215 47 beaucoup
3545 2658 48 36 de
3619 2660 161 36 charité
3806 2661 48 35 de

2841 2710 126 26 cœur.

2890 2749 102 38 Mais
3019 2748 48 36 de
3094 2758 44 25 ce
3166 2759 79 33 que
3272 2751 59 35 les
3341 2752 218 36 membres
3587 2763 49 24 en
3662 2754 194 42 question.

2842 2796 92 33 sont
2958 2795 188 36 d'accord
3172 2807 103 33 pour
3300 2798 130 35 aimer
3455 2800 56 33 les
3537 2801 206 35 animaux.
3769 2802 88 35 cela

2840 2847 50 29 ne
2916 2843 102 35 veut
3041 2853 73 34 pas
3142 2844 89 35 dire
3256 2845 122 43 qu'ils
3405 2847 137 35 soient
3566 2847 188 36 d'accord
3782 2859 71 23 l'n-

2841 2888 63 35 tre
2938 2899 91 25 eux.
3062 2890 58 41 Et,
3156 2901 46 24 en
3239 2892 107 41 effet,
3382 2892 49 35 ils
3465 2894 188 42 plaident
3685 2895 58 34 les
3776 2906 78 25 uns

2829 2935 155 36 contre
3017 2937 58 34 les
3108 2939 154 34 autres.
3294 2939 29 34 Il
3358 2949 27 33 y
3416 2949 31 27 a,
3481 2949 50 25 en
3563 2940 289 43 l'occurrence,

2840 2982 36 40 le
2899 2986 325 41 gouvernement
3247 2986 38 34 et
3312 2985 276 45 l'opposition.

2887 3029 284 45 L'opposition
3202 3032 212 36 soutenait
3443 3042 78 35 que
3555 3035 56 34 les
3643 3035 211 37 dernières

2842 3076 198 36 élections
3073 3078 213 41 générales
3321 3080 157 35 étaient
3510 3082 145 35 nullps.
3687 3092 55 25 vu
3776 3092 78 32 que

2841 3123 35 34 le
2913 3132 176 34 quorum
3132 3125 52 41 (le
3221 3126 178 35 dixième
3434 3127 54 35 du
3523 3129 169 35 nombre
3728 3130 118 41 total)

2840 3170 155 35 n'avait
3024 3181 74 33 pas
3129 3172 63 35 été
3223 3173 163 35 atteint.
3416 3174 57 41 EL.
3505 3175 69 35 des
3606 3176 106 35 deux
3743 3177 110 35 côtés

2841 3216 47 35 de
2928 3218 36 34 la,
3001 3218 121 36 barre
3156 3240 47 3 —
3238 3220 49 35 01',
3328 3230 41 25 se
3407 3221 241 40 trouvaient
3684 3223 53 34 M"
3773 3224 80 35 Dé-

2840 3273 146 35 mangé
3021 3266 39 34 et
3095 3267 52 33 Mc
3181 3266 158 36 Lucien
3372 3267 137 36 Leduc
3542 3290 48 4 —
3623 3279 51 24 on
3705 3279 148 26 recon-

2841 3311 176 37 naissait
3040 3312 99 44 qu'il
3163 3313 67 43 n'y
3255 3313 113 36 avait
3392 3324 61 26 eu.
3479 3325 50 24 en
3553 3316 106 39 effet,
3685 3326 79 33 que
3787 3319 69 34 298

2840 3358 203 35 membres
3067 3360 191 43 présents
3285 3371 71 24 sur
3383 3363 102 39 4,150
3510 3362 182 38 inscrits.

2888 3405 102 35 Mais
3019 3406 35 34 le
3082 3409 336 42 gouvernement,
3446 3409 241 42 représenté
3713 3420 76 31 par
3819 3412 35 35 le

2839 3450 215 45 président
3074 3453 42 36 eL
3116 3453 57 36 le
3193 3453 171 42 bureau,
3387 3456 211 35 soutenait
3620 3456 21 35 à
3663 3466 74 26 son
3759 3459 95 35 tour

2840 3507 78 36 que
2952 3500 36 35 le
3018 3509 178 36 quorum
3224 3501 147 35 n'était
3402 3502 116 44 exigé
3549 3512 78 35 que
3658 3513 106 34 pour
3796 3506 57 35 les

2841 3546 247 36 assemblées
3119 3548 51 35 où
3201 3557 47 25 on
3281 3548 161 35 discute
3473 3549 35 35 le
3537 3549 165 45 budget.
3730 3551 63 41 Or,
3825 3553 27 34 il

2841 3593 154 35 .n'avait
3025 3594 63 35 été
3118 3595 204 43 question,
3356 3595 22 35 à
3409 3596 53 36 la
3477 3596 191 38 dernière
3699 3608 154 26 assem-

2839 3638 100 44 blée,
2964 3649 79 35 que
3066 3640 252 37 d'élections.

2885 3686 60 36 La
2963 3688 207 43 première
3192 3688 195 36 chambre
3410 3689 53 36 du
3486 3691 181 36 tribunal
3693 3703 23 25 a
3736 3693 116 35 tran-

2841 3734 76 35 ché
2951 3735 107 34 cette
3090 3744 125 35 grave
3249 3736 193 43 question
3475 3737 100 36 dans
3610 3739 35 35 le
3678 3749 94 26 sens
3806 3741 48 36 de

2841 3781 276 44 l'opposition.
3145 3782 86 35 Elle
3263 3793 21 25 a
3315 3784 153 34 annulé
3499 3784 253 38 rassemblée
3782 3788 70 41 gé-

2825 3828 161 35 nérale
3010 3829 114 35 visée
3154 3838 51 26 en.
3234 3829 193 36 décidant
3456 3840 78 35 que
3562 3832 37 35 si
3631 3832 174 38 l'article
3835 3836 20 34 G

2841 3875 68 35 des
2936 3876 164 41 statuts,
3127 3876 70 42 qui
3225 3877 88 37 vise
3340 3877 57 35 les
3425 3878 209 40 élections,
3662 3889 50 26 ne
3738 3882 116 41 parle

2838 3931 74 35 pas
2933 3922 48 35 de
3001 3931 177 36 quorum
3199 3923 98 35 c'est
3316 3924 96 44 qu'il
3436 3934 42 26 se
3497 3927 196 43 rapporte
3715 3927 22 35 il
3758 3928 94 35 l'ar-

2839 3969 98 36 ticle
2964 3969 235 45 précédent,
3227 3970 71 45 qui
3328 3980 51 26 en
3407 3972 116 45 exige
3550 3981 68 27 un.
3646 3973 59 35 On
3731 3983 121 27 revo-

2838 4016 102 36 tera.

2885 4064 77 35 Les
2989 4064 195 36 animaux
3211 4065 296 37 continueront
3531 4067 165 36 tout-de
3723 4069 130 36 même

2841 4110 126 36 d'être
2997 4111 204 45 protégés.
3231 4112 50 35 Et
3311 4113 100 35 c'est
3440 4113 49 43 là,
3522 4124 53 26 au
3606 4114 108 43 fond,
3747 4115 105 36 l'im-

2839 4158 181 44 portant.

2841 4229 75 37 UN
2955 4230 131 37 VŒU
3125 4230 103 37 DES
3270 4231 167 37 JURES
3479 4228 66 41 DE
3589 4233 67 38 LA
3701 4232 154 40 SEINE

2886 4298 55 36 Le
2970 4298 99 45 jury
3099 4299 48 35 de
3178 4300 38 34 la
3245 4299 133 43 Seine,
3408 4301 121 35 réuni
3560 4311 107 34 pour
3698 4303 38 35 la
3767 4313 86 26 ses-

2832 4345 99 35 sion
2961 4346 70 35 des
3063 4347 150 35 assises
3246 4346 47 36 de
3327 4347 38 35 la
3393 4348 207 43 première
3631 4350 222 43 quinzaine

2840 4392 48 36 de
2915 4393 234 37 novembre,
3179 4404 22 25 a
3229 4394 112 36 émis,
3372 4395 125 36 avant
3524 4395 49 36 de
3600 4405 43 26 se
3673 4396 179 44 séparer,

2840 4439 35 35 le
2896 4449 95 26 vœu
3014 4441 168 34 suivant
3210 4451 6 24 :

2884 4503 48 31 Le
2957 4504 90 39 jury
3073 4504 43 31 de
3142 4503 35 32 la
3202 4504 115 38 Seine,
3344 4505 267 40 légitimement
3638 4506 84 33 é.mu
3751 4508 43 31 de
3821 4508 35 32 la

2838 4546 290 30 recrudescence
3164 4546 43 30 de
3242 4546 35 31 la
3312 4547 218 31 criminalité
3555 4557 7 24 ;

2884 4587 245 33 Considérant
3155 4595 70 32 que
3255 4588 36 31 la
3319 4588 152 41 plupart
3499 4589 64 31 des
3593 4591 133 32 crimes
3756 4599 98 23 com-

2839 4628 68 30 mis
2933 4630 83 29 s'jut.
3039 4629 32 30 le
3095 4629 159 31 résultat
3279 4629 115 31 direct
3419 4630 43 31 de
3486 4631 239 32 l'alcoi-)Ijslïle
3749 4641 7 28 ;

2888 4671 74 35 Que
3005 4670 238 31 l'alcoolisme
3288 4672 182 30 constitue
3512 4673 242 38 aujourd'Imi
3799 4683 49 23 un

2829 4710 106 32 fléau
2958 4711 164 31 national
3145 4713 35 30 et
3202 4719 50 23 un
3276 4712 140 39 danger
3439 4713 113 31 social
3575 4715 89 38 qu'il
3687 4716 83 30 faut
3792 4724 63 23 en-

2838 4760 110 32 rayer
2981 4753 42 31 de
3057 4753 35 31 la
3124 4753 108 40 façon
3265 4754 35 30 la
3333 4754 84 39 plus
3451 4754 210 41 énergique,
3694 4756 95 32 émet
3821 4758 33 32 le

2840 4801 80 24 vœu
2962 4803 6 21 :

2890 4848 12 13 «
2928 4836 38 29 j"
2986 4837 74 36 Que
3080 4837 79 30 tout
3182 4836 161 32 individu
3367 4834 129 34 trouvé
3517 4846 43 22 en
3582 4838 74 32 état
3676 4840 176 32 d'ivresse

2837 4885 66 23 sur
2928 4877 36 32 la
2987 4878 81 31 voie
3094 4878 175 40 publique
3298 4879 69 30 soit
3393 4879 315 33 immédiatement
3735 4883 119 31 arrête

2837 4920 35 30 et
2903 4919 137 31 traduit
3070 4919 135 32 devant
3233 4920 53 30 les
3313 4920 214 32 Iribunatjx.
3558 4923 295 32 conformément

2839 4968 73 23 aux
2940 4960 261 40 dispositions
3231 4961 42 30 de
3304 4961 35 31 la
3367 4961 47 30 loi
3442 4970 66 22 sur
3536 4962 164 34 l'ivresse
3725 4972 7 28 ;

2885 5012 13 15 »
2928 5002 38 30 2"
2994 5003 85 35 Que,
3103 5002 162 40 pendant
3286 5010 71 23 une
3380 5002 149 40 période
3553 5004 44 31 de
3619 5005 63 30 dix
3705 5006 146 32 années.

2836 5042 233 32 interdiction
3093 5043 151 32 absolue
3265 5044 69 31 soit
3356 5044 88 31 faite
3468 5044 43 32 de
3534 5045 124 31 crééer
3680 5054 49 23 un
3755 5047 99 33 débit

2836 5084 44 31 de
2905 5084 73 31 vin.
3010 5096 12 14 »
3218 5115 81 5 ...

2886 5143 49 35 Ce
2963 5154 94 25 vœu
3084 5145 116 35 vient
3228 5145 125 36 d'être
3384 5146 165 36 adressé
3579 5145 274 39 directement

2838 5200 51 25 au
2914 5190 124 46 garde
3063 5192 69 37 des
3157 5201 163 26 sceaux.

2974 5261 350 41 HONORAIRES
3363 5263 66 37 DE
3471 5264 242 39 MEDECIN

2890 5330 48 35 M.
2970 5331 36 34 le
3036 5330 171 36 docteur
3237 5331 71 35 Pic
3334 5332 65 36 est
3428 5332 49 35 de
3506 5333 125 43 Lyon.
3662 5334 57 34 La
3750 5343 99 26 con-

2838 5376 130 35 fiance
2988 5378 96 43 qu'iU
3109 5378 157 45 inspire
3285 5388 52 25 va
3356 5379 166 45 jusqu'à
3544 5381 127 36 Paris.
3696 5380 40 35 eL
3755 5381 98 35 c'est

2837 5424 204 43 pourquoi
3072 5434 81 25 une
3182 5425 159 35 famille
3371 5426 140 35 l'asait
3537 5426 91 44 prie
3656 5427 49 35 de
3732 5428 121 34 venir

2839 5471 212 33 examiner
3089 5481 80 24 une
3208 5472 160 34 malade
3407 5472 187 35 internée
3631 5473 100 35 dans
3771 5484 80 24 une

2837 5517 156 35 IllaisOIl
2993 5517 79 35 df'
3099 5519 117 33 saidé
3242 5518 48 35 de
3320 5519 35 33 la
3381 5519 190 43 ('aj)itafe.
3598 5520 55 33 Le
3680 5520 172 35 docteur

2837 5563 69 34 Pie
2934 5563 99 40 ViLlI,
3063 5564 134 35 donna
3225 5575 44 24 sa
3296 5566 277 34 consultation
3604 5566 40 34 fIl
3671 5567 180 35 réclama

2838 5611 73 33 500
2957 5611 138 34 francs
3140 5611 283 35 d'honoraires
3470 5613 33 33 et
3552 5614 115 33 2.500
3711 5614 139 33 francs

2836 5666 106 34 pour
2968 5667 69 24 son
3068 5657 283 45 déplacement
3378 5668 52 25 ou
3458 5658 281 38 inversement
3762 5669 7 24 :
3798 5669 53 25 au

2838 5704 49 34 toi
2887 5704 63 34 al.
2982 5704 113 34 3.000
3127 5705 149 34 francs.

2891 5749 101 37 Mais
3019 5751 221 44 quelqu'un
3268 5752 163 34 veillait
3454 5762 6 24 :
3488 5751 138 36 c'e)ai):
3652 5753 48 34 M.
3727 5753 26 34 J
3753 5753 95 34 h)t'z.

2839 5795 344 37 administrateur
3214 5798 68 35 des
3312 5798 117 35 biens
3460 5798 49 35 de
3540 5799 37 34 la
3607 5799 170 42 malade,
3811 5801 40 33 et

3915 514 155 45 rigide,"
4084 524 157 28 comme
4267 518 159 36 chacun
4451 520 90 38 sait,
4568 531 73 26 sur
4666 522 38 35 la
4729 524 192 37 question

3915 560 254 37 h01/,(n'aiJ'cs.
4204 564 31 34 Il
4271 565 148 36 trouva
4453 566 38 35 la
4522 568 96 35 note
4651 571 197 37 exagérée
4881 573 41 30 et

3914 607 150 43 plaida.

3966 653 56 35 Le
4048 655 180 35 tribunal
4257 667 22 24 a
4305 657 63 36 été
4394 658 48 35 de
4468 660 60 34 cet
4557 661 87 34 avis
4672 662 40 35 et
4737 672 22 25 a
4782 662 140 36 réduit

3915 699 56 35 les
3995 699 242 37 honoraires
4261 703 40 36 et
4323 704 103 35 frais
4451 705 49 36 de
4522 716 155 31 voyage
4701 708 53 35 du
4778 709 141 34 méde-

3910 746 67 34 cin
3996 755 53 25 au
4071 748 95 34 total
4187 749 166 44 général
4373 752 49 34 de
4444 753 109 34 1.500
4573 754 150 34 francs.
4743 755 55 34 Le
4817 756 105 34 mari

3914 792 127 36 devra
4071 803 128 35 payer
4232 797 110 34 1.000
4380 798 144 39 francs,
4559 800 105 34 ainsi
4696 800 98 40 qu'il
4827 801 93 36 l'of-

3914 839 112 40 i'rait,
4049 841 40 33 et
4111 840 37 35 la
4167 842 170 42 l'amitié,
4360 844 68 37 qui
4451 845 114 34 seule
4585 855 22 25 a
4627 846 115 38 exigé
4765 847 37 34 la
4821 848 98 38 pré-

3914 894 118 26 sellee
4058 885 54 35 du
4137 887 171 36 docteur
4333 890 251 44 Pic,'paiera
4612 892 35 35 le
4673 893 120 35 reste.

4232 959 70 36 ON
4335 959 264 40 INSTALLE

3967 1022 57 36 On
4064 1035 23 24 a
4123 1026 185 43 procède
4349 1027 102 41 hiC!\
4492 1029 23 35 à
4553 1029 209 37 J'jn:-;lallal
4762 1029 75 37 ion
4874 1032 49 35 de

3914 1069 315 46 M..Feuilloley,
4260 1075 137 32 avocat
4431 1074 164 44 général
4624 1076 22 36 iL
4674 1077 37 34 la
4740 1078 106 34 Cour
4872 1079 49 34 de

3913 1117 216 43 cassation,
4175 1119 72 43 qui
4288 1119 116 36 vient
4446 1120 126 36 d'être
4615 1124 162 34 nommé
4821 1134 98 25 con-

3914 1162 151 35 seiller.

3967 1211 62 33 Oh.
4056 1220 21 24 a
4106 1210 164 37 installé
4299 1213 161 35 ensuite
4490 1213 47 35 M.
4566 1214 97 39 Eon,
4694 1225 229 31 procureur

3914 1254 163 45 général
4105 1257 22 34 à
4149 1257 232 43 Bordeaux,
4405 1269 158 27 comme
4589 1262 144 34 tlyoeat
4757 1263 165 40 général

3914 1302 23 34 à
3971 1303 38 33 la
4043 1303 105 34 Cour
4182 1303 48 37 de
4264 1306 216 40 cassation,
4518 1316 51 25 en
4599 1308 325 42 remplacement

3914 1349 47 34 de
3983 1349 47 35 M.
4052 1349 240 41 Feuilloley.

4419 1400 51 35 Me
4510 1400 99 35 Paul
4652 1400 214 37 GUILLAIN.

4084 1504 676 72 NOUVELLES

4239 1644 204 41 Conseil
4470 1647 90 40 des
4581 1649 281 40 ministres.

3962 1709 217 31 Viticulture
4214 1711 34 30 et
4280 1711 253 33 inonOallons.-
4557 1730 48 4 -
4635 1714 69 30 Les
4736 1714 186 31 ministres

3912 1750 34 30 et
3977 1751 325 31 sous-secrétaires
4334 1753 120 32 (l'Etat
4483 1761 39 23 se
4552 1756 82 28 sont
4664 1755 136 33 réunis.
4832 1756 89 31 tuer.

3913 1798 42 23 en
3994 1787 148 40 conseil,
4179 1793 20 30 à
4233 1793 170 38 l'ElyséÓ,
4403 1793 120 38 "sous
4558 1795 36 32 la
4628 1796 214 36 présidence
4878 1797 44 31 de

3911 1831 45 31 .M.
3988 1833 182 31 Fallières.

3957 1874 49 31 Le
4045 1874 188 36 président
4273 1875 49 31 du
4360 1877 137 30 conseil
4536 1885 19 23 a
4591 1879 135 34 exposé
4765 1879 157 31 l'écono-

3912 1912 70 33 mie
4005 1913 77 44 yles
4115 1916 122 31 divers
4273 1917 140 39 projets
4446 1917 45 31 de
4525 1918 208 39 législation,
4765 1921 62 35 qui
4860 1921 61 30 ont

3913 1962 93 35 pour
4039 1956 73 35 but,
4133 1957 194 31 d'assurer
4362 1959 35 30 la
4431 1959 199 31 continuité
4666 1959 62 31 des
4762 1962 159 31 services

3912 1997 155 36 publics.
4110 1998 65 31 Ces
4216 1999 141 34 projets
4396 2001 125 30 seront
4560 2000 179 32 délibérés
4778 2009 44 23 en
4860 2003 59 30 dé-

3912 2032 63 36 tail
4004 2038 91 31 dans
4119 2039 56 30 Tes
4202 2039 196 39 prochains
4426 2041 167 31 conseils.

3957 2079 267 31 Helativetnent
4257 2081 19 30 à
4307 2080 36 32 la
4374 2082 172 30 situation
4582 2083 64 30 des
4678 2083 242 37 viticulteurs,

3912 2119 91 30 dans
4028 2121 53 30 les
4107 2120 274 40 départements
4408 2123 178 35 sinistrés,
4610 2124 33 30 le
4664 2124 169 31 -ministre
4859 2126 61 30 des

3910 2159 178 33 Finances
4120 2170 20 23 a
4170 2162 165 31 annoncé
4364 2164 89 36 qu'il
4484 2165 109 35 avait;
4621 2171 67 30 par
4718 2164 204 37 circulaire,

3912 2200 119 32 donné
4045 2202 74 36 ,des
4144 2203 240 31 instructions
4412 2204 160 39 précises
4599 2214 74 23 aux
4688 2207 233 38 'cotnptables

3913 2249 94 32 pour
4038 2250 70 32 que
4141 2244 91 31 dans
4266 2244 52 31 les
4351 2245 274 37 départements
4657 2247 182 37 éprouvés
4870 2248 54 30 les

3912 2283 84 40 plus
4024 2284 137 39 grands
4188 2285 277 38 ménagements
4491 2287 116 30 soient
4634 2288 173 35 apportés
4831 2288 92 32 dans

3911 2322 33 32 le
3969 2328 281 29 recouvrement
4274 2327 64 30 des
4362 2328 145 38 impôts.
4536 2329 74 29 Une
4636 2329 218 31 conférence,
4878 2338 47 22 va

3913 2365 101 30 avoir
4048 2365 73 32 lieu
4154 2368 103 30 entre
4293 2368 49 30 les
4377 2368 314 31 administrations
4726 2370 42 30 de
4802 2370 123 31 l'Inté-

3912 2406 113 37 rieur,
4051 2407 64 30 des
4142 2407 177 32 Finances
4348 2410 36 30 et
4410 2409 43 31 de
4482 2409 272 38 t'Agriculture.
4782 2418 44 23 en
4852 2420 70 22 vue

3900 2446 203 32 -d'assurer
4132 2448 64 31 des
4226 2457 152 24 secours
4409 2450 148 38 rapides
4588 2459 74 23 aux
4691 2452 233 30 viticulteurs

3911 2487 245 33 nécessiteux.

3958 2529 48 31 Le
4036 2530 155 39 Conseil,
4219 2539 95 32 pour
4328 2540 51 23 -se
4409 2533 210 31 conformer
4648 2534 21 30 à
4697 2534 35 31 la
4759 2534 166 32 déclara-

3912 2570 76 31 tion
4017 2570 48 32 diïi
4098 2574 291 37 gouvernement
4417 2574 135 31 devant
4581 2574 53 32 les
4664 2575 211 32 Chambres,
4905 2584 21 23 a

3912 2611 112 32 invité
4050 2614 46 30 M.
4123 2613 113 34 Kiotz,
4263 2614 164 31 ministre
4455 2615 65 30 des
4546 2616 188 31 Finances,
4763 2617 21 30 il
4810 2617 114 31 écrire

3913 2661 47 22 au
3992 2653 189 40 président
4212 2655 43 30 de
4287 2656 35 31 la
4354 2656 240 31 Commission
4627 2657 220 32 sénatoriale
4880 2658 43 31 dl"

3912 2693 142 39 l'impôt
4088 2702 65 23 sur
4187 2695 33 30 le
4254 2703 138 24 revenu
4428 2705 95 30 pour
4556 2698 52 30 lui
4644 2698 201 32 demander
4880 2699 43 31 de

3911 2734 146 31 vouloir
4079 2736 82 30 bien
4187 2736 33 30 le
4243 2738 165 29 recevoir
4433 2739 149 30 aussitôt
4611 2747 69 32 que
4706 2740 171 39 possible.

3958 2776 48 30 Le
4028 2777 165 31 ministre
4216 2777 64 31 des
4301 2779 172 30 Travaux
4495 2780 143 38 publics
4660 2790 21 21 a
4703 2781 146 38 indiqué
4874 2782 50 30 les

3914 2825 166 23 mesures
4120 2818 118 39 prises
4276 2818 172 32 d'accord
4485 2829 87 21 avec
4610 2822 53 30 les
4701 2823 123 30 autres
4862 2823 62 30 dé-

3912 2859 227 38 partements
4162 2859 199 31 intéressés
4384 2869 94 31 pour
4501 2861 92 31 faire
4618 2863 81 30 face
4724 2871 73 23 aux
4821 2863 103 31 inon-

3912 2899 156 32 dations.

3958 2941 47 30 Le
4037 2941 167 31 ministre
4237 2941 49 32 du
4319 2943 211 30 Commerce
4562 2952 21 22 a
4613 2944 141 37 signalé
4785 2945 53 31 les
4872 2946 52 30 in-

3913 2982 236 34 convénients
4182 2980 96 33 dont
4299 2983 140 31 souffre
4471 2985 261 31 actuellement
4761 2986 33 31 le
4827 2994 97 23 com-

3914 3030 130 29 merce,
4075 3031 65 29 par
4170 3024 96 31 suite
4296 3024 43 31 cle
4369 3025 325 31 l'enco)ubretncnt
4724 3027 63 30 des
4819 3028 111 37 quais,

3913 3064 48 30 du
3996 3065 119 30 Havre
4149 3065 34 30 et
4216 3065 44 30 de
4295 3065 136 31 Rouen.
4465 3066 71 30 Des
4571 3075 166 22 mesures
4772 3069 62 30 ont
4868 3068 55 32 été

3913 3104 84 40 déjà
4031 3106 34 30 et
4097 3107 127 30 seront
4255 3113 131 24 encore
4421 3107 117 38 prises
4572 3115 66 31 par
4671 3108 51 31 les
4756 3108 168 40 départe-

3913 3153 118 25 ments
4069 3147 63 30 des
4170 3148 174 30 Travaux
4382 3148 143 37 publics
4562 3150 36 30 et
4632 3149 43 31 de
4713 3150 36 30 la
4786 3153 137 35 Guerre

3912 3194 94 32 pour
4037 3188 137 31 activer
4203 3188 244 32 l'évacuation
4478 3189 64 31 des
4573 3190 276 32 marchandises
4880 3199 41 23 en

3912 3228 213 32 souffrance
4154 3229 92 32 dans
4275 3237 59 23 ces
4364 3230 97 31 deux
4488 3232 113 38 ports,
4632 3230 88 32 dont
4748 3232 36 31 la
4811 3233 111 30 situa-

3915 3270 71 30 tion
4013 3278 39 22 se
4074 3270 218 39 ,euÍnpJique
4314 3271 51 31 du
4392 3271 68 32 fait
4486 3272 42 30 de
4555 3271 37 32 la
4617 3280 87 24 crue
4730 3274 60 37 qui
4818 3281 100 30 para-

3911 3310 79 40 lyse
4022 3310 35 31 la
4086 3311 200 31 batellerie.

3957 3352 68 30 Les
4051 3352 166 32 ministre
4245 3353 63 30 des
4336 3353 167 32 Colonies
4529 3362 20 23 a
4574 3355 259 39 communiqué
4860 3356 64 31 des

3912 3393 190 31 nouvelles
4132 3394 223 31 excellentes
4385 3402 207 32 parvenues
4623 3396 43 31 de
4694 3398 230 35 Mauritanie,

3913 3434 50 31 Or
3994 3435 59 29 n'a
4080 3442 99 32 reçu,
4208 3435 142 31 d'autre
4381 3436 92 40 part.
4503 3444 143 23 aucune
4674 3438 171 31 nouvelle
4874 3438 50 32 du

3912 3475 183 40 prétendu
4130 3476 165 34 désastre
4332 3477 43 31 de
4412 3477 177 32 l'Ouadaï.

4656 3539 208 43 Armée.

3957 3599 51 31 La
4038 3599 110 31 tenue
4180 3600 64 30 des
4278 3600 178 38 officiers.
4488 3618 46 3 —
4562 3601 48 31 Le
4644 3602 150 39 général
4825 3603 99 30 Brun

3911 3640 100 32 vient
4040 3641 43 30 de
4115 3641 173 40 désigner
4318 3642 52 30 les
4401 3643 183 30 membres
4616 3642 42 31 de
4690 3643 35 31 la
4755 3644 167 30 commis-

3912 3681 79 30 sion
4030 3681 166 40 charges,
4235 3690 89 23 sous
4361 3683 36 31 la
4433 3683 216 39 présidence
4687 3684 48 31 du
4775 3685 147 39 général

3911 3723 149 36 Dubois,
4089 3723 182 32 d'étudier
4298 3723 54 32 les
4379 3724 183 34 réformes
4593 3726 20 30 à
4641 3726 173 39 apporter
4843 3727 20 30 à
4891 3726 35 31 la

3912 3765 109 30 tenue
4050 3764 64 31 des
4145 3765 173 31 officiers.
4349 3765 46 32 Ce
4425 3767 82 30 sont
4537 3766 32 31 le
4600 3765 150 40 général
4780 3767 43 31 de
4852 3768 73 31 bri-

3912 3805 92 39 gade
4032 3805 158 37 Verrier,
4219 3806 261 32 commandant
4507 3807 36 31 la
4572 3807 55 31 20°
4652 3808 154 39 brigade
4833 3808 92 31 d'in-

3912 3846 155 31 fanterie
4092 3855 7 22 :
4130 3847 32 30 le
4191 3848 142 30 colonel
4361 3848 131 36 Chêne,
4521 3849 260 31 commandant
4810 3849 31 31 Je
4870 3850 55 30 27°

3912 3887 161 40 dragons
4097 3896 6 28 ;
4131 3888 32 31 le
4188 3888 141 31 colonel
4351 3889 127 31 Lebas.
4504 3889 184 31 directeur
4711 3890 213 32 d'artillerie

3912 3929 20 30 à
3963 3929 210 31 Versailles,
4208 3930 34 30 et
4274 3929 219 32 l'intendant
4523 3930 170 34 militaire
4729 3932 112 31 Gatié.
4875 3933 50 30 La

3913 3970 236 31 commission
4186 3978 91 23 aura
4316 3971 77 30 tout
4431 3971 151 31 d'abord
4618 3972 20 30 à
4674 3971 179 33 résoudre
4889 3974 36 30 la

3911 4011 168 39 question
4103 4011 43 31 (lc
4168 4012 36 30 la
4225 4012 153 30 couleur
4401 4012 63 31 des
4485 4019 199 24 nouveaux
4705 4014 218 31 uniformes.

3912 4053 25 29 1'
3969 4061 24 31 y
4023 4060 91 23 aura
4143 4052 75 31 lieu
4248 4053 43 30 de
4304 4053 152 30 -choisir
4486 4060 72 23 une
4588 4054 72 30 tein
4669 4055 31 30 te
4730 4054 193 32 différente

3912 4093 43 32 de
3985 4093 89 32 celle
4104 4094 64 31 des
4198 4093 143 32 armées
4370 4094 225 40 étrangères.

4644 4158 220 41 Marine.

3957 4217 216 31 L'artillerie
4194 4217 64 31 des
4278 4218 128 39 futurs
4428 4217 195 32 cuirassés.
4642 4236 48 4 —
4707 4218 53 33 On
4780 4227 39 23 se
4839 4226 86 24 sou-

3911 4259 98 31 vient
4045 4267 71 31 que
4153 4259 33 30 le
4223 4266 235 32 programme
4493 4258 120 37 naval,
4651 4260 169 39 présenté
4857 4268 66 32 par

3910 4300 158 31 l'amiral
4098 4300 42 31 de
4168 4300 208 40 Lapeyrère
4406 4308 47 23 au
4482 4307 109 26 cours
4620 4300 43 31 de
4693 4301 36 31 la
4757 4301 166 32 dernière

3911 4341 216 36 législature
4158 4341 151 39 n'ayant,
4340 4349 49 31 pu
4421 4342 81 30 être
4525 4341 95 38 voté,
4651 4341 33 31 le
4712 4342 212 32 Parlement

3913 4383 97 30 avait
4044 4382 126 31 décidé
4207 4382 42 31 de
4286 4382 134 31 limiter
4454 4382 134 31 l'effort
4622 4383 177 31 financier
4834 4384 20 30 à
4888 4384 35 31 la

3911 4424 252 31 construction
4190 4423 44 31 de
4261 4423 98 31 deux
4386 4423 195 31 cuirassés,
4607 4423 33 31 le
4666 4424 196 31 Jean-Bart
4889 4426 34 28 et

3911 4465 34 32 le
3972 4464 170 33 Courbet.
4165 4465 91 30 Lors
4284 4465 44 31 de
4352 4465 38 31 la
4413 4464 91 31 mise
4530 4472 46 24 en
4601 4465 164 30 chantier
4791 4466 43 30 de
4862 4474 60 24 ces

3912 4506 98 31 deux
4039 4506 157 34 navires,
4226 4506 25 30 il
4281 4506 97 31 avait
4408 4505 55 31 été
4491 4506 82 30 bien
4603 4507 161 30 entendu
4794 4507 129 39 qu'au-

3913 4555 71 23 cun
4019 4547 111 31 détail
4164 4547 63 31 des
4262 4547 107 40 plans
4401 4553 45 24 ne
4481 4547 110 31 serait
4625 4547 156 31 modifié.
4815 4548 29 30 Il
4878 4556 44 23 en

3911 4597 83 23 sera
4024 4588 93 31 ainsi
4147 4589 36 30 et
4212 4588 53 31 les
4295 4587 260 31 informations
4586 4588 165 40 publiées
4783 4597 47 23 au
4860 4598 62 22 su-

3910 4631 55 34 jet
3998 4630 48 30 du
4082 4629 134 31 calibre
4250 4629 34 31 et
4317 4629 51 30 du
4400 4629 152 31 nombre
4586 4629 44 31 de
4664 4637 136 23 canons
4833 4630 89 31 dont

3910 4672 45 30 ils
3982 4672 125 29 seront
4134 4670 120 32 armés
4283 4671 84 30 sont
4394 4670 198 31 inexactes.
4618 4671 48 30 Le
4684 4669 146 33 'calibre
4858 4672 64 31 des

3914 4719 136 24 canons
4075 4719 82 24 sera
4182 4711 44 31 de
4249 4711 66 31 305
4340 4711 242 37 millimètres,
4608 4720 139 23 comme
4772 4713 25 29 il
4822 4721 20 23 a
4867 4713 55 31 été

3912 4753 117 40 prévu
4061 4753 34 31 cl
4127 4752 80 31 leur
4238 4751 152 31 nombre
4423 4759 84 24 sera
4537 4752 44 31 de
4614 4752 115 31 douze
4760 4761 67 32 par
4858 4761 64 24 na-

3910 4795 76 22 vipp

4613 4838 251 42 Colonies.

3955 4900 152 31 Mission
4128 4900 20 31 à
4170 4899 216 38 l'étrange}'.
4386 4899 51 38 -
4455 4900 46 30 M.
4521 4899 262 35 Prudhomme.
4806 4900 115 31 direc-

3912 4942 83 31 teur
4028 4942 50 30 du
4109 4941 126 31 Jardin
4269 4940 156 32 colonial
4459 4940 45 31 de
4533 4941 388 39 Nogent-sur-Marne,

3908 4983 100 30 vient
4030 4982 112 30 d'être
4166 4981 135 39 chargé
4324 4988 66 33 par
4412 4981 32 30 le
4466 4981 167 31 ministre
4656 4982 64 30 des
4743 4980 177 38 Colonies,

3912 5023 182 32 d'étudier
4114 5022 277 40 l'organisation
4412 5023 34 30 et
4466 5022 33 31 le
4520 5022 317 32 fonctionnement
4857 5023 64 30 des

3911 5064 144 39 jardins
4086 5064 195 30 coloniaux
4311 5063 252 39 d'Allemagne
4594 5064 34 29 et
4658 5063 44 31 de
4731 5063 189 32 Hollande.

3911 5107 47 29 M.
3985 5105 252 31 Prudhomme
4263 5112 20 23 a
4308 5104 115 40 quitté
4449 5104 117 37 Paris,
4593 5104 90 36 hier,
4710 5111 93 33 pour
4830 5104 90 30 Har-

3911 5146 84 31 lem.

3954 5194 51 30 La
4037 5193 96 31 mort
4163 5192 49 31 du
4244 5191 261 32 commandant
4537 5191 173 37 Rumilly.
4740 5208 48 3 —
4816 5192 101 29 Nous

3909 5241 114 24 avons
4056 5233 176 35 annoncé,
4264 5233 25 30 il
4320 5241 24 31 y
4376 5241 20 23 a
4426 5233 178 39 quelques
4634 5233 118 38 jours,
4784 5239 70 32 que
4885 5232 33 30 le

3908 5275 86 31 chef
4031 5274 44 31 de
4112 5274 177 31 bataillon
4324 5274 164 39 Rumilly
4524 5273 87 31 était
4648 5274 97 30 mort
4781 5273 137 40 empoi-

3907 5315 126 37 sonne,
4062 5316 21 31 à
4110 5315 125 31 Hanoï.

3953 5357 263 31 L'instruction
4255 5356 150 31 ouverte
4445 5363 67 32 par
4549 5355 33 30 le
4620 5355 162 39 Parquet
4819 5355 99 31 vient

3908 5398 114 31 d'èlre
4060 5398 97 30 close
4193 5405 67 31 par
4293 5404 73 24 une
4402 5397 233 30 ordonnance
4671 5396 44 31 de
4751 5396 167 31 non-lieu

3907 5439 140 31 rendue
4086 5446 45 23 en
4171 5438 132 31 faveur
4342 5437 50 31 du
4431 5435 174 33 cuisinier
4643 5437 185 31 annamite
4866 5437 52 31 du

3908 5479 271 32 commandant.
4210 5479 28 30 Il
4267 5486 21 23 a
4316 5477 55 31 été
4399 5477 151 41 prouve,
4579 5485 42 24 en
4652 5478 97 32 effet,
4779 5485 70 32 que
4878 5486 39 23 ce

3908 5520 184 35 cuisinier,
4126 5528 72 32 peu
4232 5518 261 41 expérimenté,
4528 5518 96 32 avait
4658 5519 153 31 commis
4846 5526 72 23 une

3907 5569 129 23 erreur
4065 5568 43 22 en
4136 5560 156 31 mettant
4318 5559 92 31 dans
4438 5567 48 23 un
4516 5559 136 40 ragoût
4680 5559 64 31 des
4772 5560 73 30 sels
4873 5559 44 31 de

3908 5602 124 30 cuivre
4063 5610 47 21 au
4137 5601 74 30 lieu
4239 5600 43 31 de
4312 5600 130 31 farine,
4471 5600 92 31 mais
4592 5600 88 40 qu'il
4708 5600 137 31 n'avait
4871 5608 46 23 eu

3907 5650 143 23 aucune
4080 5642 176 30 intention
4287 5641 212 31 criminelle.
4528 5642 51 30 La
4606 5641 170 30 nouvelle
4804 5641 44 31 de
4878 5649 39 22 ce

3907 5683 162 29 non-lieu
4098 5691 20 22 a
4142 5682 149 31 lil'uLluH
4317 5689 45 22 un
4385 5682 182 31 véritable
4593 5683 256 38 soulagement
4873 5689 43 22 en

3907 5723 209 31 Indochine,
4150 5723 47 30 où
4229 5722 72 31 l'on
4334 5723 59 30 n'a
4425 5731 66 32 pas
4524 5722 121 31 oublie
4676 5723 36 30 la
4745 5722 170 31 tentative

3906 5763 380 40 d'empoisonnement
4319 5763 43 31 de
4396 5763 36 31 la
4463 5764 172 38 garnison
4670 5764 153 30 d'Hanoi
4855 5763 61 40 qui

3906 5805 40 31 lit
3972 5812 48 22 un
4045 5805 30 31 si
4100 5805 118 39 grand
4241 5805 99 31 bruit
4365 5804 141 31 l'aminée
4531 5804 179 32 dernière.

5100 552 282 104 Faits
5448 558 396 104 Divers

5048 742 281 38 TENTATIVE
5361 746 302 39 CRIMINELLE
5693 751 119 39 PRES
5843 753 63 35 DE

5300 803 356 40 RAMBOUILLET

5022 874 58 37 La
5111 877 93 35 nuit
5236 878 198 39 dernière,
5468 882 22 34 à
5523 882 101 37 trois
5657 883 238 36 kilomètres
5929 880 35 41 de
5964 880 24 41 1

4980 919 37 36 la
5042 931 97 35 gare
5167 924 47 34 de
5241 924 282 42 Rambouillet,
5574 929 103 37 trois
5728 940 52 26 ou
5830 934 159 35 quatre;

4979 968 258 37 malfaiteurs
5282 972 70 34 ont
5392 973 111 36 tenté
5547 975 48 35 de
5635 977 107 35 faire
5784 978 204 36 dérailler!

4981 1012 7 34 I
5008 1023 165 34 express
5218 1018 78 40 520,
5340 1019 71 44 qui
5454 1024 121 41 passe
5608 1022 22 35 à
5663 1024 65 36 cet
5761 1025 161 37 endroit
5955 1027 23 38 à

4981 1064 35 29 II
5048 1064 38 31 h.
5110 1064 55 32 32.

5025 1106 76 36 Les
5129 1109 175 44 signaux
5333 1111 150 37 d'arrêt
5511 1114 165 39 avaient
5704 1117 64 36 été
5797 1099 192 54 bloques,

4981 1152 39 34 et
5052 1154 90 43 sept
5172 1166 162 33 grosses
5370 1158 203 38 traverses
5605 1171 53 28 en
5689 1161 91 38 bois
5814 1156 176 44 avaient!

4980 1199 63 34 été
5064 1200 160 43 placées
5248 1212 72 25 sur
5342 1204 56 35 les
5420 1206 131 35 rails.,

5024 1251 98 35 Foi-t
5149 1253 343 46 heureusement,,
5510 1258 59 38 les
5595 1260 169 37 auteurs
5793 1262 49 36 de
5870 1250 119 49 cette

4979 1297 199 37 tentative
5209 1301 230 40 criminelle
5466 1304 208 38 n'avaient
5721 1318 74 28 pas
5847 1297 142 50 prévu!

4979 1352 54 33 qu
5051 1354 52 24 un
5156 1346 111 38 train
5320 1348 48 35 cle
5421 1349 170 37 denrées
5622 1356 204 33 passerait
5856 1350 133 40 avant

4981 1389 10 34 1
5008 1398 177 36 express.

5024 1442 57 35 La
5111 1445 188 36 machine
5331 1447 53 35 du
5416 1448 144 36 convoi
5590 1450 49 36 de
5669 1454 321 35 marchandises

4981 1488 148 36 heurta
5162 1491 56 34 les
5254 1493 203 36 traverses
5490 1496 40 35 et
5562 1495 57 37 les
5651 1506 198 29 repoussa
5882 1503 108 29 hors,

4980 1534 69 35 des
5082 1536 124 39 voies,
5241 1540 38 33 et,
5313 1550 154 26 comme
5501 1542 38 35 la
5570 1543 153 37 vitesse
5757 1546 101 34 était
5891 1538 100 44 mo-l

4980 1580 130 40 dérée,
5143 1593 136 26 aucun
5308 1587 189 35 accident
5523 1598 51 25 ne
5604 1599 43 26 se
5675 1592 219 38 produisit.
5924 1589 67 40 Le

4980 1629 254 38 mécanicien
5262 1631 205 44 s'aperçut
5489 1634 93 36 bien
5607 1636 54 36 du
5685 1637 112 39 chue,
5821 1640 102 35 mais
5951 1642 26 33 il

4979 1675 76 42 put
5081 1677 218 34 continuer
5325 1690 43 23 sa,
5397 1681 127 41 route,
5553 1683 152 39 maigre
5733 1684 57 36 les
5817 1688 161 34 avaries

4980 1721 138 35 subies
5138 1733 74 33 par
5233 1734 44 24 sa
5297 1727 201 36 machine.

5025 1773 203 44 Quelques
5274 1777 176 37 minutes
5498 1780 129 42 après,
5674 1781 192 41 t'express
5912 1784 79 37 5201

4978 1827 133 35 passa,
5134 1821 105 41 Seul,
5266 1822 308 46 )'enregisircur
5591 1827 121 37 de-sa
5735 1823 257 45 locomotive.

4979 1867 65 34 fut
5069 1867 149 35 atteint
5242 1869 38 34 et
5307 1869 137 36 faussé
5451 1882 90 31 par
5564 1884 82 25 une
5670 1874 186 37 traverse
5882 1876 109 38 dont

4979 1912 243 37 l'extrémité
5248 1915 208 44 dépassait,
5478 1928 142 34 encore
5620 1928 102 34 sur
5748 1923 37 35 la
5808 1924 105 35 voie.

5025 1965 54 34 Le
5112 1966 180 45 Parquet
5326 1967 48 36 de
5409 1969 271 40 Rambouillet
5712 1973 97 38 s'est
5841 1960 151 52 trans-l

4978 2012 117 48 porte
5131 2022 70 25 sur
5235 2014 57 35 les
5328 2014 112 36 lieux
5471 2026 104 34 pour
5608 2021 198 40 procéder
5842 2023 22 35 à
5897 2010 95 51 une!

4981 2060 185 43 enquête.

5062 2159 154 56 Vols,
5257 2162 299 58 Meurtres,
5597 2167 300 49 Accidents

5430 2273 121 36 PARIS

5030 2330 53 31 In
5111 2331 174 32 incendie.
5310 2351 47 4 —
5380 2336 49 30 Le
5457 2337 63 31 feu
5548 2338 157 34 éclatait.
5733 2339 37 32 la
5795 2342 77 30 nuit
5900 2339 92 33 (1er-!

4976 2377 112 28 nif;rc.
5111 2372 90 30 dans
5224 2381 46 23 un
5295 2375 192 36 logement,
5510 2379 52 31 51,
5584 2387 66 23 rue
5673 2378 50 33 du
5743 2371 250 41 -Nloiit-C(-,tiis.,

4978 2411 53 29 En
5066 2413 151 31 voulant
5253 2415 160 32 éteindre
5450 2418 52 30 les
5538 2419 178 33 ilammes,
5752 2421 96 32 deux
5885 2421 113 32 loca-i.

4979 2452 9 29 1
4997 2452 93 31 aires
5122 2454 44 30 de
5196 2455 36 30 la
5264 2456 150 32 maison.
5446 2460 94 30 Mme
5570 2461 91 31 Puni
5693 2463 36 31 et
5758 2464 46 28 M.
5835 2463 147 31 Déchet,

4981 2493 62 30 ont
5071 2494 56 30 été
5156 2495 225 37 grièvement
5407 2499 136 32 brûlés.
5573 2501 51 32 oÙ
5655 2512 15 21 a
5702 2502 51 32 dû
5781 2504 54 30 les
5863 2505 120 30 trans-

4980 2534 125 39 purter
5132 2535 197 41 d'urgence
5357 2538 21 30 -,'t
5403 2539 164 41 l'hôpital
5592 2542 250 34 Lariboisière.

5029 2592 172 32 Collision
5231 2603 65 22 rue
5328 2596 43 31 de
5402 2598 153 32 Rennes.
5582 2616 50 5 —
5661 2602 56 30 Un
5748 2603 182 31 taxi-auto
5963 2614 19 20 a

4980 2633 55 30 été
5062 2634 207 40 tamponné,
5294 2644 65 24 rue
5386 2638 44 31 de
5456 2639 152 36 Rennes,
5635 2650 66 25 par
5725 2651 49 22 un
5800 2642 194 33 ti*al-IINN-avi

4978 2674 352 34 Vanves-Malakoff.
5358 2679 103 31 Deux
5490 2688 207 29 voyageurs
5726 2685 61 32 qui
5815 2693 38 23 se
5882 2682 110 35 trou-

4984 2716 117 30 vaient
5130 2716 91 32 dans
5249 2718 259 40 l'automobile,
5538 2722 52 31 les
5620 2723 121 35 époux
5769 2726 125 32 Millet,
5923 2720 70 38 ont

4980 2757 55 29 été
5062 2757 555 32 blessés..;

5025 2816 198 32 Déserteur
5246 2818 130 31 alTdlé.
5399 2837 46 4 —
5467 2821 76 31 Rue
5567 2823 161 34 Myrrha,
5753 2824 64 33 des
5841 2815 152 42 inspec-I

4979 2856 102 31 teurs
5113 2857 43 31 de
5187 2858 36 31 la
5254 2859 128 32 Sûreté
5414 2862 62 30 ont
5508 2863 127 34 arrètc,
5635 2863 112 34 'hier
5778 2866 123 33 matin,
5934 2868 59 29 uni

4979 2898 150 30 matelot
5161 2899 202 38 déserteur,
5394 2902 107 31 Henri
5533 2904 159 32 Poirrie-r
5723 2905 53 32 dit
5806 2908 187 31 Boëiitie(-,i

4980 2938 195 39 originaire
5209 2941 42 30 de
5284 2943 168 30 Mascara
5485 2944 138 37 (Aigërie
5623 2944 47 37 .
5702 2945 198 35 Déserteur
5934 2949 59 32 da,

4980 2980 164 31 croiseur
5194 2981 283 39 Egdar-Quinel.
5530 2986 165 32 Boe:mec
5749 2989 96 31 avait
5898 2986 96 35 dé,j;'¡:

4981 3020 214 33 abandonne
5230 3024 31 29 le
5295 3024 93 30 bord
5422 3025 46 30 du
5504 3026 274 34 Jeunne-d'Arc.
5812 3031 28 31 Il
5874 3039 20 23 a
5928 3023 66 40 été

4978 3062 110 30 remis
5113 3063 20 30 à
5158 3063 170 35 l'auLorite
5328 3063 217 35 iniiit.aire.

5030 3114 113 30 Chute
5179 3117 178 30 mortelle.
5392 3135 47 4 —
5474 3119 234 37 Tranlillnnt,
5744 3122 78 31 hier
5859 3115 134 42 matin,

4985 3162 43 22 au
5058 3156 202 39 cinquième
5289 3158 104 38 e'tage
5420 3159 108 31 d'une
5556 3162 139 30 maison
5723 3170 42 26 en
5796 3167 198 29 cons/rI\('-

4984 3196 84 35 lion,
5099 3202 139 26 avenue
5267 3198 43 31 de
5339 3199 157 38 Suffren,
5526 3201 32 31 le
5611 3203 202 29 carreleur:
5848 3207 145 30 Joseph

4983 3236 113 32 Barra
5120 3239 54 29 est
5199 3239 119 30 tombe
5344 3240 90 32 dans
5458 3241 34 31 la
5517 3242 155 36 cou(:de
5698 3243 233 34 l'innueubie.
5959 3247 34 29 If

4985 3278 54 30 est
5068 3280 93 29 mort
5192 3280 159 39 pendant
5379 3282 109 38 qu'on
5516 3282 33 32 le
5577 3283 240 37 transportait
5848 3288 20 31 à
5897 3277 97 43 l'hô-

4981 3319 89 39 pilai
5100 3319 527 34 Laënncc.,

5031 3371 44 30 Le
5106 3373 54 29 sol
5189 3373 197 39 s'a/'/at.SÂ-e.
5415 3393 45 4 —
5487 3377 76 31 Une
5593 3379 225 35 excavation.
5848 3381 145 33 longue

4985 3413 44 30 de
5055 3413 18 29 2
5100 3413 134 31 mètres
5260 3416 34 29 et
5319 3413 249 41 profonde'de
5593 3419 30 32 0
5623 3419 61 32 m.
5709 3420 53 32 80.
5789 3422 87 31 s'est
5901 3432 84 22 uro-

4986 3453 111 37 duite,
5120 3453 78 31 hier
5221 3455 123 33 matin,
5368 3464 66 23 rue
5457 3457 45 31 de
5522 3459 191 36 Bretagne,
5737 3456 133 39 devant
5894 3459 100 33 l'im-i

4986 3494 144 31 meuble
5154 3495 153 31 numéro
5331 3496 54 31 31.
5409 3498 47 31 Le
5481 3500 361 33 service*'municipal
5867 3512 19 17 a
5910 3506 83 28 pris'

4984 3535 55 32 les
5061 3543 168 23 mesures
5251 3537 236 33 nécessaires.
5927 3568 6 8 ,

4982 3652 377 37 COFFRES-FORTS
5397 3655 187 41 FICHET.
5604 3650 64 49 $8,
5691 3666 68 22 rue
5777 3652 216 41 RÎchdil.'u.'

4981 3699 263 31 RESISTANT.
5260 3701 92 26 AUX
5387 3702 115 27 Ei'FH
5515 3705 22 25 A
5548 3704 163 29 CTÏ&NS
5739 3708 188 29 MÛDERX
5938 3711 21 26 E
5968 3712 24 25 S-

5607 4301 26 16 ~~e

5368 4332 480 188 Liqueur

5040 4776 944 224 COINTREAU

5076 5056 108 196 H
5278 5162 396 92 Triple-
5840 5048 142 786 Jj

687 5940 223 25 FEUILLETON
932 5934 32 29 D'
988 5943 17 22 «
1021 5940 198 26 EXCELSIOR
1235 5945 18 20 »
1278 5944 48 21 DU
1349 5946 9 19 16
1407 5943 194 25 NOVEMBRE
1622 5947 81 27 1910

1647 6017 17 31 1

922 6076 128 108 LA
1110 6078 366 108 MAISON

690 6274 162 82 DES
878 6248 388 108 HOMMES
1290 6248 416 108 VIVANTS

1095 6406 231 35 ROMAN

1175 6489 49 23 DE

762 6550 375 45 CLAUDE
1203 6545 441 50 FARRÈRE

762 6550 375 45 CLAUDE
1203 6545 441 50 FARRÈRE

1058 6709 26 32 A
1108 6717 78 24 mes
1210 6709 103 38 amis,
1338 6709 140 32 Gérard
1501 6710 116 31 d'Houville

1022 6751 32 31 et
1088 6751 111 30 Henri
1233 6751 43 30 de
1309 6751 168 38 Régnier,
1513 6751 194 39 hommage

1015 6790 42 33 de
1097 6791 155 39 respect,
1293 6791 258 32 d'admiration
1590 6793 35 30 et
1664 6793 44 30 de

1020 6832 318 31 reconnaissance.
1359 6850 48 5 —
1427 6833 36 32 C.
1485 6833 36 32 F.

1193 6920 18 36 I

745 7009 290 47 Aujourd'hui,
1067 7014 47 34 20
1141 7014 165 44 janvier
1339 7014 107 42 1909,
1477 7014 40 44 je
1547 7024 64 25 me
1640 7016 69 34 l'é-

700 7066 102 34 sous,
828 7067 81 26 non
934 7068 94 25 sans
1055 7060 161 35 trouble
1242 7061 41 34 et
1306 7069 82 25 non
1413 7070 94 25 sans
1533 7062 176 40 terreur,

699 7103 19 37 à
741 7104 132 35 écrire
890 7104 41 35 le
953 7106 105 34 récit
1079 7107 116 34 exact
1218 7107 47 35 de
1289 7106 248 35 l'Aventure.
1561 7107 47 34 Je
1632 7108 80 42 m'y

698 7151 153 41 résous,
889 7161 119 32 parée
1042 7162 88 34 que,
1168 7153 327 44 aju'ès-demaiu.
1527 7154 42 43 je
1602 7154 108 34 serai

695 7196 121 35 mort.
841 7197 336 44 Après-demain,
1206 7200 224 40 sûrement,
1459 7203 119 31 mort.
1608 7200 104 35 Mort

695 7243 51 36 de.
779 7243 217 36 vieillesse.
1028 7245 46 34 Je
1105 7247 35 32 le
1171 7255 105 26 sons.
1308 7246 48 34 Je
1389 7246 36 34 le
1457 7247 94 33 sais.
1583 7247 47 35 Je
1660 7257 50 24 ne

695 7289 148 45 risque
843 7289 128 45 donc
1001 7291 92 42 plus
1124 7292 268 45 grand'chosé
1422 7292 23 34 à
1475 7301 167 34 rompre
1675 7294 36 34 le

698 7336 167 36 sileftee.
899 7336 53 35 Et
985 7336 41 44 j"1
1061 7338 119 42 crr)is,
1216 7347 47 26 en
1299 7338 147 43 '\''''rite,
1482 7339 99 44 qu'il
1616 7341 93 34 faut

697 7391 176 36 rompre,
903 7393 107 33 pour
1040 7384 34 34 le
1103 7382 130 46 rejtos.
1265 7385 36 34 la
1329 7385 98 44 paix
1454 7388 37 31 et
1524 7386 37 34 la
1589 7386 121 34 sécu-

696 7429 83 38 fiLe
810 7429 48 35 de
892 7430 93 34 tous
1020 7430 56 34 les
1110 7430 184 36 hommes
1329 7433 40 33 et
1401 7432 48 35 de
1485 7432 134 35 toutes
1654 7433 57 35 les

697 7475 176 36 femmes
907 7476 211 44 ignorants
1153 7479 39 32 et
1224 7477 202 36 menacés.
1461 7478 90 40 Moi,
1587 7478 40 44 je
1661 7488 51 26 ne

697 7524 162 41 compte
887 7523 104 43 plus.
1018 7522 336 44 Après-demain,
1383 7525 40 43 je
1453 7525 108 34 serai
1591 7526 119 33 mort.

697 7567 94 36 Ceci
824 7569 61 34 est
916 7569 101 34 donc
1049 7570 269 42 proprement
1349 7579 95 25 mon
1477 7571 232 42 testament,

698 7617 97 32 luon
831 7615 222 34 testament
1088 7615 235 45 olographe.

751 7660 47 35 Je
829 7660 117 45 lègue
976 7661 22 35 il
1028 7661 93 34 tous
1151 7663 56 33 les
1238 7662 184 35 hommes
1455 7664 40 34 et
1524 7664 22 34 à
1575 7664 137 37 toutes

700 7707 58 35 les
790 7704 174 39 fournies
995 7707 71 44 qui
1098 7707 144 35 furent.
1272 7716 85 27 mes
1389 7709 133 35 frères
1555 7711 41 34 et
1625 7720 87 25 mes

700 7761 131 27 sœurs
872 7753 38 35 la
947 7753 259 45 divulgation
1244 7753 52 35 du
1337 7758 144 31 secret.
1523 7756 84 40 Que
1646 7766 67 25 ma

698 7799 210 36 vieillesse
939 7802 39 32 et
1010 7809 77 34 que
1118 7809 66 25 ma
1214 7800 108 34 mort
1353 7801 165 35 servent
1549 7802 162 36 d'aver-

701 7845 227 36 tissement.
954 7846 112 35 Telle
1093 7846 60 35 0'31.
1177 7855 67 26 ma
1268 7846 190 36 dernière
1481 7848 181 35 yolonlé.

754 7939 32 34 Il
826 7938 91 34 faut
954 7938 166 36 d'abord
1158 7939 122 44 qu'on
1318 7940 36 34 le
1392 7940 121 34 sache
1538 7950 6 25 :
1583 7940 41 44 je
1662 7951 51 25 ne

701 7985 88 34 suis
829 7993 73 34 pas
945 7985 83 34 fou.
1070 7985 47 35 Je
1158 7985 86 35 suis
1288 7986 426 43 irréprochablement

702 8032 92 34 sain
827 8030 180 44 d'esprit.
1046 8031 40 33 et
1120 8032 132 34 même
1286 8032 48 34 de
1368 8042 131 33 corps,
1536 8033 177 44 puisque

701 8077 43 44 je
777 8086 51 24 ne
865 8077 87 33 suis
988 8078 160 35 malade
1184 8077 199 36 (t'au<:'uue
1419 8079 178 34 maladie
1619 8088 8 31 ;
1663 8101 53 4 —

702 8124 125 33 vieux
860 8123 238 37 seuiemeut,
1132 8123 125 35 vieux
1291 8133 51 26 au
1375 8124 88 35 delà
1496 8124 48 34 de
1578 8125 135 34 toutes

703 8168 61 37 l#s
789 8169 231 37 vieillesses
1047 8169 231 38 humaines.
1304 8170 80 37 J'ai
1410 8190 51 7 —
1488 8169 188 38 combien
1698 8171 16 35 ?

1761 5958 53 4 —
1846 5936 314 45 quatre-vingts
2184 5937 16 35 ?
2234 5938 92 34 cent
2349 5938 16 34 ?
2398 5938 94 35 cent
2521 5937 118 45 vingt
2670 5946 72 26 ans
2765 5937 17 34 ?

1762 5982 48 36 Je
1845 5993 51 24 ne
1933 5983 83 34 sais
2054 5993 52 24 au
2141 5984 137 43 juste..
2304 5985 31 33 Il
2372 5984 173 35 n'existe
2583 5985 91 34 rien
2711 5983 71 45 qui

1763 6030 142 43 puisse
1940 6030 102 34 lixer
2075 6039 92 26 mon
2203 6031 226 34 sentiment
2462 6031 211 35 IÙ-drssus
2698 6040 6 24 :
2740 6030 41 34 ni

1766 6085 178 34 preuves
1980 6076 160 42 écrites,
2178 6077 110 35 actes
2323 6077 125 35 d'état
2482 6078 96 34 civil
2614 6087 52 25 ou
2702 6086 76 25 au-

1764 6122 94 42 tres,
1903 6124 40 33 ni
1987 6124 228 37 souvenirs,
2258 6124 43 35 ni
2342 6124 281 46 témoignages
2664 6124 116 34 d'au-

1764 6176 104 29 cune
1902 6171 122 34 sorte.
2060 6170 140 36 MÔrne,
2235 6170 40 44 je
2309 6180 50 25 T10
2392 6171 108 45 puis
2520 6181 74 35 pas
2627 6171 153 44 appré-

1764 6216 85 34 cier
1888 6226 95 25 mon
2015 6217 80 44 .âge
2135 6217 161 44 d'après
2335 6227 86 25 nies
2461 6218 232 34 sensations
2734 6217 47 35 de

1763 6263 205 35 vieillard.
2001 6264 76 34 Car
2104 6264 41 43 je
2174 6272 50 26 ne
2254 6264 86 34 suis
2369 6264 126 34 vieux
2525 6273 78 35 que
2634 6264 147 43 depuis

1765 6309 92 44 trop
1883 6320 82 33 peu
1993 6310 48 35 de
2066 6310 130 44 jours.
2224 6310 47 35 Je
2297 6311 79 34 n'ai
2406 6320 72 34 pas
2507 6320 50 25 eu
2585 6311 35 34 le
2647 6312 134 41 temps

1764 6354 49 36 de
1851 6356 251 35 m'habituer
2141 6357 21 34 à
2200 6366 44 25 ce
2282 6357 274 43 changement
2594 6357 186 34 soudain.

1764 6401 50 34 Et
1843 6403 112 35 toute
1981 6404 290 44 comparaison
2295 6404 33 35 m
2328 6404 85 35 est
2440 6403 240 44 impossible
2706 6413 74 24 en-

1765 6447 61 36 tro
1849 6459 66 26 ma
1933 6450 211 35 vieillisse
2166 6450 203 34 séculaire
2392 6449 41 35 et
2452 6450 181 34 d'autres
2655 6450 125 33 vieil-

1765 6496 123 34 lesses
1926 6496 133 35 moins
2096 6496 219 44 caduques,
2355 6505 79 35 que
2470 6497 42 42 je
2548 6496 80 34 n'ai
2664 6496 119 43 point

1764 6550 180 27 connues
1991 6543 366 34 antérieurement.
2405 6542 105 35 C'est
2553 6542 91 35 tout
2687 6542 95 35 d'un

1764 6598 104 34 coup
1894 6590 80 43 que.
1974 6590 64 43 je
2064 6587 90 37 sûis
2178 6589 160 35 devenu
2364 6598 44 26 ce
2433 6598 80 35 que
2536 6589 42 44 je
2602 6589 126 35 suis...

1814 6635 78 35 J'ai
1926 6636 84 35 très
2046 6635 122 42 froid,
2204 6636 166 34 surtout
2404 6636 23 35 à
2461 6636 233 35 l'intérieur
2728 6635 54 35 du

1765 6690 128 35 corps,
1933 6683 100 34 dans
2070 6692 67 25 ma
2172 6682 117 34 chair
2326 6684 38 33 et
2401 6682 100 35 dans
2537 6692 94 25 mon
2670 6692 109 34 sang,

1765 6727 99 36 dans
1901 6728 38 35 la
1974 6730 149 33 moelle
2161 6728 47 35 de
2246 6738 85 25 mes
2369 6738 42 26 os
2449 6730 124 34 aussi.
2609 6729 48 34 Je
2695 6729 86 34 suis

1764 6774 170 45 fatigué,
1990 6776 178 43 fatigué,
2203 6775 312 42 horriblement,
2571 6775 40 36 et
2662 6775 120 35 d'une

1765 6821 159 45 fatigue
1955 6822 207 44 qu'aucun
2191 6830 121 35 repos
2340 6821 151 45 jamais
2521 6832 50 25 ne
2601 6823 179 42 soulage.

1765 6868 108 35 Tous
1903 6877 86 26 mes
2020 6868 207 36 membres
2257 6867 94 36 sout
2379 6868 162 43 gourds,
2575 6869 41 34 et
2645 6870 136 33 toutes

1764 6923 86 26 mes
1882 6915 296 38 articulations
2205 6914 311 36 douloureuses.
2549 6914 82 35 Mes
2663 6914 118 35 dents

1764 6960 193 45 claquent
1980 6970 94 25 sans
2099 6969 115 27 cesse
2238 6961 40 34 et,
2299 6960 190 36 branlent
2517 6969 51 26 au
2592 6961 115 44 point
2733 6961 49 33 de

1764 7007 129 34 n'être
1947 7008 90 42 plus
2089 7007 156 35 bonnes
2298 7016 106 34 pour
2456 7007 180 35 mâcher.
2690 7008 90 33 Mon

1765 7062 130 35 corps,
1932 7053 377 37 irrésistiblement,
2344 7062 43 26 se
2419 7051 152 37 courbe
2604 7054 36 34 et
2677 7063 102 34 pen-

1765 7099 74 34 che
1868 7109 95 26 vers
1994 7101 37 33 la
2061 7101 122 33 terre.
2215 7100 47 34 Je
2290 7099 91 34 vois
2411 7099 10 34 i
2432 7098 151 37 rouble
2606 7101 37 32 et
2673 7101 106 42 j'en-

1767 7145 115 36 tends
1913 7147 158 34 confus.
2098 7143 52 39 Et
2178 7145 186 40 chacune
2394 7145 48 35 de
2472 7153 65 27 ces
2568 7147 211 34 soutl'ran-

1765 7201 65 26 ces
1856 7192 117 34 m'est
1999 7191 131 46 aiguë,
2156 7201 127 35 parce
2308 7201 78 34 que
2411 7200 146 26 neuve.
2583 7192 62 34 En
2672 7194 110 33 sorte

1766 7238 201 44 qu'aucun
2009 7237 87 36 être
2150 7239 102 33 n'est)
2303 7238 313 43 probablement
2669 7238 112 40 Blutai,

1765 7284 220 35 misérable
2015 7292 79 37 que
2126 7285 121 34 moi...

1818 7336 101 34 Mais
1948 7344 45 27 ee
2018 7336 106 36 v'est
2150 7337 93 42 plus
2276 7345 77 35 que
2382 7345 106 35 pour
2516 7336 108 36 deux
2651 7337 128 43 jours.

1765 7383 108 34 deux
1897 7382 118 43 jours
2044 7383 22 34 à
2093 7383 121 44 peine
2239 7383 7 34 !
2277 7381 328 47 quarante-lmit
2631 7384 151 35 heures

1769 7446 48 8 —
1842 7428 109 35 deux
1977 7429 111 34 mille
2117 7430 92 33 huit
2237 7429 95 34 cent
2359 7430 312 40 quatre-vingts
2699 7430 82 35 mi-

1766 7475 69 35 nul
1845 7484 42 26 es
1912 7491 52 10 ---
1988 7475 101 35 l'ion
2089 7475 68 35 ,-
2179 7475 41 43 je
2247 7468 120 42 vfons
2393 7475 49 35 de
2469 7476 180 34 calculer
2675 7476 108 35 cette

1767 7521 116 35 foule
1910 7520 130 45 petite
2069 7521 137 37 durée,
2240 7521 40 35 et
2311 7530 95 25 mon
2435 7530 112 26 cceur
2574 7521 72 35 bat
2674 7522 106 35 d'es-

1767 7567 131 41 poir...
1931 7567 80 41 oui,
2048 7567 188 41 d'espoir,
2273 7568 182 40 quoique
2490 7568 37 34 la
2561 7568 109 34 mort
2702 7569 80 33 soit

1768 7623 79 25 une
1887 7606 171 42 terrible
2099 7613 133 36 chose,
2275 7613 95 43 pius
2411 7614 181 40 terrible,
2636 7615 143 41 certes,

1767 7669 78 35 que
1873 7658 58 36 les
1958 7659 165 35 vivants
2151 7669 49 25 ne
2230 7659 258 44 l'imaginent
2510 7660 6 33 !
2545 7660 48 33 Je
2622 7660 36 34 le
2686 7660 93 42 sais,

1766 7706 82 34 moi
1871 7727 52 3 —
1945 7705 82 34 moi
2052 7703 100 37 seul.
2178 7706 101 34 Mais
2293 7705 262 44 \qu'.imporLe
2578 7706 6 38 !
2611 7715 66 25 ma
2701 7706 77 42 vie,

1768 7761 45 25 en
1845 7750 144 36 vérité,
2021 7752 104 34 n'est
2152 7752 93 43 plus
2276 7760 83 26 une
2387 7751 106 35 vie...

1820 7805 95 34 Non,
1950 7803 42 36 je
2027 7813 48 25 ne
2109 7804 86 34 suis
2228 7813 91 28 pas;
2337 7805 84 33 fou.
2456 7803 76 34 J'ai
2571 7803 110 35 toute
2717 7814 65 25 ma

1768 7850 103 35 libre
1908 7850 149 35 raison,
2097 7849 48 42 et,
2183 7849 50 35 de
2266 7839 106 54 plits,
2408 7849 40 44 je
2483 7849 90 34 vais
2610 7851 170 33 mourir.

1767 7896 118 34 Deux
1930 7896 143 34 motifs
2120 7905 105 33 pour
2257 7905 82 34 que
2370 7895 41 44 je
2443 7904 50 24 ne
2527 7895 136 34 meule
2697 7905 82 34 pas,

1767 7941 108 36 deux
1908 7941 144 35 motifs
2086 7950 105 34 pour
2225 7942 124 43 qu'on
2383 7950 50 26 ne
2467 7941 123 34 doute
2625 7950 73 35 pas
2733 7941 49 35 de

1768 7997 65 25 ma
1868 7987 194 35 véracité.
2100 7987 60 34 Oh
2184 7987 7 34 !
2228 7987 109 43 pour
2373 7987 173 35 l'a.mour
2581 7986 49 35 de
2664 7988 118 34 votre

1768 8034 116 40 Dieu,
1912 8033 34 34 si
1970 8042 103 25 vous
2099 8043 50 24 en
2174 8037 94 31 aVez
2292 8038 70 37 fm,
2389 8043 51 25 ne
2465 8033 144 36 douiez
2636 8042 72 34 pas
2734 8033 48 34 de

1768 8089 65 24 ma
1861 8079 194 34 véracité',
2086 8089 102 25 vous
2218 8078 89 44 qui
2322 8080 214 34 trouverez
2567 8085 58 26 ce"
2641 8079 142 33 cahier

1768 8125 51 34 où
1841 8125 149 43 j'écris,
2014 8134 103 25 vous
2140 8126 70 42 qui
2235 8126 100 33 lirez
2360 8126 35 34 le
2418 8125 105 35 récit
2545 8125 48 34 de.
2618 8125 162 34 l'Aven-

1768 8170 93 36 ture
1885 8170 7 36 !
1919 8171 32 35 il
1974 8180 49 26 ne
2048 8170 117 46 ;:,'l\gil
2188 8181 73 35 pas
2290 8172 48 35 de
2362 8172 139 36 contes
2526 8171 116 37 bleus
2666 8171 43 35 ni
2734 8171 49 36 de

2838 5937 211 36 fariboles.
3080 5939 32 33 Il
3143 5938 119 45 s'agit
3290 5938 54 35 du
3377 5939 91 43 plus
3500 5938 170 35 terrible
3700 5938 162 45 danger;

2837 5982 71 46 qui
2936 5984 151 44 jamais
3117 5985 57 35 ait
3204 5985 63 36 été
3296 5985 211 44 suspendu
3535 5995 72 25 sur
3635 5994 114 25 nous,
3781 5994 71 25 sur

2836 6029 118 36 votre
2993 6030 64 34 lils
3109 6040 52 25 ou
3213 6041 71 25 sur
3333 6032 119 34 votre
3491 6032 93 42 lille,
3625 6041 72 24 sur
3735 6032 128 34 votre;

2840 6077 152 35 femme
3044 6087 52 25 ou
3148 6088 72 24 sur
3268 6078 125 35 votre
3425 6087 109 26 sœur
3558 6078 7 34 !
3606 6079 55 33 Ne
3702 6078 35 34 le
3776 6077 72 35 dé-

2837 6124 169 44 daignez
3040 6134 84 34 pas,
3160 6135 51 25 ne
3246 6125 171 35 haussez
3451 6134 73 35 pas
3560 6125 57 34 les
3652 6124 169 45 épaules
3845 6124 6 34 !

2836 6170 47 35 Je
2907 6180 49 25 ne
2980 6171 86 34 suis
3093 6181 70 33 pas
3187 6172 83 42 fou,
3298 6172 41 34 et,
3362 6172 37 34 la
3422 6173 110 34 mort
3555 6171 60 35 est
3639 6180 72 26 sur
3733 6170 119 35 votre

2837 6217 95 34 tête.
2965 6218 57 33 IVe
3051 6218 82 34 riez
3164 6228 84 33 pas,
3283 6218 106 41 lisez,
3423 6227 251 34 comprenez,
3710 6226 151 34 croyez

2836 6264 40 34 et
2904 6264 124 34 faites
3058 6265 162 34 ensuite
3247 6274 44 25 ce
3321 6274 78 35 que
3426 6273 102 26 vous
3556 6264 166 45 jugerez
3751 6263 99 45 qu'il

2836 6311 93 34 faut
2956 6311 118 34 faire.

2890 6363 237 35 Pardonnez
3158 6363 20 35 à
3209 6373 64 25 ma
3304 6363 142 36 vieille
3476 6363 111 35 main
3618 6363 70 44 qui
3719 6355 130 42 trem-

2834 6408 78 35 ble.
2945 6409 55 34 Ne
3030 6419 102 24 vous
3164 6410 166 34 rebutez
3360 6420 73 32 pas
3464 6409 48 35 de
3543 6419 94 24 mon
3668 6409 182 35 écriture

2837 6465 178 36 presque
3038 6455 180 36 illisible.
3241 6456 73 35 J'ai
3342 6456 144 35 trouvé
3508 6465 44 26 ce
3573 6465 152 35 crayon
3747 6455 100 35 dans

2838 6503 37 33 la
2900 6502 217 43 poussière
3142 6502 48 35 de
3216 6503 38 34 la
3278 6503 120 35 route
3420 6513 7 31 ;
3456 6503 26 34 il
3508 6502 60 35 est
3594 6503 74 34 usé
3694 6503 40 34 et
3759 6505 92 41 trop

2837 6549 116 34 court
2983 6557 105 34 pour
3116 6559 78 33 que
3221 6559 86 25 mes
3336 6549 133 44 doigts
3498 6549 137 36 raides
3663 6549 191 45 puissent

2835 6595 242 35 facilement
3113 6596 36 34 le
3184 6596 121 34 tenir.
3343 6595 50 35 Ce
3429 6595 176 44 registre
3640 6605 82 25 non
3756 6595 94 44 plus

2835 6641 104 34 n'est
2967 6646 78 39 pas'
3067 6641 83 35 très
3178 6642 220 35 commode.
3426 6642 77 35 Les
3530 6651 124 35 pages
3682 6651 50 25 en
3759 6641 91 35 sont

2837 6688 220 35 encadrées
3097 6687 119 36 d'une
3256 6689 111 43 large
3405 6688 180 34 bordure
3624 6689 117 35 noire
3779 6687 71 45 qui

2835 6733 191 46 m'oblige
3056 6733 22 35 à
3105 6738 140 31 serrer
3275 6743 86 26 mes
3393 6734 141 44 lignes.
3567 6734 101 35 Mais
3698 6734 41 45 je
3769 6733 80 35 n'ai

2835 6790 94 35 pas
2946 6780 158 35 d'autre
3157 6781 154 44 papier.
3360 6780 53 35 Et
3461 6781 227 42 peut-être,
3728 6780 119 35 d'ail-

2839 6828 120 35 leurs.
3002 6827 158 34 vaut-il
3202 6828 150 41 mieux,
3395 6827 157 42 maigre
3593 6826 256 35 l'incommo-

2836 6873 95 42 dité,
2962 6883 78 34 que
3066 6874 169 43 j'écrive
3262 6883 72 25 sur
3360 6882 44 26 ce
3430 6873 254 44 registre-là,
3714 6872 137 45 plutôt

2835 6929 79 35 que
2946 6929 72 25 sur
3051 6919 87 35 tout
3169 6920 156 35 autre...

2886 6966 156 34 J'écris.
3077 6967 108 33 Pour
3216 6967 172 34 l'amour
3419 6965 49 35 de
3497 6965 117 35 votre
3647 6966 117 41 Dieu,
3798 6975 50 25 ne

2836 7013 145 34 doutez
3014 7021 83 35 pas,
3133 7013 106 41 lisez,
3274 7021 251 35 comprenez,
3559 7021 181 34 croyez...

3325 7106 38 35 II

2888 7197 216 45 L'origine,
3144 7207 45 26 ce
3224 7198 67 34 fut
3311 7207 95 25 une
3444 7196 120 35 lettre
3578 7196 77 34 du
3691 7196 156 35 colonel

2836 7245 198 41 Terrisse,
3067 7245 210 34 directeur
3307 7244 48 34 de
3386 7242 230 37 l'artillerie
3647 7242 47 34 de
3725 7242 120 42 terre,

2837 7300 50 32 ay
2921 7290 263 35 vice-amiral
3216 7290 49 35 de
3296 7291 151 38 Pierce.
3470 7288 300 35 commandan)
3799 7298 50 25 en

2835 7337 106 36 clK'f,
2987 7337 138 43 préfet
3167 7336 220 35 maritime,
3420 7334 289 36 commandant
3738 7334 108 35 d'ar-

2836 7394 85 24 mes
2950 7383 40 33 et
3017 7392 263 34 gouverneur
3308 7383 47 33 de
3384 7382 169 35 Toulon,
3584 7380 113 34 (jette
3727 7380 121 35 lettre

2836 7430 140 34 arriva
3006 7429 99 34 dans
3152 7429 55 34 les
3251 7429 186 34 bureaux
3480 7427 48 34 de
3574 7426 274 43 J'(.tat-majol'

2837 7486 95 24 avec
2960 7476 33 33 le
3017 7475 189 34 courrier
3229 7475 54 34 du
3306 7475 96 33 soir.
3429 7473 141 34 <reLai(
3597 7473 37 33 le
3660 7472 114 35 lundi
3799 7471 45 35 21

2836 7522 216 35 décembre
3084 7522 136 33 1908...
3251 7520 88 37 Oui,
3369 7523 34 31 Je
3431 7520 45 35 21
3507 7517 216 36 décembre
3750 7517 96 35 der-

2835 7569 103 34 nier.
2966 7568 28 33 Il
3023 7567 66 44 n'y
3115 7577 22 23 a
3161 7577 74 33 pas
3263 7575 146 25 encore
3434 7575 56 25 un
3516 7564 104 36 mois
3647 7564 49 35 de
3722 7565 124 33 cela...

2837 7616 31 33 Il
2900 7625 26 31 y
2956 7623 102 25 aura
3089 7622 56 24 un
3174 7612 105 35 mois
3310 7611 175 41 demain,
3517 7620 57 25 un
3604 7610 116 42 mois,
3751 7610 97 43 jour

2836 7669 105 34 pour
2979 7660 133 43 jour...
3153 7659 60 34 Un
3257 7658 115 42 mois,
3415 7658 91 34 rien
3546 7656 125 44 qu'un
3710 7656 105 34 mois
3839 7655 7 35 !

2836 7707 61 34 Ah
2922 7707 7 34 !
2959 7706 126 35 dieux
3113 7705 55 34 du
3196 7704 76 35 ciel
3304 7705 40 34 et
3372 7704 48 35 de
3451 7703 144 34 l'enfer
3618 7702 46 34 !...

2888 7759 57 34 La
2980 7757 121 35 lettre
3148 7756 54 35 du
3249 7755 154 35 colonel
3452 7754 209 36 directeur
3708 7754 139 34 arriva

2836 7805 101 34 donc
2966 7813 95 25 avec
3090 7804 35 33 le
3149 7801 191 36 courrier
3365 7803 54 34 du
3446 7801 85 34 soir
3557 7800 99 35 dans
3684 7800 57 34 les
3766 7799 79 35 bu-

2836 7859 130 25 reaux
3019 7849 47 34 de
3122 7848 284 44 l'etat-major,
3464 7846 274 43 l'état-major
3793 7846 53 34 du

2835 7895 326 44 gouvernement
3188 7893 210 43 militaire,
3429 7893 96 35 bien
3553 7892 189 41 entendu,
3774 7901 73 34 pas

2835 7942 108 34 celui
2970 7941 48 34 de
3044 7941 38 33 la
3107 7940 238 43 préfecture
3372 7939 92 35 mari
3464 7939 129 35 Lime.
3619 7939 34 32 A
3678 7938 166 41 Toulon,

2836 7996 157 26 comme
3034 7987 99 33 dans
3176 7986 57 34 les
3272 7986 147 43 quatre
3460 7984 140 35 autres
3640 7984 125 44 ports,
3810 7984 37 35 le

2834 8032 268 37 vice-amiral
3135 8031 289 34 commandant
3456 8040 49 24 en
3535 8030 96 34 chef
3662 8030 62 34 est
3755 8030 21 33 à
3809 8030 38 34 la

2836 8078 81 34 fois
2950 8077 137 43 préfet
3117 8077 210 34 maritime
3359 8078 39 32 et
3428 8085 274 35 gouverneur.
3733 8075 51 34 Et
3817 8075 28 34 il

2836 8124 135 34 réside
3003 8123 100 34 dans
3138 8122 136 34 l'iiôlel
3308 8122 48 34 de
3391 8123 36 33 la
3462 8122 245 43 préfecture,
3743 8121 100 34 lais-

2837 8170 92 36 sant
2957 8170 23 35 à
3009 8178 73 27 son
3108 8167 166 46 général
3304 8168 160 45 adjoint
3492 8168 138 36 l'hôtel
3658 8167 54 35 du
3740 8175 103 37 gou-

3910 5940 250 35 vernement.
4195 5940 61 34 En
4289 5940 110 35 sorte
4432 5949 79 36 que
4546 5940 56 35 les
4636 5940 281 35 communica-

3909 5985 107 35 tions
4042 5986 95 36 d'un
4165 5987 248 44 état-major
4439 5987 22 35 à
4488 5987 144 34 l'autre
4659 5996 42 25 se
4729 5986 90 35 font
4845 5995 74 35 par

3907 6032 232 44 téléphone.
4166 6032 335 42 Naturellement,
4530 6033 27 34 il
4581 6043 27 34 y
4631 6042 21 26 a
4675 6042 57 25 un
4755 6032 43 35 fil
4823 6032 95 44 spé-

3906 6079 90 38 cial,
4028 6079 22 35 à
4079 6089 121 26 cause
4230 6080 53 34 du
4312 6080 142 40 secret,
4485 6079 160 43 parfois
4674 6079 244 35 nécessaire.

3958 6126 143 35 J'étais
4152 6126 99 35 dans
4304 6126 37 40 le
4391 6125 159 35 bureau
4603 6126 69 34 des
4722 6125 194 40 officiers,

3908 6172 136 44 quand
4073 6173 139 34 arriva
4240 6174 37 33 la
4306 6172 133 35 lettre.
4470 6171 104 35 C'est
4601 6172 81 34 moi
4713 6171 71 44 qui
4814 6171 102 34 l'ou-

3905 6219 97 41 vris;
4051 6229 49 25 en
4143 6219 257 44 dépouillant
4443 6219 36 34 le
4522 6218 225 35 courrier...
4793 6218 124 33 Parce

3907 6266 116 43 qu'en
4065 6275 43 25 ce
4149 6265 211 43 ternps-Ià,
4401 6264 138 36 c'était
4576 6264 22 35 à
4636 6264 81 35 moi
4757 6263 48 35 de
4843 6262 72 35 dé-

3907 6313 176 42 pouiller
4108 6313 35 34 le
4165 6312 188 35 courrier
4376 6311 54 35 du
4453 6310 325 45 gouvernement
4801 6308 114 34 mili-

3910 6359 102 34 taire
4037 6368 6 25 :
4082 6358 135 43 j'étais
4256 6358 162 34 officier
4456 6357 48 35 de
4543 6356 214 41 cavalerie,
4799 6354 115 43 capi-

3907 6406 111 33 taine
4073 6404 168 35 breveté
4298 6403 317 43 d'état-inajor;
4688 6402 39 34 et
4779 6400 136 44 j'étais

3904 6452 125 43 jeune
4053 6461 6 25 :
4083 6451 146 44 j'avais
4257 6450 264 35 trente-trois
4545 6458 82 33 ans,
4654 6448 90 35 tout
4766 6448 148 42 juste...

3906 6498 31 34 Il
3959 6498 65 43 n'y
4046 6507 22 25 a
4088 6507 73 34 pas
4184 6506 144 26 encore
4351 6506 56 25 un
4427 6496 104 35 mois
4555 6495 48 36 de
4625 6495 96 41 cela,
4745 6503 72 35 pas
4841 6496 85 32 en-

3905 6554 93 25 core
4031 6554 57 24 un
4119 6544 140 35 mois...

3957 6596 179 35 J'ouvris
4172 6596 37 35 la
4243 6596 121 34 lettre
4400 6595 40 35 et
4471 6595 41 43 je
4547 6595 38 33 la
4619 6594 75 34 lus.
4728 6592 88 35 Elle
4850 6601 65 24 me

3905 6643 125 43 parut
4054 6652 50 25 ne
4131 6642 215 44 présenter
4373 6650 135 26 aucun
4535 6640 162 35 intérêt.
4725 6639 57 34 La
4806 6638 109 34 voici

3905 6690 96 34 d'un
4026 6689 101 35 bout
4156 6689 22 34 à
4208 6689 144 34 l'autre
4377 6697 6 25 :
4414 6697 50 26 en.
4491 6686 65 35 cet
4585 6685 157 36 instant
4770 6685 142 41 même,

3903 6736 84 44 j'en
4020 6735 38 35 ai
4093 6735 36 34 le
4163 6736 111 34 texte
4306 6743 96 26 sous
4436 6734 57 34 les
4525 6742 110 34 yeux
4664 6754 53 4 —
4749 6731 178 40 exacte-:

3904 6778 114 38 ment
4046 6790 94 26 sous
4171 6782 57 34 les
4255 6790 108 36 yeux
4386 6790 7 25 :

3914 6867 57 22 XVe
3991 6868 100 21 COUPS
4111 6862 143 26 D'AMtËE

3952 6920 112 22 n.ACK
4103 6919 112 23 FORTE

3929 6948 90 23 X-OKT
4050 6947 122 22 -MILITA
4178 6947 36 22 Ut
4220 6948 16 21 H

3980 6977 46 21 DE
4053 6975 139 24 'l'oL'LON

4020 7032 130 24 Direction

4067 7060 32 22 de

3921 7088 154 25 l'Artillerie
4108 7088 31 23 de
4172 7088 76 22 Terre

4026 7145 39 22 -\u
4095 7144 45 23 2S1

4018 7206 95 21 (IB,IE'I'

3904 7230 117 23 Poteaux
4055 7228 210 26 télégraphiques

4041 7256 82 24 brisés

4416 6860 139 32 Toulon,
4578 6861 31 25 21
4636 6859 175 28 décembre
4839 6859 72 26 1008.

4430 6963 44 26 Le
4505 6961 131 27 colonel
4669 6961 161 31 Tarisse,
4862 6961 48 26 Ili,-

4471 6998 135 25 recteur
4642 6997 41 25 de
4720 6996 192 26 [,:ll'lilll'J'iÍ?

4472 7032 41 25 de
4547 7032 111 30 Terre,
4690 7031 18 25 à
4739 7030 174 26 Monsieur

4471 7066 30 26 le
4559 7069 206 23 ince-anurai
4822 7070 87 21 com-

4469 7101 161 26 mandant
4655 7106 40 20 en
4723 7099 94 33 chefy
4833 7099 75 34 pré-

4471 7136 48 30 fet
4580 7135 179 31 ■maritime,
4820 7139 88 21 com-

4469 7170 162 26 '¡Jl/milall/;
4682 7170 145 26 I['al'mes
4879 7169 32 26 et

4471 7209 216 27 i/ouverneur
4734 7204 41 26 de
4825 7204 83 26 Ton-

4469 7240 65 26 ton.

3944 7347 68 31 .l'ai
4047 7346 193 31 )'))onneur
4273 7345 44 31 de
4349 7352 94 23 vous
4477 7344 131 30 rendre
4643 7342 145 39 compte
4825 7349 81 32 que,

3904 7389 33 29 le.
3959 7389 38 29 1!1
4020 7388 193 31 décembre
4238 7386 164 31 courant.
4425 7385 54 30 les
4503 7385 160 38 piileaux
4688 7383 220 40 télégraphi-

3906 7438 91 29 ques
4023 7433 55 27 nos
4106 7428 67 32 171.
4199 7429 69 31 17:!.
4295 7427 68 35 173,
4388 7427 58 30 171
4471 7426 29 29 cl
4535 7425 54 31 115
4614 7425 64 29 ont
4703 7424 58 31 éfô
4784 7424 121 31 brisés

3904 7479 67 29 par
3994 7479 47 22 nu
4062 7470 235 31 ébonlemcnt
4318 7469 35 30 et
4375 7475 71 29 que,
4467 7467 35 31 la
4522 7466 96 36 ligne
4640 7466 43 29 rlc
4705 7466 132 30 Touris
4860 7473 46 23 au

3905 7512 121 32 Grand
4047 7513 73 38 Cap
4142 7518 39 23 se
4204 7512 140 34 trouve,
4367 7516 67 32 par
4454 7507 239 39 cons<''<p)en).
4716 7507 148 39 coupée.

3944 7553 67 31 .l'ai
4031 7551 118 33 donné
4170 7552 53 30 les
4243 7551 129 31 ordres
4392 7549 230 31 nécessaires
4644 7556 94 31 pour
4757 7548 33 30 le
4810 7548 96 30 réla-

3903 7594 220 31 blissement
4153 7593 43 31 de
4227 7593 96 30 cette
4351 7591 108 38 ligne.
4490 7591 50 29 En
4571 7590 123 31 raison
4724 7590 50 30 du
4802 7596 104 23 mau-

3903 7636 80 31 vais
4012 7635 76 31 état
4115 7632 77 33 des'
4212 7632 163 32 chemins
4405 7633 36 30 et
4469 7631 45 31 de
4541 7631 36 31 la
4605 7631 167 31 distance
4800 7636 106 24 assez

3903 7677 139 35 grande
4073 7683 71 28 que
4173 7675 54 30 les
4257 7673 150 31 corvées
4437 7673 135 30 auront
4600 7672 21 29 à,
4650 7671 200 36 parcourir,
4880 7670 25 29 11

3903 7727 24 26 y
3949 7727 21 22 a
3992 7718 82 30 tout
4095 7716 74 31 lieu
4191 7717 45 30 de
4258 7714 154 37 prévoir,
4440 7713 185 36 toutefois,
4650 7720 71 30 que
4744 7713 35 30 la
4800 7711 106 39 répa-

3904 7760 119 30 ration
4056 7765 45 23 ne
4135 7765 84 22 sera
4250 7764 67 30 pas
4350 7754 181 32 effectuée
4564 7755 109 30 avant
4708 7752 212 39 quarante-'

3904 7801 78 31 huit
4006 7800 146 31 heures.
4174 7798 87 30 D'ici
4282 7798 45 35 là,
4350 7797 125 30 toutes
4497 7796 54 29 les
4573 7793 330 32 communications

3904 7841 222 38 électriques
4154 7840 103 30 entre
4282 7839 33 29 le
4343 7837 122 32 Grand
4490 7837 72 39 Cap
4591 7836 34 31 et
4652 7835 140 30 Toulon
4820 7833 84 31 sont

3903 7881 312 33 nécessairement
4242 7880 284 37 interrompues.

4385 7938 48 29 Le
4457 7936 140 30 colonel
4619 7934 193 35 </N'e<,'<cM/',

4500 7981 196 31 TERRISSE.

3952 8072 107 34 Tout
4088 8071 35 34 le
4150 8070 147 35 monde
4324 8068 79 36 sait
4430 8067 119 43 qu'en
4576 8065 131 43 temps
4735 8064 48 34 de
4811 8064 96 43 paix

3901 8120 155 33 Toulon
4104 8117 42 34 ni
4196 8116 36 35 le
4281 8114 135 36 Grand
4467 8113 80 43 Cap
4597 8110 112 35 n'ont
4755 8109 149 44 jamais

3900 8165 92 36 rien
4015 8164 24 36 à
4064 8173 44 26 se
4131 8162 90 36 dire
4246 8162 84 35 l'un
4353 8161 24 36 à
4402 8159 156 42 l'autre,
4586 8157 96 37 sauf
4707 8157 57 36 les
4786 8156 118 45 jours

4975 5940 48 33 de
5055 5938 242 35 branle-bas
5330 5936 48 35 de
5409 5932 207 41 combat...,
5639 5931 55 35 Le
5726 5927 137 37 Grand
5896 5929 78 41 Cap

4976 5987 61 34 est
5074 5986 107 34 l'une
5217 5984 69 34 des
5323 5981 238 40 montagnes
5598 5977 71 44 qui
5706 5972 268 40 environnent

4974 6032 169 35 Toulon.
5172 6030 102 35 C'est
5299 6037 59 26 un
5383 6026 174 36 sommet
5581 6024 157 35 chauve
5764 6020 41 37 et
5830 6021 142 34 farou-

4974 6077 84 36 che,
5093 6076 121 36 coiffé
5247 6075 94 35 d'un
5374 6073 85 35 fort
5489 6071 193 35 moderne
5715 6076 109 27 assez
5856 6066 114 45 puis-

4973 6123 204 34 samment
5225 6119 200 41 organise.
5476 6119 106 35 Seul,
5632 6126 57 24 un
5723 6112 169 46 gardien
5928 6112 43 34 de

4971 6168 179 36 batterie
5176 6169 134 34 réside
5336 6164 324 37 ordinairement
5685 6162 99 34 dans
5810 6168 45 25 ce
5881 6159 51 34 fc'
5932 6159 39 34 :.

4972 6224 79 31 que
5079 6215 56 34 les
5167 6215 166 40 troupes
5359 6210 240 45 n'occupent
5626 6208 91 46 qu'à
5743 6207 38 34 la
5807 6205 93 35 mob

4972 6261 146 34 sation.
5161 6261 210 39 Alentour,
5417 6257 152 36 s'étend
5612 6264 78 26 une
5733 6254 117 38 lande
5895 6254 58 38 ffy

4971 6306 235 35 accidentée
5235 6308 38 33 et
5302 6306 22 35 il.
5350 6315 80 30 peu
5456 6303 94 41 près
5577 6299 170 38 déserte.
5776 6299 58 34 De
5866 6303 108 28 rares

4973 6353 232 35 bûcherons
5229 6362 26 31 y
5277 6351 200 42 campent,
5502 6350 47 43 çà
5572 6348 39 36 et
5626 6347 57 41 là,
5708 6355 94 27 sans
5824 6343 148 43 jamais

4970 6400 59 34 s'y
5057 6399 149 35 établir
5234 6399 22 34 à
5283 6399 206 34 demeure.
5523 6396 39 31 f"
5680 6395 87 39 Igné
5795 6392 174 38 télégra-

4969 6446 162 34 phique
5172 6445 69 34 qui
5290 6443 159 36 dessert
5704 6436 126 36 ';,'baïde
5875 6433 99 42 ()l'ut

4966 6492 211 35 vraiment
5223 6491 86 33 être
5354 6499 60 25 cr."
5557 6501 22 22 .\
5617 6485 19 36 i
5636 6485 67 36 .:;¡t
5751 6479 224 46 ("jarante-

4970 6538 94 35 huit
5092 6538 163 39 heures,
5289 6545 91 25 san-
5583 6562 35 13 ....
5659 6538 41 26 re
5729 6541 31 20 <-
5868 6534 106 34 pour

4969 6585 86 34 cela
5085 6584 48 34 de
5162 6585 182 33 tourner.
5373 6583 129 33 J'.iM:;:
5519 6599 9 8 -
5591 6598 15 7 ■■
5870 6581 104 23 sim-

4968 6630 184 36 plement
5178 6629 153 37 classer
5358 6627 100 36 dans
5488 6636 80 24 uies
5650 6628 204 27 ^;s\a.'ees
5889 6633 12 9 -
5938 6618 36 52 laj

4969 6678 122 35 lettre
5117 6676 55 36 du
5197 6675 166 36 colonel
5380 6674 138 36 dÜ'eetc:
5518 6674 78 36 ;',
5625 6680 35 35 q.
5713 6669 46 29 i:<i

4968 6727 60 32 l'al
5056 6721 296 46 télégraphiste
5379 6721 138 43 frappa
5517 6721 60 43 a
5591 6720 45 45 J.;1
5815 6719 53 24 ;-'u

4969 6779 112 27 reau.
5751 6767 44 42 V
5856 6810 11 9 ^

5018 6838 52 4 —
5106 6816 89 34 Mon
5235 6813 216 43 capitaine,
5493 6811 35 33 la
5566 6808 158 45 préfcCt,
5764 6819 13 4 "
5845 6810 22 26 n
5917 6806 57 46 ''1

4968 6863 100 35 time
5096 6872 102 25 vous
5226 6859 199 37 demande
5453 6866 53 26 au
5534 6855 254 44 téléphone...

5018 6931 52 4 -—
5094 6909 64 43 J'y
5181 6907 102 36 vais.

5018 6953 62 36 Eu
5105 6946 65 43 nie
5196 6951 136 37 levant
5356 6951 48 34 de
5429 6958 66 26 ma
5520 6947 149 42 chaise,
5693 6946 42 44 je
5760 6948 171 42 regarda
5955 6959 15 19 -

4968 7002 156 31 l'heure
5164 7001 23 34 à
5225 7000 36 33 la
5302 6996 172 39 pendule
5512 6994 51 34 de
5598 6993 37 35 la
5673 6991 225 37 cheminée.
5938 6992 31 34 li

4968 7048 102 35 était
5101 7043 254 39 exactement
5385 7044 21 32 3
5437 7041 161 34 heures.
5627 7038 50 37 Je
5705 7037 125 36 sortis
5861 7037 41 36 et
5930 7033 44 49 je!

4967 7092 202 37 traversai
5198 7092 36 34 le
5260 7088 167 36 couloir.
5454 7087 55 33 Le
5535 7085 117 44 poste
5678 7084 296 45 téléphonique:

4967 7141 61 34 est
5054 7137 189 45 adjacent
5269 7145 60 25 au
5345 7134 157 34 bureau
5528 7132 69 34 des
5622 7130 194 36 officiers.

5017 7186 46 34 Je
5092 7182 215 37 décrochai
5338 7181 57 34 les
5424 7177 249 44 récepteurs.
5703 7177 265 36 Immédiate-

4965 7232 123 38 ment,
5128 7239 80 24 une
5244 7227 96 34 voix
5377 7224 201 44 m'appela
5616 7232 75 35 par
5729 7232 96 26 mon
5864 7228 110 32 110)1)"

4965 7279 89 34 Une
5080 7276 97 34 voix
5204 7283 79 30 que
5309 7273 42 42 je
5378 7279 212 28 reconnus,
5620 7278 79 25 non
5728 7279 94 36 sa,çs
5851 7270 111 33 éton-

4964 7319 166 40 nemeiit
5152 7332 7 24 :
5188 7321 38 34 la
5248 7319 97 34 voix
5369 7318 54 33 du
5445 7314 265 37 vice-amiral
5737 7314 218 37 lui-même

5015 7391 51 4 .—
5092 7367 90 35 Allô
5207 7367 6 33 !
5245 7366 96 34 c'est
5368 7372 112 31 vous,
5513 7362 132 43 Narcy
5664 7361 18 35 ?

5015 7437 52 4 —
5091 7412 101 36 C'est
5221 7411 92 41 moi,
5346 7408 158 36 amiral.

5014 7487 52 4 —
5092 7466 151 34 Barras
5267 7472 65 24 me
5355 7459 61 36 dit
5440 7469 79 35 que
5542 7469 102 26 vous
5670 7469 93 25 avez
5788 7466 53 25 un
5866 7455 95 35 che-

4963 7513 65 35 val
5065 7512 23 34 tt
5123 7506 287 40 Solliès-Pont.
5446 7506 148 36 Est-ce
5628 7515 78 35 que
5743 7504 144 33 Barras
5924 7510 51 26 se:

4962 7559 162 43 trompe
5146 7557 16 34 ?

5013 7624 52 6 —
5078 7604 162 30 Barras
5268 7609 50 25 ne
5345 7608 43 26 se
5414 7598 10 34 1
5434 7608 141 32 rompe
5603 7606 81 33 pas,
5717 7594 155 35 amiral.
5905 7594 60 33 Lu

4962 7651 48 34 de
5035 7658 86 26 mes
5146 7648 186 34 chevaux
5356 7644 174 36 d'armes
5556 7645 60 36 est
5642 7644 21 33 à
5689 7639 277 37 Solliès-Pojit

4963 7695 146 45 depuis
5142 7694 91 33 hier
5264 7692 95 34 soir.

5012 7769 52 4 —
5093 7746 31 34 Il
5152 7745 61 35 est
5241 7753 49 25 en
5314 7742 81 35 bon
5421 7742 85 36 état
5527 7743 17 34 ?
5568 7748 73 37 pas
5666 7736 158 44 fatigué
5847 7737 17 34 ?
5924 7723 6 10 1

5012 7815 52 4 —
5087 7792 62 33 En
5173 7790 83 34 très
5280 7789 80 34 bon
5383 7789 95 35 état.
5504 7790 74 32 Pas
5602 7783 156 43 fatigué
5783 7782 53 35 du
5863 7782 101 35 tout.

4961 7840 47 32 Je
5037 7836 200 40 comptais
5265 7835 106 34 m'en
5399 7835 133 35 servir
5560 7830 161 36 demain
5750 7837 105 35 pour
5886 7837 74 25 une

4962 7883 339 37 reconnaissance
5335 7881 54 34 du
5424 7875 240 39 Fenouillet.

5012 7957 50 4 —
5095 7934 123 34 Bon...
5252 7933 111 34 Vous
5396 7932 121 34 n'ircx
5549 7925 308 45 probablement
5892 7932 70 33 pas

4961 7991 54 24 au
5051 7978 233 37 Eenouillet
5321 7976 200 36 demain...
5565 7974 28 34 Il
5631 7971 116 43 s'agit
5787 7969 173 44 aujour-

4961 8026 112 35 d'hui
5105 8025 119 34 d'une
5256 8023 145 35 corvée
5432 8022 82 34 très
5545 8015 270 45 désagréable,
5851 8014 38 34 et
5921 8015 41 43 je

4960 8082 51 27 ne
5036 8071 89 38 vois
5151 8080 79 36 que
5256 8079 102 26 vous
5385 8069 23 36 à
5432 8067 71 47 qui
5531 8064 199 43 l'infliger.
