6314 8632
572 467 128 17 •
700 467 896 17 Automobilisme
1596 467 128 17 •
1724 467 320 17 Boxe
2044 467 128 17 •
2172 467 448 17 Chasse
2620 467 128 17 •
2748 467 384 17 Golf,
3132 467 320 17 etc.
3452 467 131 17 •

740 711 103 45 LA
892 711 373 59 JOURNÉE

549 790 56 31 CE
639 790 109 31 SOIR
770 801 9 19 :
815 791 31 33 A
882 802 21 30 9
937 800 158 32 nivURUs,
1130 792 35 33 A
1197 793 35 33 la
1269 791 142 37 Société
1446 794 62 33 des

494 837 169 34 Boxeurs
717 837 172 41 français,
941 847 144 24 assauts
1136 839 195 33 mensuels.

490 950 92 80 Le
626 948 230 82 Grand
902 952 170 76 Prix
1122 952 78 78 de
1244 952 262 80 France

537 1111 85 34 Une
658 1120 146 25 course
841 1112 314 35 d'automobiles
1192 1122 49 24 en
1278 1112 101 35 1911.
1413 1133 47 5 —

537 1162 304 36 L'Automobile
881 1163 97 35 Club
1015 1165 47 33 de
1099 1165 40 34 la
1175 1164 148 35 Sarthe
1359 1165 97 34 l'or-

919 1216 153 43 ganise.

539 1289 118 36 Voici
683 1290 110 34 enfin
818 1290 216 36 restaurée
1059 1291 38 34 la
1121 1291 156 44 grande
1303 1291 201 36 tradition

497 1336 59 34 .les
608 1336 176 35 Circuits
836 1337 327 38 d'automobiles,
1218 1338 286 45 mterrorn[>ue

485 1382 413 37 malheureusement
928 1384 146 43 depuis
1108 1385 211 44 plusieurs
1352 1386 150 34 années

485 1438 76 35 par
585 1439 57 24 un
667 1430 128 43 esprit
824 1430 367 43 d'abstention,-ou
1214 1432 101 44 peut
1341 1432 89 35 dire
1456 1433 48 35 de

485 1475 238 45 négligence
754 1477 251 43 depiorabJe.

729 1535 172 35 Courses
932 1546 52 24 ou
1016 1546 207 26 concours
1245 1538 14 33 ?

539 1586 100 35 Sans
670 1587 166 34 vouloir
867 1588 91 34 nier
989 1588 181 35 l'intérêt
1201 1589 68 35 des
1301 1599 202 25 concours

486 1632 49 35 do
578 1633 196 37 moteurs,
821 1634 100 35 dans
967 1634 178 45 lesquels
1191 1636 56 34 les
1295 1637 203 34 incidents

484 1678 191 36 tiennent
710 1689 79 34 peu
826 1680 47 35 de
912 1682 123 42 pJncu,
1074 1681 101 35 dont
1210 1683 56 34 les
1303 1683 198 35 résultats

484 1726 103 41 sont,
619 1736 76 34 par
723 1727 120 41 suite,
875 1728 134 34 moins
1040 1728 287 43 <'o))tcst,nh]es,
1360 1740 47 24 on
1442 1730 62 34 cst

484 1771 135 44 obligé
642 1772 48 35 de
714 1774 262 34 reconnaître
1001 1775 90 34 leur
1115 1775 186 34 inutilité
1327 1786 176 33 presque

484 1818 170 35 absolue
677 1829 52 24 au
756 1821 115 42 point
895 1820 47 35 de
965 1831 80 24 vue
1068 1823 276 34 commercial,
1370 1823 132 35 'route

484 1865 181 43 épreuve
689 1867 70 43 qui
783 1876 51 26 ne
856 1877 43 24 se
921 1878 122 34 liasse
1068 1878 70 34 pas
1164 1878 52 25 au
1240 1869 130 43 grand
1392 1870 107 43 jour,

484 1912 70 44 qui
597 1912 184 44 échappe
822 1923 81 25 aux
943 1914 75 35 lois
1060 1915 49 34 de
1149 1915 237 42 l:u't,ua)it.e,
1429 1917 71 42 qui

483 1958 213 44 comporte
745 1970 80 25 une
875 1960 226 36 .inévitable
1151 1962 240 35 monotonie
1440 1963 62 34 est

483 2005 253 37 condamnée
769 2006 22 35 à
823 2007 134 34 rester
989 2017 105 25 sans
1121 2009 205 34 influence
1358 2018 74 27 sur
1465 2011 36 34 le

482 2051 345 45 développement
863 2054 120 35 d'une
1019 2055 203 34 elielltÔlu.

533 2098 76 35 Les
636 2108 199 26 concours
863 2101 48 34 de
937 2101 186 35 moteurs
1147 2105 222 41 prouvent,
1393 2104 104 34 mais

483 2145 49 34 ils
562 2155 50 25 ne
637 2147 256 42 persuadent
918 2157 87 35 pas.
1032 2148 77 34 Les
1138 2158 169 26 courses
1336 2150 161 34 d'auto-

481 2191 173 36 mobiles
687 2195 208 42 prouvent,
927 2194 40 34 et
997 2194 255 45 persuadent
1282 2196 23 35 Ù,
1337 2197 37 34 la
1405 2197 93 34 fois.

481 2238 105 36 C'est
606 2239 90 36 leur
714 2240 269 44 supériorité.

750 2304 173 36 Courses
956 2310 40 31 et
1028 2315 204 26 concours

533 2356 101 35 Mais
666 2358 205 42 pourquoi
899 2358 171 34 ¡nsis/('I'
1096 2368 72 25 sur
1196 2360 38 34 la
1260 2362 238 42 comparai-

480 2411 75 27 son
580 2403 49 35 de
654 2413 64 25 ces
747 2404 108 35 deux
880 2404 150 43 grands
1058 2415 169 34 moyens
1256 2407 49 34 de
1334 2409 164 41 j'erfec-

480 2449 260 35 tionnement
776 2451 71 43 qui
886 2452 234 34 favorisent
1156 2453 49 34 de
1241 2454 256 43 préférence,

479 2496 85 35 l'un
594 2497 35 34 le
659 2506 240 33 commerce,
933 2498 164 44 l'autl'e
1097 2498 256 44 ]'indusll'ie
1375 2501 123 36 auto-

478 2542 155 37 mobile
653 2544 17 35 ?
696 2544 52 34 Ils
774 2544 185 44 peuvent
982 2545 154 35 exister
1162 2547 219 41 ensemble,
1410 2548 89 42 agir

478 2589 329 44 parallèlement.
847 2592 56 33 Ne
942 2592 175 35 laissons
1159 2602 70 32 pas
1268 2603 44 25 se
1349 2595 151 42 perdre

478 2646 82 25 une
592 2636 203 36 tradition
827 2637 23 35 à
883 2638 38 34 la
954 2638 80 34 fois
1069 2639 209 44 glorieuse
1309 2641 41 34 et
1380 2642 63 42 lILi
1443 2642 52 42 le,

477 2683 96 45 plus
611 2684 221 44 profitable
870 2693 80 35 que
988 2685 210 36 coûteuse.
1238 2687 105 35 C'est
1382 2688 115 35 l'avis

478 2730 50 35 de
558 2730 291 36 l'Automobile
879 2731 99 35 Club
1009 2732 48 35 de
1087 2732 38 35 la
1155 2733 159 40 Sarlllu,
1347 2736 71 41 qui
1447 2745 52 25 va

478 2776 137 35 tenter
655 2776 266 44 d'organiser,
964 2788 96 25 sous
1103 2779 36 35 le
1180 2780 228 44 patronage
1450 2782 47 35 de

478 2823 293 36 l'Automobile
800 2825 100 34 Club
930 2825 48 35 de
1006 2825 169 43 France,
1195 2836 92 26 une
1318 2828 180 43 épreuve

479 2871 113 34 aussi
648 2871 265 42 importante,
971 2873 114 34 aussi
1138 2872 107 36 belle
1300 2884 79 34 que
1433 2885 64 25 ses

480 2917 150 41 aînées,
692 2927 77 25 une
825 2919 181 43 épreuve
1062 2920 69 44 qui
1200 2921 203 36 remettra
1459 2922 38 36 la

477 2964 160 35 France
665 2965 20 35 à
716 2974 45 25 sa
787 2966 118 33 vraie
933 2966 116 43 place
1081 2968 133 42 parmi
1245 2968 56 34 les
1332 2969 164 35 nations

479 3021 52 25 au
565 3011 127 44 triple
726 3012 119 44 point
878 3012 50 35 de
960 3023 82 24 vue
1076 3013 49 35 de
1159 3014 245 44 l'industrie,
1443 3016 54 35 du

478 3067 231 26 commerce
757 3059 41 34 et
844 3058 55 36 du
947 3060 117 43 sport
1111 3060 289 37 automobiles.
1447 3084 52 5 ■—

477 3104 45 35 E.
554 3105 139 35 COLIN.

480 3217 107 63 On
643 3217 330 62 demande
1019 3219 62 61 la
1138 3220 363 63 fermeture

745 3307 82 61 de
873 3307 62 60 la
982 3307 254 63 Chasse

573 3436 56 35 La
660 3436 161 36 Société
855 3437 187 35 Centrale
1073 3439 71 34 des
1177 3438 226 47 Chasseurs

571 3488 186 44 français
795 3490 146 34 estime
978 3500 78 33 que
1094 3493 108 32 cette
1239 3501 164 25 mesure

572 3542 215 34 sauverait
811 3546 118 30 notre
956 3543 144 44 gibier,
1127 3543 92 44 déjà
1245 3544 158 35 décimé

688 3598 124 31 avant
834 3594 189 44 l'époque
1048 3595 242 36 habituelle.

525 3689 57 36 La
606 3689 148 37 Société
777 3690 179 39 Centrale
978 3692 65 35 des
1066 3692 210 36 Chasseurs
1298 3692 200 45 Français,

479 3736 107 36 émue
614 3738 45 35 de
685 3738 39 35 la
749 3738 139 43 rapide
915 3738 263 37 décroissance
1206 3740 51 35 du
1284 3740 124 44 gibier
1435 3753 68 23 na-

477 3783 133 43 tional,
654 3784 105 36 vient
803 3785 46 35 de
892 3785 215 37 demander,
1107 3785 86 37 au
1235 3786 175 37 ministre
1455 3788 45 35 de

476 3830 278 45 l'Agriculture
780 3832 38 34 la
844 3831 213 37 fermeture
1085 3834 46 35 de
1158 3834 37 34 la
1223 3833 131 36 chasse
1381 3837 119 33 avant

476 3877 176 45 l'époque
680 3878 219 44 habituelle,
929 3879 233 37 c'est-a-dire
1189 3880 96 36 trois
1312 3880 96 37 mois
1437 3893 62 24 en-

475 3924 112 35 viron
616 3928 117 32 avant
760 3926 36 34 la
826 3926 88 35 date
942 3926 206 37 ordinaire.
1305 3934 8 13 '

533 3971 90 36 Seul
649 3984 52 23 un
729 3971 79 37 état
835 3973 203 36 de-choses
1065 3985 117 32 grave
1209 3987 24 23 a
1258 3986 56 33 pu
1340 3987 163 32 pousser

479 4020 97 33 cette
609 4019 231 35 association,
872 4019 22 35 à
925 4019 191 37 formuler
1147 4033 42 23 sa
1220 4022 196 35 demande.
1449 4022 53 36 Et

480 4065 45 35 de
549 4064 77 36 fait
650 4065 37 35 la
712 4065 187 35 situation
923 4067 88 35 telle
1036 4079 73 32 que
1133 4067 171 45 l'expose
1327 4080 59 24 ses
1411 4069 92 35 diri-

479 4114 136 41 geants
648 4115 56 32 est
737 4113 214 36 alarmante
985 4125 101 33 pour
1119 4114 176 39 l'avenir
1314 4116 59 37 de.
1392 4118 111 34 notre

479 4158 418 45 gibier...

530 4205 102 36 Bien-
648 4209 217 40 'quecelte;
922 4194 9 4 ~
1277 4209 36 35 la
1341 4210 163 36 date>-de

479 4251 232 37 l'ouverture
748 4252 54 36 ait
836 4253 58 37 été
930 4257 196 41 sagement
1161 4255 148 36 reculée
1348 4257 30 34 le
1413 4256 90 44 plus

480 4299 90 35 tard
611 4299 181 44 possible,
810 4314 6 6 -
834 4300 54 35 les
929 4301 328 43 renseignements
1298 4301 66 44 qui.
1406 4314 97 24 nous

479 4344 259 45 parviennent
764 4349 195 33 montrent
987 4347 37 35 la
1050 4347 185 36 nécessité
1264 4349 45 35 de
1338 4349 166 43 complé-

479 4395 60 32 ter
564 4394 97 33 cette
686 4404 149 23 mesure
861 4396 47 40 et,
935 4405 101 31 pour
1061 4405 158 24 assurer
1240 4395 37 35 la
1301 4407 203 24 conserva-

479 4438 84 35 tion
590 4439 51 34 du
666 4438 124 44 gibier
817 4439 144 35 décimé
986 4452 74 31 par
1085 4440 97 36 trois
1209 4441 140 36 années
1376 4441 128 37 désas-

479 4488 159 39 treuses,
666 4486 45 35 de
736 4485 146 36 fermer
907 4486 37 35 la
969 4481 131 41 chasse
1125 4487 46 35 de
1196 4487 133 44 plaine
1354 4488 34 36 le
1413 4489 90 43 plus

480 4531 245 43 rapidement
772 4532 181 44 possible,
982 4532 66 37 ^le'v
1082 4534 47 34 20
1177 4535 206 35 novembre
1429 4547 75 32 par

481 4579 184 43 exemple,
689 4578 78 35 afin
789 4579 46 35 de
856 4590 139 24 sauver
1016 4579 34 36 le
1073 4592 77 31 peu
1172 4581 45 35 de
1239 4580 137 37 lièvres
1398 4584 37 34 et
1457 4583 47 35 de

480 4624 162 43 perdrix
669 4624 66 44 qui
763 4625 211 36 subsistent
1002 4632 158 30 encore.'

531 4671 71 36 Les
622 4671 98 37 faits
741 4672 175 36 suivants
938 4672 192 44 justifient
1150 4673 235 44 pleinement
1407 4677 97 35 cette

481 4729 148 25 mesure
666 4731 8 23 :

772 4769 53 34 Le
858 4769 135 41 gibier
1023 4770 186 35 diminue

532 4829 61 35 En
630 4830 97 35 1906
767 4829 212 36 arrivaient
1017 4843 77 23 aux
1131 4831 138 38 Halles
1306 4833 46 36 de
1390 4833 113 36 Paris

481 4877 160 34 500.000
673 4877 239 42 perdreaux;
946 4889 46 23 en
1024 4878 109 42 1907,
1167 4890 41 24 ce
1240 4879 136 37 chiffre
1407 4882 98 34 tom-

481 4922 83 36 bait
584 4923 21 35 à
627 4924 181 43 425.000;
832 4935 47 24 en
900 4924 109 38 1908.
1030 4923 23 37 à
1075 4925 170 44 335.000,
1269 4928 36 34 et
1326 4938 46 24 en
1394 4928 109 42 1909,

481 4970 23 35 à
536 4970 171 35 300.000.

534 5015 64 45 Or,
629 5017 53 35 les
711 5016 327 46 renseignements
1067 5030 72 32 que
1166 5030 98 24 nous
1292 5019 212 44 possédons

482 5062 66 36 dès
574 5062 22 35 à
621 5062 158 43 présent
805 5075 97 23 nous
928 5066 194 34 montrent
1149 5077 72 31 que
1247 5069 98 33 cette
1371 5067 132 43 année,

481 5120 75 33 par
601 5109 99 36 suite
746 5110 65 35 des
856 5109 250 37 inondations
1151 5114 36 33 et
1234 5113 52 34 du
1330 5114 175 35 mauvais

482 5159 139 40 temps,
661 5156 38 35 la
738 5156 187 35 situation
963 5169 87 23 sera
1089 5157 86 44 pire
1216 5170 155 32 encore;
1415 5159 92 37 c'est

483 5202 100 35 ainsi
618 5215 72 30 que
724 5202 53 35 les
812 5203 198 44 arrivages
1044 5204 52 35 du
1130 5203 96 36 mois
1261 5206 45 35 de
1340 5208 165 41 septem-

482 5249 68 36 bre
569 5249 96 35 1909
687 5249 153 36 avaient
861 5249 58 35 été
939 5251 45 34 de
1006 5251 132 34 96.492
1160 5251 220 43 perdreaux
1401 5255 36 32 et
1458 5264 47 24 ne

483 5294 135 37 furent
643 5298 97 34 cette
765 5295 120 36 année
909 5308 73 31 que
1008 5297 45 35 de
1079 5297 145 43 89.045,
1249 5298 75 35 soit
1349 5311 75 24 une
1450 5299 55 35 di-

482 5342 193 35 minution
698 5343 46 35 de
767 5343 110 35 7.447
899 5342 128 44 pièces
1050 5346 36 32 et
1110 5344 80 36 cela
1213 5355 66 24 sur
1301 5357 75 24 une
1398 5357 108 24 mau-

483 5388 105 36 vaise
615 5389 139 35 année!

534 5435 36 35 Il
599 5447 97 23 nous
725 5435 91 36 faut
845 5438 193 33 remonter
1067 5435 180 46 jusqu'en
1277 5438 96 35 1879
1405 5450 101 32 pour

483 5483 157 34 trouver
667 5494 74 23 une
767 5482 89 36 telle
886 5482 170 44 pénurie,
1085 5486 36 32 et
1147 5495 136 25 encore
1309 5496 47 24 ne
1381 5484 125 36 fut-ce

484 5528 39 35 là
561 5528 139 43 qu'une
740 5529 203 43 exception
982 5528 209 45 passagère
1230 5533 37 32 et
1305 5543 78 23 non
1421 5543 84 32 pas,

485 5585 143 25 comme
667 5574 262 45 aujourd'hui,
968 5575 53 35 les
1058 5576 118 35 suites
1215 5576 87 35 d'un
1344 5577 79 36 état
1461 5579 46 34 de

486 5622 131 35 choses
647 5621 66 44 qui
744 5621 146 44 empire
919 5620 296 46 régulièrement
1246 5623 138 44 depuis
1415 5636 92 32 qua-

485 5670 59 33 tre
567 5680 80 23 ans.

539 5714 101 36 C'est
674 5714 192 44 pourquoi
900 5726 96 24 nous
1030 5714 182 37 estimons
1245 5716 89 43 qu'il
1371 5719 56 33 est
1461 5717 46 35 de

486 5763 107 33 toute
629 5760 183 36 nécessité
849 5761 45 35 de
930 5760 145 36 fermer
1113 5761 64 36 dès
1215 5761 22 36 à
1274 5762 158 44 présent
1469 5764 35 35 la

487 5808 131 35 chasse
653 5810 37 32 et
724 5808 46 34 de
803 5807 182 44 protéger
1018 5808 147 44 malgré
1200 5821 72 23 eux
1306 5810 199 43 beaucoup

487 5854 46 35 de
564 5856 180 41 porteurs
776 5854 45 35 de
850 5853 144 44 permis
1025 5854 65 44 qui
1120 5857 109 34 tuent
1260 5867 90 24 sans
1382 5868 125 24 aucun

487 5900 105 36 souci
622 5900 57 35 'du
713 5900 227 35 lendemain.

539 5947 51 34 Et
627 5946 33 35 si
696 5958 95 24 vous
829 5946 163 44 pouviez
1032 5947 135 36 douter
1206 5948 45 35 de
1290 5948 217 37 l'efficacité

488 5992 114 36 d'une
635 5993 88 35 telle
756 6004 161 32 mesure,
952 6005 97 23 nous
1084 6006 94 23 vous
1214 5994 147 36 dirions
1395 5995 112 43 qu'en

488 6040 109 42 1872,
628 6039 147 43 malgré
807 6040 34 34 Je
873 6050 166 32 passage
1071 6040 65 35 des
1169 6041 145 35 armées
1347 6044 35 33 et
1416 6042 92 35 l'ab-

489 6097 110 24 sence
628 6084 187 43 complète
844 6085 46 35 de
920 6086 171 43 gardage
1121 6087 142 34 durant
1292 6087 36 35 la
1359 6099 148 33 guerre,

488 6133 36 35 le
550 6131 136 37 chiffre
713 6132 64 35 des
805 6131 148 36 entrées
981 6132 46 36 de
1053 6133 219 43 perdreaux
1298 6132 65 37 fut
1390 6146 116 30 pour-

1573 709 82 34 tant
1681 709 44 35 de
1749 709 171 44 480.000,
1946 713 36 32 et
2007 711 80 35 cela
2111 722 115 32 parce
2250 723 72 31 que
2345 711 76 35 l'on
2445 711 144 36 n'avait

1573 766 68 31 pas
1671 754 285 37 officiellement
1986 757 130 35 chassé
2146 758 174 43 pendant
2346 770 74 23 une
2448 758 140 35 saison.

1619 801 32 34 Il
1678 806 51 30 est
1756 802 45 34 de
1823 802 77 35 fait
1924 815 72 30 que
2019 804 53 34 les
2094 804 169 43 plaintes
2284 803 210 37 formulées
2515 816 74 31 par

1571 847 35 35 la
1648 847 148 35 Société
1838 849 179 35 Centrale
2057 850 65 34 des
2164 850 210 35 Chasseurs
2414 850 174 43 français

1568 896 86 32 sont
1687 893 208 37 fortement
1928 895 201 43 motivées;
2164 896 89 35 elles
2285 899 78 40 ont,
2396 908 49 23 au
2476 900 110 39 reste,

1568 940 82 35 leur
1676 940 90 35 écho
1792 953 76 22 aux
1894 940 147 44 Halles,
2069 942 49 35 où
2144 943 33 34 le
2204 943 192 42 perdreau
2421 946 93 32 vaut
2542 955 45 23 en

1568 997 40 24 ce
1631 989 167 33 moment
1821 988 24 33 4
1867 987 135 36 francs
2025 987 119 45 pièce,
2168 992 36 31 et
2228 988 76 35 l'on
2328 1000 47 24 ne
2398 992 93 40 peut
2515 1000 72 33 que

1567 1032 196 36 souhaiter
1791 1032 83 36 voir
1902 1034 46 35 de
1975 1046 111 31 sages
2112 1046 169 24 mesures
2307 1034 145 36 réussir
2479 1033 23 37 à
2528 1047 58 24 re-

1567 1079 164 46 peupler
1760 1080 242 42 rapidement
2033 1092 70 23 nos
2132 1081 115 35 belles
2278 1093 233 31 campagnes
2541 1082 46 36 de

1567 1124 160 36 France.
1757 1145 49 4 —
1836 1126 346 37 JAUER-ScHMiDT.

1730 1264 278 70 Echos
2070 1266 348 88 Sportifs

1622 1393 130 44 Visite
1776 1395 54 42 de
1860 1396 184 43 l'Institut
2066 1398 348 52 aérotechnique.

1619 1465 50 36 Le
1703 1464 142 36 Comité
1878 1467 44 33 de
1954 1468 359 40 perfectionnement
2345 1470 44 34 de
2421 1476 56 28 cet
2508 1471 75 33 éta-

1565 1511 222 41 blissement,
1814 1513 113 33 fondé
1951 1525 65 30 par
2043 1515 50 33 M.
2121 1516 130 40 Henry
2277 1517 173 36 Deutsch,
2476 1517 106 33 visite

1567 1557 236 40 aujourd'hui
1838 1559 52 33 les
1924 1560 144 40 locaux,
2104 1561 112 34 situés
2250 1562 21 33 à
2308 1561 207 43 Saint-Cyr.
2552 1564 30 32 Il

1566 1609 173 28 trouvera
1778 1616 46 22 un
1865 1605 177 34 bâtiment
2080 1607 176 40 modeste,
2295 1619 70 22 une
2407 1608 93 34 suite
2538 1609 44 34 de

1565 1650 241 34 laboratoires
1834 1651 76 33 fort
1935 1652 80 34 bien
2042 1654 145 33 outillés
2213 1659 44 34 et,
2283 1654 109 40 aussi,
2417 1666 48 21 un
2489 1655 93 34 beau

1565 1697 135 32 terrain
1730 1696 258 41 spécialement
2014 1699 174 41 aménagé
2214 1711 93 30 pour
2334 1700 197 34 l'aviation.

1618 1742 97 34 C'est
1749 1743 33 33 là
1815 1755 67 26 que
1916 1744 52 34 les
2001 1745 366 36 expérimentateurs,
2400 1747 181 34 autorisés

1565 1788 19 34 el
1608 1789 163 42 profiter,
1785 1790 82 32 d'un
1894 1791 166 33 matériel
2087 1791 313 42 supérieurement
2426 1792 154 40 installé,

1564 1835 265 40 poursuivront
1878 1837 97 32 leurs
2024 1837 216 34 recherches
2287 1838 213 41 techniques
2547 1845 34 27 et

1563 1881 187 40 pratiques
1783 1894 60 21 sur
1875 1882 197 34 l'aviation.

1617 1928 69 35 Les
1709 1928 180 33 membres
1914 1929 48 32 du
1987 1928 143 35 Comité
2155 1929 43 34 de
2221 1929 359 43 perfectionnement

1564 1973 150 34 doivent
1747 1986 37 21 se
1818 1975 132 33 rendre
1983 1976 22 32 à
2039 1975 198 41 Saint-Cyr
2270 1988 41 22 en
2346 1977 234 40 automobile,

1564 2031 40 22 en
1633 2026 148 35 partant
1810 2020 44 33 de
1882 2021 34 32 la
1948 2020 201 35 Sorbonne.
2180 2022 49 33 Ils
2241 2021 212 35 'visiteront
2480 2023 104 34 l'éta-

1563 2066 211 33 blissement
1801 2067 44 33 de
1873 2078 91 22 onze
1991 2067 132 34 heures
2149 2068 20 34 à
2196 2068 87 33 midi
2312 2074 34 28 et
2374 2080 37 23 se
2437 2074 143 29 retrou-

1563 2118 127 28 veront
1718 2124 92 30 pour
1837 2113 177 40 déjeuner
2039 2113 20 34 à
2084 2113 213 35 Versailles.

1621 2205 119 42 Deux
1767 2205 155 43 fiancés
1946 2206 191 43 tombent
2154 2207 288 52 d'aéroplane.

1616 2276 49 37 Le
1696 2276 171 34 Berlillcr
1900 2275 194 42 Tageblait
2126 2290 165 23 annonce
2323 2279 82 41 qu'à
2437 2279 142 43 Copen-

1562 2323 118 39 hague
1708 2323 191 33 l'aviateur
1927 2324 183 33 allemand
2142 2324 190 35 Svendsen
2361 2332 34 27 et
2422 2338 41 22 sa
2491 2327 88 33 fian-

1561 2369 70 40 cée,
1662 2369 89 33 iVllle
1768 2369 143 36 Bachr,
1941 2376 80 27 sont
2052 2372 140 32 tombés
2220 2372 259 42 d'aéroplanc,
2479 2372 100 42 heu-

1563 2421 208 27 reusement
1810 2416 107 33 d'une
1958 2416 113 34 faible
2110 2418 180 35 hauteur..
2316 2419 204 42 L'appareil
2559 2431 21 22 a

1561 2462 55 33 été
1637 2462 283 41 complètement
1940 2463 146 33 détruit.
2113 2463 189 35 Svendsen
2326 2470 33 28 et
2383 2477 39 22 sa
2444 2466 136 34 fiancée

1562 2520 38 22 se
1624 2508 189 41 plaignent
1840 2509 203 33 seulement
2069 2510 44 33 de
2141 2510 118 34 fortes
2286 2511 175 34 douleurs
2489 2513 90 34 dans

1562 2555 32 33 le
1623 2554 76 40 dos,
1728 2555 92 33 mais
1848 2555 102 33 n'ont
1977 2567 64 30 pas
2070 2556 45 34 de
2142 2557 165 34 blessure
2335 2557 138 35 visible.

1618 2671 223 43 Aviateurs
1866 2672 209 42 militaires
2102 2672 248 49 allemands,

1614 2748 210 36 L'aviateur
1873 2749 127 35 Simon
2048 2751 244 34 Brunnhaber
2340 2757 54 28 est
2441 2753 137 40 engagé

1561 2806 141 22 comme
1723 2795 218 41 professeur
1963 2796 199 34 d'aviation
2183 2808 66 30 par
2271 2799 33 32 le
2324 2799 189 33 ministère
2535 2799 44 34 de

1561 2842 34 32 la
1622 2852 133 29 guerre
1781 2842 180 41 prussien,
1991 2843 19 33 à
2038 2843 105 34 dater
2171 2844 48 33 du
2251 2847 44 30 1"1'
2322 2845 145 40 janvier
2495 2857 83 30 pro-

1561 2888 115 33 chain.
1702 2888 75 33 Il-a
1801 2888 84 40 déjà
1911 2889 69 33 fait
2003 2889 243 34 l'instruction
2272 2891 55 33 de
2339 2897 129 34 quatre
2492 2891 86 34 offi-

1562 2935 92 32 ciers
1692 2935 213 40 allemands,
1943 2936 167 34 brevetés
2148 2937 113 40 pilote
2299 2949 62 22 sur
2397 2938 181 41 appareils

1562 2978 168 36 Fannan.
2453 3002 17 12 x

1614 3028 173 41 De'plus,
1814 3028 64 33 dix
1905 3034 124 29 autres
2057 3029 177 34 officiers,
2250 3030 238 34 s'entraînent
2517 3042 62 23 sur

1561 3074 32 34 le
1627 3074 130 41 champ
1792 3074 199 34 d'aviation
2026 3076 174 34 militaire
2233 3077 46 33 de
2313 3078 187 40 Doberitz,
2535 3078 44 33 de

1562 3121 161 33 manière
1756 3120 20 34 à
1807 3133 38 21 se
1876 3121 240 35 familiariser
2147 3134 88 22 avec
2266 3129 83 28 tous
2381 3125 51 33 les
2466 3124 114 42 systè-

1560 3178 77 23 mes
1659 3172 35 29 et
1712 3168 158 41 pouvoir
1889 3168 192 41 professer
2100 3168 21 35 à
2139 3169 80 33 leur
2238 3175 95 29 tour.

1620 3276 58 44 Le
1705 3277 152 53 Colley
1881 3277 114 44 Club
2023 3277 195 51 français.

1602 3350 51 36 Le
1678 3351 151 33 docteur
1854 3349 103 37 E.-G.
1985 3350 78 41 Sée,
2088 3362 62 23 sur
2174 3352 34 34 la
2232 3353 180 33 demande
2437 3353 43 33 de
2505 3354 78 40 plu-

1558 3396 117 35 sieurs
1698 3398 166 34 éleveurs
1889 3403 36 28 et
1946 3398 273 41 propriétaires,
2243 3399 101 34 vient
2368 3401 43 33 de
2422 3401 160 36 fonder.

1558 3456 43 22 en
1623 3442 152 42 France,
1798 3456 49 22 un
1870 3445 82 34 club
1975 3446 44 33 de
2042 3445 125 35 chiens
2190 3447 135 41 colleys
2349 3458 93 30 pour
2465 3448 117 40 lequel

1556 3491 25 33 il
1608 3504 21 22 a
1655 3491 84 41 déjà
1765 3492 103 34 réuni
1896 3503 48 22 un
1973 3493 139 33 certain
2138 3495 153 32 nombre
2319 3495 44 33 de
2389 3495 192 34 membres'.

1603 3538 50 36 Ce
1677 3539 80 34 club
1782 3551 37 22 se
1844 3550 158 31 propose
2024 3552 74 21 non
2124 3541 203 33 seulement
2352 3541 231 35 d'améliorer

1558 3587 34 33 la
1616 3597 93 29 race,
1734 3587 65 33 but
1824 3598 171 22 commun
2020 3587 21 33 à
2063 3593 85 29 tous
2172 3589 52 33 les
2249 3589 101 33 clubs
2377 3589 205 41 similaires,

1557 3633 93 34 mais
1678 3634 98 34 aussi
1807 3636 43 32 de
1880 3633 95 35 faire
2002 3635 191 34 connaître
2220 3647 44 22 en
2293 3635 151 41 France,
2474 3637 48 33 où
2551 3638 31 33 le

1560 3682 116 40 colley
1702 3681 94 34 n'est
1822 3681 167 41 apprécié
2016 3693 68 29 que
2112 3693 142 24 comme
2282 3682 105 35 chien
2415 3685 44 33 de
2487 3685 95 39 luxe,

1557 3729 52 33 les
1637 3739 213 23 ressources
1880 3740 68 30 que
1975 3728 72 34 l'on
2075 3736 87 35 peut
2188 3730 90 34 tirer
2307 3731 44 33 de
2380 3743 58 23 ses
2467 3732 115 33 admi-

1558 3776 120 34 rables
1705 3775 153 42 qualités
1898 3787 141 23 comme
2063 3776 155 42 gardien
2244 3782 35 29 et
2304 3777 105 35 chien
2435 3779 44 34 de
2503 3779 80 34 ber-

1558 3834 659 30 ger..

1602 3870 52 37 Le
1679 3875 119 29 comte
1825 3870 111 43 Clary
1960 3883 21 22 a
2005 3872 146 41 accepté
2177 3873 43 33 de
2245 3878 202 36 patronner
2474 3875 44 33 de
2544 3887 40 22 sa

1559 3919 229 40 compétente
1825 3918 159 34 autorité
2021 3930 39 23 ce
2097 3931 171 23 nouveau
2305 3921 81 33 club
2425 3922 89 33 dont
2551 3923 33 33 le

1560 3966 152 33 docteur
1739 3964 103 37 E.-G.
1870 3965 68 36 Sée
1963 3971 55 29 est
2042 3967 32 33 le
2099 3966 197 42 président.
2322 3968 52 36 Le
2398 3969 115 33 baron
2540 3970 44 33 de

1560 4012 189 34 Bourdieu
1769 4018 35 28 et
1822 4011 154 37 Francis
1997 4014 43 34 de
2061 4013 165 36 Croisset
2245 4026 44 23 en
2310 4020 83 29 sont
2413 4016 52 34 les
2486 4017 97 34 deux

1560 4059 316 43 vice-présidents.

1619 4165 266 53 Aeroplanes
1913 4183 109 36 pour
2064 4166 171 44 l'armée
2277 4168 304 44 autrichienne.

1616 4243 51 37 Le
1696 4242 189 35 ministère
1916 4245 44 33 de
1989 4245 35 33 la
2053 4256 133 30 guerre
2217 4246 205 34 autrichien
2451 4259 22 22 a
2501 4247 79 34 l'in-

1562 4289 142 33 tention
1724 4290 196 40 d'acquérir
1920 4290 125 40 trois
2069 4292 214 41 aéroplanes
2307 4304 93 30 pour
2423 4292 157 36 l'armée.

1616 4336 71 36 Les
1721 4336 177 41 épreuves
1932 4337 21 34 à
1987 4337 150 42 remplir
2171 4344 111 28 avant
2315 4339 133 34 l'achat
2482 4352 98 22 com-

1561 4382 205 40 prendront
1794 4394 49 22 un
1871 4384 61 33 vol
1961 4384 45 33 de
2034 4384 99 34 deux
2162 4384 143 41 heures,
2333 4385 22 34 à
2383 4386 35 33 la
2446 4386 134 34 vitesse

1562 4428 44 34 de
1634 4437 42 32 70
1702 4429 214 34 kilomètres
1943 4430 20 34 à
1989 4429 138 35 l'heure
2139 4442 7 29 ;
2177 4442 48 22 un
2253 4432 60 33 vol
2340 4443 88 23 avec
2455 4443 124 31 passa-

1562 4486 65 29 ger
1655 4481 35 28 et
1717 4475 106 42 poids
1852 4476 318 41 supplémentaire,
2200 4488 46 23 au
2274 4479 92 32 total
2393 4489 65 23 210
2485 4479 95 34 kilos

1564 4521 45 34 de
1646 4522 136 41 charge
1818 4522 172 42 imposée,
2027 4534 75 23 non
2140 4524 158 42 compris
2336 4524 174 35 l'essence
2547 4531 35 28 et

1563 4567 133 35 l'huile.

1619 4615 110 34 Deux
1769 4615 132 35 heures
1943 4616 150 34 doivent
2134 4616 132 35 suffire
2305 4629 94 30 pour
2437 4623 145 29 monter

1562 4661 197 42 l'appareil,
1789 4674 71 22 une
1889 4663 112 33 heure
2030 4675 92 30 pour
2151 4664 34 33 le
2214 4663 191 35 démonter
2435 4670 33 28 et
2497 4664 83 34 l'ar-

1564 4707 111 35 rimer
1714 4720 62 22 sur
1814 4720 49 22 un
1902 4709 139 34 châssis
2080 4709 270 35 d'automobile.
2389 4709 120 42 Enfin,
2548 4712 33 34 le

1564 4760 145 28 moteur
1750 4755 77 34 doit
1866 4761 153 29 tourner
2060 4767 84 24 sans
2184 4757 98 34 arrêt
2322 4757 161 42 pendant
2524 4758 57 33 six

1564 4801 143 34 heures.

2078 4854 175 46 Jacques
2284 4855 240 35 CAUDERAN.

1718 4964 78 76 LE
1832 4964 154 76 GOLF
2030 4966 84 76 EN
2152 4966 272 76 AFRIQUE

1611 5107 57 35 On
1691 5117 51 25 va
1764 5107 148 36 fonder
1934 5119 56 23 un
2013 5110 134 34 cercle
2170 5111 47 33 de
2242 5110 84 44 golf
2349 5110 21 35 à
2393 5110 141 35 Tunis.

1823 5161 52 34 Le
1905 5162 150 34 comité
2085 5166 63 31 est
2174 5162 145 35 formé.

1614 5221 140 44 TUNIS,
1789 5221 46 35 15
1868 5222 205 36 novembre
2109 5222 72 45 (De
2213 5229 110 30 notre
2358 5236 224 33 correspon-

1563 5269 94 34 dant
1678 5269 259 44 particulier).
1959 5289 50 4 —
2028 5270 54 34 La
2106 5270 146 36 colonie
2274 5271 241 44 européenne
2538 5271 45 36 de

1562 5315 38 34 la
1621 5314 195 37 résidence
1840 5316 45 35 de
1908 5316 120 35 Tunis
2050 5317 105 35 vient
2179 5318 46 35 de
2247 5317 151 36 décider
2420 5319 38 34 la
2480 5318 103 36 créa-

1561 5361 82 35 tion
1674 5362 90 35 d'un
1794 5362 67 44 jeu
1889 5363 46 35 de
1963 5363 85 44 golf
2058 5375 8 32 ;
2096 5365 34 35 le
2160 5364 136 36 comité
2326 5365 50 35 du
2405 5377 176 24 nouveau

1564 5409 84 35 club
1676 5411 56 33 est
1757 5409 91 44 déjà
1872 5409 127 36 formé
2025 5413 36 33 et
2086 5423 40 24 se
2150 5423 178 33 compose
2354 5412 45 35 de
2424 5412 98 36 MM.
2550 5413 33 35 le

1562 5455 156 44 général
1753 5456 126 40 Bolot,
1915 5456 218 45 président;
2172 5458 64 35 des
2272 5459 137 35 Portes
2445 5459 46 36 de
2526 5459 56 36 La

1564 5502 129 45 Fosse,
1725 5503 157 44 délégué
1914 5503 22 36 à
1966 5504 38 35 la
2033 5504 196 36 résidence
2260 5505 197 45 générale;
2490 5506 93 36 Ber-

1563 5550 120 42 keley,
1714 5550 132 35 consul
1874 5550 156 44 général
2060 5551 288 44 d'Angleterre;
2381 5552 42 36 Si
2454 5552 129 36 Sadok

1564 5595 135 37 Ghileb
1730 5599 35 32 et
1794 5597 153 44 Proust,
1978 5597 219 45 présidents
2227 5599 46 35 de
2302 5599 37 35 la
2367 5599 214 45 municipa-

1564 5643 77 41 lité,
1662 5643 338 45 vice-présidents;
2022 5645 148 43 Joseph
2188 5644 172 43 Valensi,
2381 5646 200 43 trésorier;

1564 5690 33 34 IL,
1620 5689 212 36 lieutenant.
1855 5690 281 45 Maindreville,
2160 5691 222 42 secrétaire;
2410 5693 31 35 le
2461 5694 122 35 baron

1565 5737 155 43 Fleury,
1744 5738 45 35 de
1813 5737 235 44 Griibissich,
2071 5738 150 43 Puaux,
2246 5738 183 45 Geoffroy
2456 5739 128 37 Saint-

1564 5784 153 35 Hilaire
1743 5788 35 31 et
1804 5783 209 45 lVlaugano,
2040 5786 197 35 membres.

1617 5899 316 35 EXCELSIOR
1984 5899 183 42 rétribue,
2220 5902 112 34 selon
2383 5903 37 34 la
2471 5904 110 42 place

1565 5958 161 42 qu'elles
1755 5963 204 37 occupent,
1989 5959 56 33 les
2073 5959 312 43 photographies
2414 5960 168 36 d'actua-

1565 6016 67 34 lité
1659 6016 64 42 qui
1750 6016 53 34 lui
1830 6022 91 28 sont
1947 6017 205 34 adressées
2178 6018 337 35 immédiatement
2543 6024 39 29 et

1566 6085 92 23 sans
1686 6085 128 24 aucun
1845 6076 133 33 retard
2008 6086 69 31 par
2107 6086 64 24 ses
2201 6076 180 34 lecteuis.
2417 6076 163 42 (Condi-

1565 6133 107 34 tions
1699 6133 202 34 détaillées
1930 6133 196 43 envoyées
2155 6145 66 23 sur
2249 6135 221 42 demande.)

2788 732 142 47 Une
2964 720 295 62 décision
3294 729 230 57 sévère

3004 822 100 52 est
3141 816 171 73 prise

2647 913 233 53 contre
2916 927 87 40 un
3039 907 258 63 boxeur
3333 911 331 63 incorrect

2692 1057 52 35 Le
2779 1059 159 36 boxeur
2974 1062 159 44 anglais
3167 1063 145 45 Young
3347 1064 168 35 Daniels
3550 1068 64 34 est,

2691 1113 211 41 suspendu
2929 1123 80 25 une
3037 1115 133 36 année
3198 1125 75 35 par
3299 1118 40 34 la
3367 1117 240 36 Fédération

2690 1163 48 34 de
2760 1164 102 35 boxe
2885 1175 106 33 pour
3014 1176 49 26 ne
3085 1177 74 34 pas
3183 1170 116 33 avoir
3319 1170 103 34 boxé
3446 1179 163 37 correc-

2689 1220 157 33 tement
2888 1223 142 31 contre
3072 1221 38 35 le
3156 1221 196 45 Français
3395 1222 217 35 Eustache.

2691 1312 52 35 Le
2769 1313 145 36 boxeur
2942 1314 150 46 anglais
3119 1317 31 43 Y
3150 1317 112 43 onng'
3289 1317 158 37 Daniels
3476 1316 94 38 était
3596 1330 65 25 en-

2642 1359 96 42 gage
2759 1371 99 32 pour
2880 1362 222 41 combattre,
3124 1364 34 35 le
3178 1364 47 35 29
3249 1366 153 35 octobre
3424 1365 163 38 dernier,
3610 1378 50 23 au

2642 1401 276 50 Wonderland,
2952 1412 130 33 contre
3114 1410 33 35 le
3181 1411 143 35 boxeur
3356 1411 175 43 français
3560 1411 100 37 Eus-

2643 1453 119 35 tache.

2692 1499 78 36 Dès
2804 1500 34 36 le
2873 1501 116 36 début
3024 1503 52 35 du
3108 1504 139 39 match,
3282 1500 203 46 l'Anglais,
3521 1503 67 42 qui
3620 1516 41 25 se

2640 1545 152 36 rendait
2819 1551 151 41 compte
2997 1548 46 36 de
3068 1561 69 23 son
3164 1550 232 42 infériorité,
3423 1551 135 35 voulut
3583 1550 76 36 évi-

2640 1595 58 33 ter
2724 1605 75 24 une
2825 1594 148 36 défaite
3000 1595 165 36 absolue.
3194 1598 105 34 Pour
3326 1598 92 41 cela,'
3418 1598 54 41 il
3498 1598 162 35 chercha

2641 1638 252 38 évidemment
2934 1641 22 35 à
2995 1654 39 23 se
3075 1642 102 36 faire
3219 1643 236 44 disqualifier
3496 1656 47 23 en
3583 1656 76 24 em-

2641 1686 162 45 ployant
2839 1688 65 35 des
2939 1699 120 34 coups
3094 1689 219 45 incorrects,
3350 1691 100 43 puis,
3485 1690 173 38 l'arbitre

2640 1733 143 35 n'étant
2812 1746 73 32 pas
2909 1734 105 45 dupe
3038 1735 46 36 de
3108 1748 68 23 son
3202 1737 244 43 stratagème,
3472 1737 27 34 il
3524 1737 132 36 refusa

2641 1779 298 37 définitivement
2978 1782 46 35 de
3060 1784 210 42 reprendre
3306 1784 34 35 le
3376 1784 150 35 cofnbat
3562 1784 23 35 à
3620 1784 37 36 la

2640 1826 211 44 cinquième
2881 1828 155 44 reprise.

2689 1874 71 35 Les
2791 1874 288 44 organisateurs
3109 1876 45 35 de
3184 1876 38 35 la
3251 1879 214 42 rencontre,
3495 1876 66 45 qui
3592 1889 64 24 au-

2639 1920 123 36 raient
2793 1933 52 31 pu
2877 1920 79 37 être
2986 1922 99 35 ainsi
3114 1923 71 35 mis
3215 1936 43 23 en
3289 1923 182 37 fâcheuse
3500 1927 157 40 posture

2638 1966 177 36 vis-Ù-vis
2841 1968 46 35 de
2914 1969 80 34 leur
3023 1969 142 44 public,
3195 1970 273 35 demandèrent
3495 1982 49 23 au
3571 1982 86 24 con-

2638 2013 65 36 seil
2730 2014 46 35 de
2800 2015 37 34 la
2860 2014 235 36 Fédération
3119 2015 196 45 française
3340 2017 66 35 des
3429 2016 159 36 sociétés
3612 2017 46 36 de

2640 2061 95 35 boxe
2768 2061 45 35 de
2846 2073 38 24 se
2918 2074 217 31 prononcer
3169 2074 65 24 sur
3267 2064 33 34 le
3334 2075 62 24 cas
3430 2063 50 35 du
3512 2064 145 36 boxeur

2639 2107 65 44 qui
2726 2107 126 36 s'était
2875 2108 137 39 montré
3012 2108 139 39 aussi
3174 2121 76 33 peu
3271 2110 245 44 scrupuleux.

2689 2201 111 37 Voici
2823 2203 33 36 le
2878 2205 102 34 texte
3003 2204 44 35 de
3070 2205 97 34 cette
3190 2203 252 39 délibération
3474 2216 7 23 :

2678 2281 104 32 Après
2802 2283 93 26 avoir
2913 2283 208 32 entendu.M.
3139 2283 138 31 Vienne,
3298 2283 173 27 directeur
3490 2283 43 26 Clll
3553 2283 103 29 Won-

2638 2317 150 32 derland,
2819 2318 39 26 M.
2891 2318 143 30 Maitrol,
3065 2318 137 31 arbitre,
3234 2318 30 27 le
3296 2317 132 27 Conseil
3458 2323 17 21 a
3504 2318 72 31 pris
3606 2317 50 28 les

2637 2358 153 20 mesures
2818 2353 172 25 suivantes

2679 2396 23 16 «.
2717 2387 220 27 Considérant.
2972 2393 62 26 que
3070 2388 119 31 Young-
3222 2387 134 27 Daniels
3402 2387 81 27 était
3529 2386 128 32 engagé

2637 2427 86 26 pour
2750 2423 54 25 dix
2830 2423 150 30 reprises
3006 2425 34 23 et
3064 2429 63 25 que
3155 2422 112 27 sodés
3294 2422 31 27 la
3336 2422 98 28 -mise
3459 2423 81 27 hors
3566 2427 88 22 com-

2636 2458 57 25 bat
2720 2463 43 20 ou
2791 2457 251 27 J'intervention
3072 2457 181 31 spontanée
3284 2458 39 26 de
3352 2457 151 27 l'arbitre
3532 2462 41 22 en
3602 2462 55 22 cas

2637 2491 227 29 d'infériorité
2895 2492 129 26 notoire
3057 2493 38 26 de
3127 2492 70 26 l'un
3229 2493 58 26 des
3320 2493 222 25 combattants
3571 2496 84 27 pou-

2638 2528 111 25 vaient
2774 2527 130 27 arrêter
2929 2527 29 27 le
2986 2528 131 26 combat
3143 2530 97 23 avant
3265 2527 31 26 la
3322 2528 18 25 II
3348 2533 18 20 n
3393 2527 38 27 de
3458 2526 31 27 la
3514 2527 142 29 dixième

2638 2563 128 30 reprise

2679 2607 12 12 »
2717 2598 38 25 Et
2790 2598 201 31 s'appuyant
3026 2603 60 21 sur
3119 2597 29 27 le
3185 2598 131 25 contrat
3350 2597 177 26 intervenu
3561 2597 94 26 entre

2638 2633 118 29 Youns'
2795 2632 134 28 Danielis
2967 2635 32 25 et
3039 2632 29 26 te
3107 2632 240 30 Wonderland,
3394 2631 138 30 Jléc]arc
3590 2637 64 27 qui-

2639 2669 117 28 Young'
2786 2668 133 25 Daniels
2951 2668 134 30 n'a.v.int
3114 2673 60 25 pas
3205 2667 140 26 exécute
3375 2672 76 21 son.
3468 2667 140 31 contrat,
3639 2672 19 21 a

2638 2703 213 29 transgressé
2875 2703 49 26 les
2948 2702 111 31 règles
3083 2703 59 26 des
3165 2702 149 26 combats
3339 2702 39 26 de
3402 2702 83 26 boxe

2679 2746 12 14 »
2717 2738 38 25 Et.
2778 2743 87 25 pour
2890 2743 55 20 ces
2970 2738 126 28 motifs,

2679 2782 12 14 a
2706 2773 137 32 Frappe
2872 2779 35 20 ce
2935 2773 129 26 boxeur
3090 2773 98 25 d'une
3217 2772 137 26 amende
3382 2772 39 26 de
3450 2771 87 26 cIeux
3564 2772 93 26 cents

2638 2808 113 26 francs
2778 2810 32 24 et
2839 2808 42 25 lui
2912 2807 112 31 inflige
3053 2813 64 20 une
3146 2807 202 31 suspension
3376 2807 77 26 d'un
3482 2811 51 21 an.
3551 2819 17 18 »

2678 2845 89 24 cette
2793 2842 148 27 décision
2967 2848 75 20 sera
3067 2842 255 32 communiquée
3346 2842 17 27 à
3386 2844 77 23 tous
3486 2841 49 27 les
3560 2845 95 27 orga-

2637 2878 170 26 nisateurs
2834 2878 39 26 cie
2901 2878 151 26 combats
3080 2877 39 26 cie
3149 2877 81 27 boxe
3257 2882 86 26 pour
3369 2877 49 26 les
3446 2877 110 26 aviser
3581 2881 75 27 que,

2636 2913 147 30 pendant
2820 2918 34 21 ce
2893 2912 98 31 délai,
3028 2912 217 26 interdiction
3281 2914 51 24 est
3368 2912 80 26 faite
3485 2918 17 20 a
3529 2912 128 31 lyotiii,-

2638 2948 133 26 Daniels
2799 2948 39 26 de
2865 2947 104 27 boxer
2995 2951 39 23 Cil
3062 2948 142 25 France.

2692 3015 33 35 Il
2760 3018 54 33 est
2848 3014 242 36 maintenant
3121 3013 232 37 intéressant
3388 3013 45 36 de
3465 3013 129 36 savoir
3623 3013 31 36 si

2639 3065 96 32 cette
2759 3061 176 36 sanction
2960 3073 86 24 sera
3070 3061 195 44 respectée
3291 3061 100 35 ainsi
3416 3060 135 45 qu'elle
3576 3060 80 36 doit

2638 3109 107 35 l'être
2768 3121 74 26 par
2865 3109 53 34 les
2941 3108 240 35 fédérations
3205 3108 221 44 étrangères
3449 3110 37 34 et
3508 3119 71 33 par
3603 3108 55 35 les

2641 3156 288 43 organisateurs
2960 3154 66 45 qui
3056 3157 99 41 sont,
3187 3167 74 31 par
3291 3154 147 42 traités,
3469 3154 69 36 liés
3570 3154 22 35 à
3623 3155 37 35 la

2641 3201 458 45 Fédération'française
3127 3202 64 36 des
3219 3201 158 36 sociétés
3405 3201 45 36 de
3475 3202 108 36 boxe.

2701 3361 493 53 Informations
3247 3361 359 66 Sportives

2688 3537 258 31 AVIATEURS
2965 3537 173 30 BELGES
3158 3536 95 32 AUX
3272 3536 147 31 INDES.
3439 3553 47 4 —
3505 3536 153 37 Anvers,

2644 3577 40 31 15
2709 3578 211 31 novembre.
2944 3595 46 4 —
3014 3575 191 44 (Dépêche,
3220 3578 238 33 particulière
3484 3577 33 31 d'
3549 3590 13 14 «
3588 3578 72 31 Ex-

2644 3619 143 30 celsior.
2813 3618 33 38 »)
2872 3637 48 3 —
2939 3620 69 30 Les
3030 3619 187 31 aviateurs
3239 3619 116 31 baron
3376 3619 126 31 Pierre
3525 3619 45 31 de
3594 3619 66 32 Ca-

2641 3661 75 30 ters
2741 3661 35 30 et
2799 3661 105 30 Jules
2929 3660 102 41 Tyck
3056 3660 159 40 quittent
3237 3661 143 30 Anvers
3406 3668 39 23 ce
3471 3660 75 31 soir
3571 3668 87 23 avec

2643 3701 103 32 leurs
2769 3701 260 38 mécaniciens,
3048 3708 52 26 se
3116 3702 153 31 rendant,
3269 3702 52 31 à
3365 3702 198 31 Marseille.
3611 3702 49 30 Ils

2642 3743 320 40 s'embarqueront
2981 3743 34 32 le
3037 3742 41 33 18
3098 3743 212 38 novembre,
3331 3743 262 32 à-destination
3613 3743 44 32 de

2642 3784 175 32 Bombay.

2686 3890 55 31 LA
2774 3891 117 32 CRUE
2918 3892 59 31 ET
3003 3892 81 31 LES
3111 3892 176 32 PHARES
3314 3892 179 32 D'AUTO.
3520 3909 47 4 —
3591 3892 68 31 Les

2639 3931 188 32 dernières
2873 3933 207 40 prévisions
3126 3933 335 41 météorologiques
3506 3933 153 32 laissent

2640 3974 147 40 prévoir
2815 3975 36 31 la
2880 3982 87 24 crue
2996 3975 44 31 de
3067 3975 36 31 la
3130 3975 116 36 Seine,
3275 3983 40 23 ce
3343 3983 70 32 que
3441 3983 94 23 nous
3563 3975 95 32 n'es-

2640 4015 135 40 pérons
2806 4024 78 32 pas.
2916 4016 35 32 Si
2981 4016 112 35 Paris,
3118 4017 56 31 est
3203 4017 45 31 de
3278 4024 172 24 nouveau
3481 4017 112 40 privé
3614 4017 44 31 de

2638 4065 59 23 ses
2725 4058 222 40 principaux
2973 4065 155 32 moyens
3156 4058 44 32 de
3228 4059 430 31 communication-et-si

2640 4099 71 31 les,
2735 4107 86 23 rues
2862 4100 84 30 sont
2987 4100 177 40 plongées
3182 4112 10 7 -
3206 4100 93 31 dans
3340 4100 245 37 l'obscurité,--
3606 4100 53 31 les

2640 4141 224 40 principales
2894 4141 140 31 artères
3064 4142 50 31 ne
3114 4142 152 31 seront'
3289 4141 187 38 éclairées,
3493 4150 71 31 que
3592 4150 67 32 par

2638 4183 187 39 quelques,
2854 4183 112 31 falots
2991 4184 229 39 .rougeatres
3256 4181 40 34 et
3324 4182 220 36 incertains..
3570 4184 89 35 Seu-

2638 4224 68 31 les.
2719 4224 54 31 les
2802 4225 262 31 automobiles.
3077 4225 145 31 munies
3250 4225 408 33 de^ltéelairagfV'élec-

2638 4266 120 39 trique
2789 4257 173 41 alimenté
2990 4273 67 33 par
3084 4271 51 26 un
3163 4266 229 31 dvn&m'ÉK.v»'.
3545 4264 113 42 -Jette-

2639 4307 92 30 ront'
2752 4314 72 24 une
2855 4308 84 30 note
2970 4307 149 37 ehtirp>
3119 4307 206 37 Gràce,"èn
3359 4308 97 37 effet,
3488 4316 75 24 aux
3591 4308 67 39 dy-

2642 4356 128 23 nalllos
2812 4361 12 14 «
2863 4349 67 31 Phi
2968 4360 32 26 »,
3034 4348 205 31 l'intérieur
3274 4349 81 30 noir
3390 4350 34 30 et
3460 4350 198 31 maussade

2640 4390 63 31 des
2735 4391 244 31 automobiles
3011 4392 57 29 est
3099 4390 144 31 devenu
3276 4391 90 30 clair
3396 4392 36 30 et
3462 4392 131 38 coquet
3617 4393 41 34 et

2641 4440 40 23 sa
2709 4432 155 31 lumière
2892 4432 144 37 permet
3062 4432 44 30 de
3135 4432 248 31 transformer
3410 4440 44 23 en
3481 4433 178 31 véritable

2640 4473 104 31 salon
2766 4473 36 31 la
2821 4473 107 31 triste
2948 4473 196 31 limousine
3166 4473 160 31 d'antan.
3341 4474 56 31 -La
3412 4474 123 31 notice
3563 4486 12 14 «
3595 4475 24 29 E
3639 4486 13 14 »

2638 4514 160 40 spéciale
2824 4522 66 23 sur
2914 4514 53 31 les
2994 4514 180 39 dynamos
3207 4527 13 14 «
3249 4515 87 30 Phi»
3369 4516 55 31 est
3448 4515 163 40 envoyée
3639 4517 19 29 à

2640 4563 94 23 ceux
2769 4556 62 39 qui
2867 4563 44 23 en
2947 4556 123 31 feront
3105 4556 36 31 la
3176 4556 181 32 demande
3394 4557 21 31 à
3447 4556 37 32 la
3517 4557 139 32 Société

2641 4597 148 37 Blériot,
2821 4597 53 38 14,
2906 4605 67 24 rue
3004 4598 127 37 Duret,
3163 4598 117 31 Paris.

2692 4724 166 82 LES
2924 4722 682 84 ROLLS-ROYCE

2908 4858 104 50 en
3068 4840 324 68 France

2691 4997 71 35 Les
2799 4999 217 42 sportsmen
3054 4997 54 35 les
3146 4997 88 45 plus
3271 5010 144 23 connus
3452 4998 205 45 possèdent

2642 5045 65 35 des
2739 5044 169 36 voitures
2940 5044 255 44 Rolls-Royce
3226 5045 121 44 40/50
3381 5045 71 35 chx
3486 5046 20 34 6
3539 5045 120 44 cylin-

2643 5091 97 45 dres,
2767 5094 36 32 et
2829 5090 23 35 il
2882 5091 95 35 n'est
3004 5103 71 32 pas
3101 5091 160 41 exagéré
3287 5092 46 35 de
3359 5092 81 35 dire
3466 5105 72 31 que
3564 5092 32 35 si
3622 5093 37 35 la

2643 5138 151 35 voiture
2833 5138 256 43 Rolls-Royce
3130 5141 56 32 est
3232 5151 19 21 «
3293 5139 38 35 la
3369 5139 151 36 voiture
3559 5140 23 34 à
3621 5140 38 35 la

2641 5185 109 35 mode
2776 5198 33 30 »,
2837 5185 69 35 elle
2930 5188 56 32 est
3013 5184 113 45 aussi,
3153 5185 46 35 de
3223 5184 109 37 l'avis
3358 5185 64 36 des
3447 5198 210 32 personna-

2641 5232 85 35 lités
2753 5231 270 45 compétentes,
3052 5232 36 35 la
3114 5232 194 37 meilleure
3335 5233 231 37 automobile
3592 5234 65 44 qui

2645 5809 129 46 existe,
2806 5811 37 35 la
2874 5811 90 44 plus
2995 5811 145 45 souple,
3172 5811 37 36 la
3240 5812 88 44 plus
3360 5811 221 36 silencieuse
3612 5823 45 23 en

2643 5856 120 36 même
2787 5860 124 39 temps
2934 5870 72 29 que
3029 5859 36 34 la
3093 5859 85 40 plus
3202 5857 255 42 économique.
3481 5857 117 36 Aussi
3622 5858 36 34 la

2647 5904 148 35 Société
2816 5897 256 51 Rolls-Royce
3094 5917 22 22 a
3138 5905 129 35 décidé
3289 5904 181 38 d'ouvrir,
3493 5905 58 39 56,
3575 5916 84 24 ave-

2644 5962 74 24 nue
2745 5951 144 44 Hoche,
2917 5951 22 35 à
2965 5951 82 35 côté,
3073 5951 50 36 du
3149 5952 83 35 bois
3258 5952 45 35 de
3328 5952 198 44 Boulogne
3552 5955 36 32 et
3614 5952 45 35 de

2645 5998 37 34 la
2726 5998 110 44 place
2881 5998 45 35 de
2969 5997 166 44 l'Etoile,
3179 6011 74 22 une
3297 6010 140 32 agence
3480 6011 99 31 pour
3622 5999 37 34 la

2644 6044 161 44 France,
2825 6047 34 33 et
2880 6043 22 36 à
2920 6045 33 34 la
2974 6048 112 40 porte
3104 6045 46 35 de
3167 6045 113 36 Paris
3298 6045 46 35 de
3361 6048 126 32 vastes
3508 6045 151 35 ateliers

2645 6102 89 24 avec
2750 6103 48 23 un
2816 6092 108 34 stock
2940 6090 220 45 important
3171 6091 45 36 de
3231 6091 125 44 pièces
3375 6092 208 35 détachées.
3601 6092 60 35 On

2646 6139 55 34 est
2726 6137 84 46 prié
2835 6137 45 36 de
2905 6137 192 37 s'inscrire
3122 6138 181 37 d'avance
3327 6150 101 33 pour
3452 6139 66 35 les*
3530 6138 127 37 essais.

1008 6298 266 82 Trois
1356 6302 528 80 instantanés
1970 6302 254 82 d'une
2310 6306 272 96 partie
2666 6306 108 80 de
2858 6306 284 80 tennis

1037 8144 390 55 Photographies
1451 8151 162 49 prises
1639 8161 66 30 au
1733 8161 143 30 cours
1902 8147 66 44 du
1996 8149 169 44 récent
2192 8154 195 40 tournoi
2412 8151 66 44 du
2511 8150 185 45 Tennis
2724 8149 127 47 Club
2876 8152 61 45 dt
2962 8152 148 46 Paris

3712 3376 76 528 (
3968 3476 1436 112 L'ABONNEMENT
5488 3496 84 92 à

4376 3624 788 124 •EXCELSIOR.
5748 3604 12 176 |

3716 3908 72 68 ^
3960 3788 244 108 NE
4328 3788 652 112 COUTE
5104 3796 460 108 RIEN
5732 3744 36 244 j

3719 4070 123 43 Les
3891 4070 238 43 20.000
4174 4073 313 50 premiers
4514 4068 288 46 abonnés
4832 4073 222 45 seront
5095 4077 415 45 remboursés
5540 4090 114 37 par
5683 4083 117 40 des

3719 4130 559 44 marchandises
4324 4131 89 42 de
4442 4125 363 56 première
4840 4126 385 50 nécessité
5266 4136 363 45 achetées
5677 4151 125 38 par

3718 4187 430 44 .EXCELSIOR
4189 4189 162 43 dans
4391 4190 97 42 les
4529 4189 281 46 maisons
4851 4189 96 42 les
4982 4191 137 46 plus
5160 4189 302 49 célèbres
5502 4197 81 40 de
5624 4198 177 44 Paris

3716 4238 438 109 ;^\^pj^'éf0;non
4185 4257 121 41 par
4339 4241 119 49 dès
4493 4244 264 46 articles
4786 4244 313 47 démodés
5130 4259 79 33 ou
5243 4249 345 53 dépréciés
5663 4279 53 68 |g

3716 4365 45 69 é
3785 4360 67 27 ™
4228 4381 237 52 Valeur
4510 4376 371 56 marchande
4918 4383 362 53 rigoureuse=
5351 4434 275 2 ______

4239 4469 163 44 ment
4417 4463 278 61 garantie
4715 4476 19 36 :
4758 4460 85 52 35
4855 4462 83 60 fr.
4962 4478 79 34 qu
5065 4466 212 49 moins.
5751 4433 9 86 !

4173 4545 7 17 '

3878 4662 256 45 Première
4156 4663 137 45 Liste
4320 4664 86 44 des
4427 4664 225 44 Maisons
4672 4663 117 44 dont
4818 4663 68 44 les
4911 4665 230 52 produits
5166 4667 396 45 rembourseront
5589 4666 68 45 les

3988 4733 353 46 abonnements
4367 4734 143 44 d'une
4531 4735 158 43 année
4716 4737 236 41 souscrits
4972 4736 30 43 il
5032 4732 63 49 "
5095 4732 318 49 EXCELSIOR
5413 4732 96 49 "
5530 4748 16 32 :

3953 4893 176 35 Amieux
4151 4893 133 35 frères
4313 4902 7 25 :
4351 4898 40 32 35
4401 4898 119 31 francs
4534 4898 42 31 de
4593 4906 138 23 conser-
4947 4893 211 44 Fasquelle
5188 4904 7 24 :
5227 4899 39 32 35
5288 4900 42 30 fr.
5356 4899 41 31 de
5421 4900 102 30 livres
5547 4898 20 32 à
5584 4899 128 31 choisir

4030 4949 58 22 ves
4107 4940 253 31 alimentaires.
5019 4950 61 21 sur
5097 4941 31 29 le
5146 4941 194 40 catalogue.

3954 4986 266 36 Bénédictine
4249 4996 8 25 :
4283 4992 75 31 Une
4382 4992 111 31 caisse
4510 4992 43 31 de
4568 4991 41 32 10
4625 4991 107 32 demi-
4944 4981 203 34 Hellstern
5166 4996 7 21 :
5201 4986 153 31 Souliers
5372 4987 42 30 de
5432 4986 69 31 bal.

4026 5033 102 31 litres
4146 5032 132 41 (valeur
4294 5033 40 32 35
4354 5033 69 41 fr.).
4941 5028 53 34 Le
5019 5028 158 33 Louvre
5206 5037 7 24 :
5245 5033 40 31 35
5311 5033 116 30 francs
5454 5033 42 30 de
5522 5032 189 32 marchan-

3953 5079 307 37 Evian-Cachat
4293 5090 7 24 :
4321 5085 77 31 Une
4412 5086 112 31 caisse
4541 5084 93 32 de60
4647 5084 83 31 bou-
5014 5073 91 31 dises
5122 5084 20 20 a
5159 5074 140 30 choisir.

4027 5127 115 30 teilles
4159 5127 134 40 (valeur
4309 5125 40 33 35
4366 5126 69 41 fr.).
4939 5115 107 34 Mass
5072 5115 28 33 &
5129 5115 39 33 G0
5199 5124 7 24 :
5226 5120 205 40 Raquettes,
5445 5119 107 32 Filets
5563 5122 35 29 et
5613 5119 97 31 clubs

3832 5182 35 36 +
3952 5173 187 42 Karpher
4168 5183 7 24 :
4196 5178 41 32 35
4252 5179 43 31 fr.
4316 5179 41 30 de
4374 5179 96 31 bière
4486 5188 44 21 en
4544 5178 19 31 7
4575 5177 153 41 paniers.
5014 5160 203 40 supérieurs
5234 5161 41 30 de
5290 5161 71 40 golf
5372 5160 50 40 (35
5436 5160 56 39 fr.).

4321 5226 18 20 T
4501 5234 8 7 .
4539 5230 20 16 o
4582 5230 19 14 u
4654 5233 15 13 4.
4694 5230 17 16 1
4940 5202 180 34 Montres
5146 5202 92 34 Just
5267 5211 8 24 :
5310 5206 137 32 Montre
5474 5217 20 20 a
5518 5207 139 30 choisir.

3955 5225 133 35 Grand
4110 5226 365 44 Marnier-Liquor
4501 5251 8 8 .
4539 5230 19 31 3
4582 5230 146 31 bouteil-
4940 5249 181 34 Montres
5145 5249 147 34 Oméga
5320 5257 7 24 :
5369 5253 137 30 Montre
5532 5252 21 31 à
5581 5253 129 30 choisir

4031 5281 50 27 les
4099 5281 132 36 (valeur
4248 5281 39 28 37
4304 5281 69 37 fr.).
5013 5294 51 40 (35
5080 5294 30 30 fr
5127 5294 9 39 )

3953 5324 133 35 Rhum
4107 5325 283 37 Saint-James
4415 5334 8 25 :
4458 5329 76 31 Une
4561 5329 111 31 caisse
4689 5329 41 31 de
4941 5341 255 36 Parfumerie
5224 5340 330 44 Legrand-Oriza
5586 5349 7 25 :
5626 5345 85 31 Par-

4026 5371 41 31 12
4083 5371 210 31 demi-litres
4310 5372 133 39 (valeur
4460 5370 124 41 3ofr.).
5014 5388 148 30 fumerie
5180 5387 20 31 à
5217 5387 130 30 choisir
5369 5386 51 38 (35
5437 5387 68 39 fr.).

3953 5418 158 34 Menier
4137 5427 7 25 :
4182 5423 75 31 Une
4285 5426 166 28 caissette
4495 5422 41 32 35
4547 5423 43 30 fr.
4608 5423 121 30 choco-
4942 5435 282 31 Porte-plume
5239 5434 209 23 réservoir
5463 5433 120 24 Swan
5600 5448 6 10 :
5633 5438 77 20 Sty-

4026 5464 109 56 lat^de
4154 5467 283 28 consommation
4456 5467 35 28 et
4505 5464 42 30 de
4563 5466 136 38 goûter.
5014 5481 24 39 l
5038 5481 74 39 ograp
5112 5481 24 39 l
5136 5481 64 39 les
5229 5483 35 27 et
5292 5480 212 31 accessoires
5534 5479 20 31 à
5583 5479 128 31 choisir

3952 5511 61 35 Au
4039 5511 217 35 Bûcheron
4286 5521 7 24 :
4327 5516 286 31 Ameublements
4628 5520 34 27 et
4678 5525 52 22 ar-
5014 5521 51 31 (35
5081 5521 69 30 fr.).
5765 5525 28 32 g

4007 5573 7 8 -
4028 5558 101 31 ticles
4147 5558 41 30 de
4206 5557 148 41 ménage
4369 5556 20 32 à
4404 5557 130 30 choisir
4551 5556 51 40 (35
4618 5556 110 40 fr.).
4940 5568 175 34 Prunier
5142 5576 7 24 :
5170 5571 41 32 35
5221 5572 41 30 fr.
5277 5572 41 30 de
5330 5572 171 33 poissons,
5516 5572 191 30 crustacés,
5765 5563 27 40 B

3952 5604 155 36 Carlier
4134 5610 79 34 (rue
4235 5610 43 30 de
4300 5611 34 29 la
4349 5608 221 36 PaixL'Une
4587 5609 142 30 coiffure
5013 5614 148 30 huîtres,
5193 5614 211 31 coquillages
5419 5642 6 1 .
5439 5622 44 21 ou
5512 5613 92 31 plàts
5636 5613 75 32 spé-
5765 5617 32 26 B

4026 5651 42 31 de
4097 5649 141 33 théâtre
4261 5651 105 30 d'une
4388 5651 122 30 valeur
4529 5650 78 31 bien
4625 5650 103 38 supé-
5013 5655 101 31 ciaux
5130 5663 88 30 pour
5235 5655 34 29 la
5285 5654 90 30 ville.
5765 5643 29 41 fl

4027 5693 116 30 rieure
4167 5692 20 31 à
4204 5693 34 29 la
4255 5692 124 39 prime.
4585 5713 8 4 -
4816 5706 38 31 4-
4937 5702 316 37 Rumpelmayer
5280 5710 7 24 :
5314 5704 220 35 Pâtisseries,
5564 5705 145 32 confise-
5764 5702 36 33 ■

3952 5739 243 39 Compagnie
4225 5738 204 35 Coloniale
4461 5747 8 25 :
4494 5742 90 31 Thés
4602 5752 138 26 -super-,:
5011 5758 70 20 ries
5110 5746 20 32 à
5158 5747 117 32 livrer,
5295 5747 107 31 lunch
5433 5757 44 20 ou
5500 5746 63 31 five
5580 5746 130 31 o'clock
5764 5746 36 33 H|

4026 5786 67 30 lins
4112 5785 51 40 (35
4180 5784 69 41 fr.).
4771 5786 138 33 ""''""'T."
5013 5798 60 22 sur
5090 5789 97 37 place
5205 5787 51 39 (35
5270 5788 68 38 fr.).
5774 5777 25 49 jf

3952 5832 55 35 La
4034 5832 104 34 Cour
4164 5833 151 33 Batave
4347 5840 8 24 :
4390 5835 40 32 35
4455 5835 119 31 francs
4603 5836 123 31 d'arti-
4852 5845 12 6 "
5219 5825 7 43 ^
5772 5825 26 41 1

4027 5879 70 30 cles
4115 5879 41 30 de
4175 5879 103 30 blanc
4296 5877 20 31 à
4333 5877 141 31 choisir.
4842 5879 125 36 NOTA.
4983 5900 36 4 —
5046 5881 67 32 Les
5124 5881 136 34 primes
5277 5881 193 34 marquées
5489 5880 101 31 d'une
5610 5880 101 31 croix
5770 5866 28 54 jl

3952 5926 165 34 Delion:
4138 5930 186 31 Chapeaux
4339 5929 20 31 à
4373 5929 129 31 choisir
4512 5928 50 33 (35
4575 5929 68 32 fr.).
4801 5933 45 22 ne
4868 5926 127 29 seront
5021 5931 66 30 pas
5113 5922 194 39 expédiées
5332 5930 44 22 en
5403 5920 183 40 province.
5608 5920 98 31 Nous
5770 5919 26 31 9

3714 5960 35 39 M
3952 5983 197 16 r.„<T,„nAt
4335 5990 8 8 •
4391 5987 24 12 n
4477 5986 20 13 1,
4544 5987 62 12 +11
4802 5965 224 32 demandons
5042 5972 52 22 un
5112 5962 95 32 délai
5222 5962 42 31 de
5282 5961 39 31 25
5343 5961 101 38 jours
5462 5969 92 30 pour
5576 5960 131 39 l'expé-
5770 5965 16 26 I

3952 5998 197 28 Entrepôt
4171 5998 24 19 d
4211 5998 97 27 Ivry
4335 6008 7 7 .
4391 5998 257 20 Combustibles
4683 5998 44 20 ou
4803 6005 115 31 dition
4937 6006 63 30 des
5018 6004 146 32 primes.
5184 6003 110 31 Passé
5313 6010 39 23 ce
5372 6001 104 35 délai,
5493 6009 91 23 nous
5598 6009 108 27 enga-
5770 6000 14 36 |

4028 6037 160 38 produits
4232 6035 285 30 d'alimentation
4561 6043 21 21 a
4622 6036 106 30 livrer
4803 6055 113 23 geons
4934 6055 67 22 nos
5020 6044 162 32 abonnés
5210 6045 19 29 à
5250 6051 92 23 nous
5377 6050 158 27 envoyer
5552 6049 69 23 une
5649 6042 56 30 ré-
5774 6038 10 45 |

4027 6081 51 41 (35
4095 6081 67 40 fr.).
4802 6086 205 33 clamation.
5760 6102 24 38 I

3811 6236 106 44 Les
3939 6233 253 47 Abonnés
4222 6233 94 47 des
4345 6231 384 49 départements
4804 6242 74 28 cas
4900 6231 54 37 où
4975 6232 64 36 les
5061 6229 242 49 premières
5325 6227 166 49 primes
5512 6226 194 37 seraient
5759 6206 30 57 1

4801 6283 204 36 épuisées
5037 6282 90 37 lors
5160 6283 51 35 de
5244 6281 41 36 la
5318 6279 226 40 réception
5577 6280 52 36 de
5660 6279 43 36 la
5758 6290 32 25 ra

3818 6324 124 36 n'ont
3974 6321 100 47 qu'à
4106 6330 115 27 nous
4252 6329 206 38 envoyer,
4492 6330 105 27 avec
4631 6320 96 37 leur
4800 6337 128 33 lettre
4960 6337 51 35 de
5044 6337 125 33 notre
5202 6330 185 39 abonné.
5758 6317 31 55 |

3817 6377 183 34 mandat
4049 6375 52 35 de
4150 6371 48 37 35
4235 6372 164 44 francs,
4436 6372 43 36 la
4515 6372 100 37 liste
4664 6371 60 37 ci-
4855 6410 17 8 „
5080 6406 9 12 ,

3815 6429 159 35 dessus
4000 6425 130 47 qu'ils
4156 6427 161 34 auront
4343 6423 235 48 découpée.
4603 6424 120 37 Dans
4854 6410 80 37 Les
4956 6406 337 39 marchandises
5315 6407 150 35 seront
5485 6413 219 39 envoyées

3708 6480 148 1660 Ila
3905 6477 135 49 petite
4090 6476 186 37 colonne
4326 6476 75 46 qui
4449 6475 187 48 précède
4685 6475 39 36 le
4799 6471 55 28 en
4885 6463 99 45 port
5016 6461 58 36 du
5108 6469 24 26 a
5165 6457 215 39 domicile.

3816 6540 103 27 nom
3955 6532 75 35 des
4066 6528 211 39 maisons,
4313 6527 55 37 ils
4404 6530 211 34 mettront
4650 6529 74 35 de-

3814 6585 109 34 vant
3947 6581 170 46 chaque
4143 6580 143 47 prime
4312 6589 61 27 un
4400 6578 184 37 numéro
4611 6581 112 34 dans
4862 6577 105 35 £,es
4988 6565 253 46 ADOnneS
5266 6566 63 42 de
5357 6565 21 42 1
5396 6565 241 57 étranger

3814 6634 159 37 l'ordre
4001 6635 51 35 de
4079 6632 98 36 leur
4202 6630 272 46 préférence.
4500 6630 140 43 Ainsi,
4668 6629 54 36 ils

3815 6686 244 36 inscriront
4093 6684 39 36 le
4168 6687 46 32 n"
4249 6683 19 36 1
4306 6685 163 34 devant
4503 6681 41 36 la
4580 6681 142 42 prime
4803 6680 68 42 (70
4907 6677 171 45 francs)
5124 6680 75 34 ont
5236 6676 250 47 également
5523 6676 114 36 droit
5674 6675 24 36 à

3815 6738 130 36 qu'ils
3974 6735 244 39 désiraient
4246 6734 180 38 d'abord
4456 6732 134 42 avoir,
4620 6732 101 42 puis
4798 6736 85 27 une
4911 6725 140 47 prime
5080 6726 51 35 de
5158 6721 384 39 remboursement
5568 6722 128 35 d'une

3813 6790 40 32 le
3881 6792 45 30 n°
3953 6789 22 35 2
4003 6791 163 31 devant
4192 6787 42 35 la
4261 6786 141 40 prime
4431 6784 75 39 qui
4534 6783 186 37 sollicite
4793 6778 155 37 valeur
4983 6778 52 35 de
5071 6774 48 37 35
5155 6775 52 37 fr.
5244 6776 80 36 Les
5360 6772 335 38 marchandises

3815 6841 174 35 ensuite
4036 6840 121 35 leurs
4203 6836 237 40 suffrages,
4473 6838 98 37 etc.;
4611 6837 110 34 cette
4794 6832 151 34 seront
4981 6826 218 48 envoyées
5237 6837 54 26 en
5327 6829 99 44 port
5463 6824 55 38 dû
5556 6827 41 33 et
5631 6824 63 35 les

3815 6891 283 48 désignation
4140 6893 65 34 est
4247 6887 252 38 nécessaire
4542 6895 113 38 pour
4681 6886 39 35 le
4791 6881 109 37 frais
4923 6882 50 35 de
4995 6881 173 36 douane
5190 6881 150 34 seront
5360 6877 24 36 à
5403 6877 97 36 leur
5520 6874 173 47 charge.

4048 7074 143 52 -1PF*
4295 7067 135 52 Les
4474 7063 346 53 Abonnés
4866 7060 93 52 de
5004 7058 239 54 Paris.
5307 7060 148 55 .^Wi

3814 7174 87 38 LES
3915 7170 376 41 ABONNEMENTS
4304 7164 429 43 REMBOURSABLES
4749 7164 32 38 A
4795 7160 322 42 "EXCELSIOR"
5131 7158 193 40 SERONT
5337 7156 157 50 REÇUS
5505 7156 33 38 A
5550 7154 145 39 PARIS

4003 7262 33 46 à
4054 7259 191 63 partir
4271 7254 486 65 d'après-demain,
4787 7252 265 48 vendredi
5082 7248 85 48 18
5185 7246 323 55 novembre,
5751 7229 34 63 i

3870 7362 53 49 90,
3970 7360 125 43 Avenue
4132 7359 53 43 des
4224 7355 318 54 Champs-Elysées,
4580 7353 48 50 11,
4670 7352 172 44 Boulevard
4873 7351 53 44 des
4963 7349 130 44 Italiens
5130 7352 31 40 et
5196 7347 32 50 9,
5268 7345 124 44 Avenue
5428 7343 35 45 de
5500 7343 135 54 l'Opéra.
5752 7328 27 60 i

3813 7445 128 33 Cette
3954 7454 158 24 mesure
4141 7446 59 32 est
4230 7440 103 38 prise
4355 7439 79 36 afin
4456 7437 47 36 de
4525 7440 216 38 permettre
4768 7436 23 36 à
4811 7446 71 26 nos
4909 7432 190 37 Abonnés
5127 7430 47 37 de
5203 7428 184 50 province
5415 7426 47 37 de
5483 7427 215 51 participer
5751 7414 25 51 I

3935 7496 21 36 à
3981 7496 31 35 la
4038 7493 231 49 répartition
4293 7491 47 36 de
4361 7502 71 25 nos
4460 7489 155 36 Primes
4635 7500 51 25 au
4714 7488 129 36 même
4862 7485 94 38 titre
4976 7496 75 38 que
5078 7494 70 25 nos
5169 7484 187 34 Abonnés
5376 7483 47 33 de
5443 7483 129 36 Paris.
5750 7476 26 40 H

3813 7691 65 38 La
3925 7686 289 43 répartition
4261 7685 59 44 de
4357 7697 87 29 nos
4484 7684 192 45 primes,
4721 7693 191 32 comme
4943 7678 31 43 il
5021 7682 70 39 est
5135 7674 229 55 expliqué
5408 7674 108 51 plus
5560 7675 130 48 haut,
5745 7657 32 59 1

3811 7761 60 25 ne
3898 7759 179 27 pourra
4097 7745 103 41 être
4227 7743 117 43 faite
4371 7754 95 32 que
4496 7739 249 47 vendredi,
4772 7744 48 37 et
4848 7751 87 29 nos
4962 7736 205 42 lecteurs
5193 7733 84 50 qui
5301 7734 342 41 souscriraient
5664 7734 25 39 à
5746 7727 33 48 I

3812 7805 143 37 Paris,
3992 7801 313 41 aujourd'hui
4348 7797 236 44 mercredi
4623 7803 49 37 et
4710 7796 194 44 demain
4950 7792 146 49 jeudi,
5139 7790 83 43 des
5267 7789 353 43 abonnements
5664 7788 25 42 à
5747 7784 32 46 i

3810 7860 22 14 "
3856 7859 372 40 EXCELSIOR
4262 7858 22 15 "
4313 7871 60 28 ne
4397 7861 240 38 pourront
4672 7854 178 43 choisir
4864 7857 60 38 .et
4951 7850 171 43 retirer
5148 7861 94 38 que
5271 7847 234 43 vendrèdi
5535 7845 129 43 seule
5747 7840 33 59 |

3811 7924 136 36 ment
3982 7918 44 42 le
4046 7917 96 42 bon
4173 7916 155 44 prime
4361 7914 85 46 qui
4468 7926 178 34 pourra
4681 7912 104 42 leur
4816 7912 102 40 être
4962 7906 223 44 attribué.
5220 7905 90 42 Les
5342 7905 352 43 abonnements
5748 7897 35 49 S

3811 7975 230 45 souscrits
4075 7975 26 42 à
4141 7973 130 43 Paris
4304 7973 26 42 à
4367 7971 152 51 partir
4547 7970 60 43 de
4635 7967 235 45 vendredi
4897 7970 189 43 auront,
5119 7977 59 29 en
5214 7966 332 48 conséquence
5584 7965 110 37 tous
5748 7957 36 79 |

4054 8040 25 41 \
4114 8031 67 43 les
4214 8031 184 42 mêmes
4417 8028 156 44 droits
4599 8032 48 39 et
4670 8032 111 38 tous
4804 8025 67 44 les
4903 8024 183 43 mêmes
5112 8025 270 47 avantages.
5749 8013 35 50 1
