6318 8677
1102 578 216 100 LES
1436 552 520 128 DÉBUTS
2070 576 692 100 OFFICIELS
2880 574 320 100 D'UN
3324 574 618 100 HUSSARD
4064 574 164 100 DE
4346 574 576 112 QUATRE
5032 574 276 98 ANS

1239 4142 81 46 LE
1354 4142 137 49 FILS
1527 4141 94 45 DU
1657 4140 396 46 KRONPRINZ
2094 4138 211 52 PASSE,
2337 4138 140 45 AUX
2512 4132 222 51 COTÉS
2770 4137 88 44 DE
2895 4136 132 46 SON
3065 4124 178 62 PÈRE,
3266 4134 86 46 LA
3380 4133 225 46 REVUE
3639 4132 124 46 DES
3799 4131 432 46 CUIRASSIERS
4267 4130 90 44 DE
4390 4127 87 48 LA
4511 4127 244 51 GARDE,
4792 4124 45 46 A
4871 4121 327 49 POTSDAM

615 4225 212 49 Lorsde
860 4227 49 44 la
949 4227 383 48 récente-visite?
1357 4225 66 48 du
1446 4232 123 43 tsar,
1602 4225 31 44 à
1661 4224 250 49 Potsdam,
1932 4223 43 45 le
2009 4223 89 53 fils
2138 4223 117 44 aîné
2271 4243 2 10 ■■
2287 4222 67 44 du
2395 4222 292 53 kronpriiz--,
2715 4220 43 44 le
2781 4224 175 50 prince
2986 4217 562 50 Guillaume-Frédéric,
3579 4230 32 30 a
3647 4216 102 54 fait
3781 4230 75 34 ses
3884 4213 420 54 .débuts,,officiels
4330 4213 128 43 dans
4475 4211 231 53 .^armée.
4728 4209 53 46 Il
4798 4222 33 38 &
4850 4205 152 58 passé
5012 4219 237 35 entrevue
5402 4202 255 55 bicyclette
5683 4225 41 16 --ë
5746 4200 71 50 les

609 4310 6 7 -
668 4311 15 14 v
714 4311 10 14 ••
1068 4312 6 8 ^
1194 4297 268 54 régiments
1487 4294 60 45 de
1573 4294 49 45 la
1642 4294 69 55 gai
1711 4294 104 55 -de,
1844 4308 58 30 en
1931 4297 286 51 compagnie
2243 4293 59 43 de
2329 4306 84 30 soit
2432 4292 133 54 pèt-e.
2593 4291 69 44 Le
2683 4294 148 51 jeune
2860 4290 190 53 officier
3088 4292 144 42 avait
3260 4291 193 49 revêtu;
3471 4296 125 46 pour
3617 4295 124 37 cette
3770 4290 340 41 circonstance
4138 4283 275 51 solennelle,
4437 4282 254 55 Vélégante
4712 4288 151 36 tenue
4887 4279 84 44 des
4993 4276 254 46 hussards.

974 4506 734 102 L'anniversaire
1788 4504 214 100 d'un
2078 4502 296 124 grand
2456 4508 312 94 artiste

1188 8087 80 44 LE
1307 8085 268 45 MAITRE
1620 8084 219 45 RODIN
1882 8083 184 46 DANS
2109 8084 133 44 SON
2289 8081 297 46 ATELIER

638 8164 78 46 Qn
739 8178 31 31 a
789 8163 105 50 fêté
917 8161 108 46 hier
1048 8161 42 47 le
1120 8160 65 45 70
1220 8164 352 44 anniversaire
1593 8160 65 45 du
1686 8160 186 47 célèbre
1896 8160 254 49 sculpteur
2170 8159 175 45 Rodin.
2371 8157 291 45 Nombreux
2675 8157 177 53 furent
2874 8154 69 43 les
2964 8153 161 44 élèves

641 8230 48 47 çt
725 8221 70 46 les
831 8222 128 42 amis
991 8218 67 46 du
1092 8221 195 47 maître,
1325 8232 83 33 mut
1456 8221 202 42 vinrent
1696 8218 70 43 lui
1804 8219 284 49 témoigner,
2125 8230 96 30 une
2263 8216 90 46 fois
2395 8215 59 45 de
2487 8215 127 53 plus,
2652 8215 110 45 leur
2793 8211 243 57 profonde
3078 8218 49 38 et

1298 8313 13 4 -
1536 8283 341 47 respectueuse
1902 8275 322 46 admiration.

3762 4500 228 102 Une
4082 4496 450 102 nouvelle
4666 4486 708 106 Aventurière"
5484 4574 12 12 .

5508 7995 106 34 Phot.
5640 7993 42 39 Fe
5682 7993 56 39 til
5738 7993 84 39 i»,.-
5847 7977 6 24 ,-

3638 8074 89 48 Mlle
3767 8069 242 52 CÉCILE
4033 8071 208 45 SOREL
4270 8069 182 45 DANS
4489 8059 79 53 LÉ
4597 8063 174 46 ROLE
4807 8063 87 44 DE
4920 8046 600 61 "'L'AVENTURIÈRE",

3333 8151 77 34 La
3434 8150 234 34 brillante
3692 8146 249 38 Célimène
3967 8143 58 41 de
4052 8142 49 42 la
4131 8138 542 46 Comédie-Française,
4694 8132 123 44 Mlle
4845 8131 162 46 Cécile
5034 8128 152 50 Sorel,
5205 8141 31 30 a
5256 8127 115 54 joué
5390 8121 274 50 dimanche,
5683 8128 130 47 pour

3334 8209 52 39 la
3407 8207 251 41 première
3675 8205 116 43 fois,
3815 8203 45 45 le
3881 8201 102 46 rôle
4006 8197 255 51 principal
4285 8197 67 44 du
4379 8194 352 45 cnef.:.d'œttvre
4756 8188 211 46 d"Emile
5011 8188 209 55 Augier.
5254 8183 112 49 Elle
5405 8196 35 45 y
5475 8194 32 33 a
5537 8184 274 52 justement

4301 8260 49 39 et
4367 8252 228 56 joliment
4617 8246 255 57 triot»phd.-

4792 6816 21 76 [texteillisible]
