6318 8677
852 532 36 34 •
1030 494 488 102 Théâtres
1660 536 36 36 •
1840 502 472 118 Musique
2456 542 36 36 •
2640 504 488 106 Concerts
3274 550 36 36 •
3454 516 696 108 Music-Halls
4274 564 36 34 •
4448 528 628 106 Attractions
5216 578 36 36 •

608 688 156 98 Le
836 688 380 98 Conflit

408 830 182 96 des
626 826 790 128 Compositeurs

460 1048 133 42 Est-il
620 1045 170 51 justifié
807 1047 24 40 ?
866 1047 292 47 Aujourd'hui
1186 1049 42 37 et
1256 1047 98 40 hier

454 1166 155 47 Quelle
631 1164 244 51 singulière
900 1164 252 40 discussion
1179 1163 128 50 agite,
1332 1164 74 38 de-

398 1218 105 51 puis
527 1217 215 52 quelques
764 1216 139 50 jours,
928 1216 40 38 le
991 1216 163 39 monde
1178 1216 190 39 musical
1393 1215 9 38 !

400 1269 68 40 On
494 1269 105 49 joue
625 1268 110 50 trop,
761 1267 214 50 paraît-il,
1001 1267 26 38 à
1055 1267 138 47 Paris,
1220 1268 63 38 les
1310 1278 93 28 œu-

398 1331 99 29 vres
524 1319 53 40 de
604 1319 324 49 compositeurs
955 1318 241 49 étrangers.

451 1371 110 47 Quoi
584 1371 19 38 ?
639 1370 38 41 A
714 1370 126 40 Paris
863 1371 19 37 ?
918 1370 121 38 Dans
1078 1371 107 38 cette
1222 1369 104 39 ville
1365 1369 37 40 si

397 1422 187 40 difficile
612 1421 25 39 à
666 1421 248 50 conquérir,
944 1422 35 38 si
1011 1421 232 50 ignorante
1272 1421 52 38 de
1354 1431 48 28 ce

396 1474 76 49 qui
506 1473 112 41 n'est
650 1483 82 40 pas
766 1473 96 46 elle,
897 1473 37 38 si
967 1473 175 47 rebelle,
1175 1472 225 49 jusqu'ici,

396 1536 87 29 aux
534 1524 156 39 choses
741 1525 225 39 d'ailleurs
988 1524 19 38 ?
1057 1524 95 38 Elle
1202 1525 76 47 qui
1329 1524 73 38 n'a

396 1576 176 51 accepté
605 1577 215 48 Wagner,
853 1576 133 47 enfin,
1019 1575 205 50 qu'après
1258 1576 140 39 toutes

392 1628 65 39 les
483 1628 147 38 autres
655 1627 128 40 villes
810 1627 58 38 du
894 1628 175 46 monde,
1095 1627 145 38 même
1268 1626 129 49 après

392 1679 134 39 celles
562 1679 59 38 du
657 1679 147 48 Japon
830 1678 8 38 !
878 1679 67 38 On
981 1678 145 49 jouait
1161 1679 75 37 des
1275 1679 122 48 frag-

391 1730 147 40 ments
571 1730 53 38 de
655 1730 257 49 Lohengriil
943 1729 26 39 à
999 1730 264 39 Yokohama
1292 1730 104 38 bien

393 1782 135 39 avant
563 1781 185 39 l'assaut
785 1781 147 40 donné
971 1781 25 38 à
1034 1782 127 38 Paris
1200 1792 81 38 par
1319 1781 77 39 des

390 1834 267 40 marmitons
692 1832 25 39 à
750 1833 168 47 l'Eden,
952 1833 55 38 où
1031 1833 95 38 l'on
1160 1833 237 47 s'efforçait

390 1885 269 48 d'entendre,
698 1895 104 28 sous
841 1896 88 27 une
967 1885 119 48 grêle
1124 1885 52 38 de
1214 1885 181 49 pierres,

390 1936 98 40 Van
516 1936 123 50 Dyck
664 1936 183 39 chanter
871 1937 40 38 le
936 1936 109 44 récit
1068 1937 57 38 du
1150 1936 144 38 Graal.

441 1987 285 41 Maintenant
758 1988 133 49 qu'on
924 1988 105 39 était
1062 1999 57 27 un
1154 1999 87 38 peu
1274 1988 121 38 tran-

389 2039 151 50 quille,
576 2039 106 51 qu'il
720 2039 161 40 n'était"
906 2040 102 50 plus
1045 2039 350 49 indispensable,

388 2101 114 41 pour
548 2090 213 41 entendre
810 2091 77 39 des
937 2090 356 48 chefs-d'œuvre,
1342 2091 52 38 de

389 2142 191 49 prendre
604 2142 77 39 des
707 2142 141 39 trains
875 2143 41 38 et
939 2143 53 38 de
1018 2142 181 39 dévorer
1224 2143 76 38 des
1322 2143 71 38 ki."

387 2193 222 48 lomètres,
654 2204 107 29 sans
806 2195 148 48 parler
997 2194 75 38 des
1118 2194 275 39 nourritures

387 2245 289 41 fallacieuses
704 2246 105 49 qu'il
836 2246 148 38 fallait
1009 2246 119 38 aussi
1158 2246 161 47 avaler,
1347 2246 45 38 ni

386 2297 78 39 des
500 2297 74 39 lits
610 2297 96 51 trop
744 2308 128 29 mous
909 2297 56 39 où
1002 2297 87 39 l'on
1128 2297 190 39 dormait
1355 2297 37 39 si

385 2349 107 47 llJal,
524 2349 113 39 voici
670 2360 85 38 que
785 2349 93 38 tout
909 2349 66 39 est
1005 2349 134 39 remis
1172 2359 55 28 en
1260 2360 131 38 ques-

383 2400 93 39 tion
502 2399 8 39 !
560 2400 187 49 L'Italie,
796 2400 214 50 paraît-il,
1059 2400 332 50 spécialement,

385 2451 139 40 abuse
548 2463 10 36 ;
584 2452 29 39 il
638 2452 73 50 n'y
733 2463 55 29 en
814 2464 26 27 a
861 2463 85 39 que
969 2464 113 38 pour
1104 2453 93 38 elle.
1221 2453 169 38 Tandis

382 2513 88 40 que
500 2514 70 28 ses
599 2504 161 48 jeunes
791 2505 322 49 compositeurs
1144 2515 46 28 se
1220 2505 169 49 prélas-

383 2555 99 39 sent
505 2566 77 28 sur
606 2566 81 28 nos
712 2555 157 44 scènes
894 2556 389 48 subventionnées,
1308 2567 81 28 nos

381 2606 161 49 jeunes
564 2608 337 49 compositeurs,
924 2608 25 39 à
971 2619 124 37 nous,
1118 2619 46 28 se
1187 2609 202 38 morfon-

381 2657 106 40 dent
519 2658 113 39 dans
669 2670 86 28 une
791 2659 315 40 interminable
1141 2661 175 46 attente,
1352 2661 34 38 si

381 2709 103 39 bien
516 2710 131 49 qu'ils
678 2711 272 39 deviennent
980 2712 76 39 des
1087 2712 143 39 vieux.
1264 2712 124 48 C'est,

382 2771 54 29 en
469 2761 115 49 effet,
615 2762 88 40 très
736 2763 181 49 injuste.
952 2763 46 39 Si
1030 2763 108 48 l'art,
1171 2775 81 37 pas
1285 2765 110 47 plus,

381 2823 84 38 que
506 2813 284 52 l'aéroplane,
832 2815 73 40 n'a
945 2814 25 40 à
1012 2810 257 55 s'inquiéter
1311 2817 76 38 des

380 2864 252 49 frontières,
686 2867 64 39 les
804 2866 162 39 talents
1022 2878 235 28 nouveaux
1313 2868 73 40 de-

382 2916 170 42 vraient
579 2918 156 40 mettre
761 2919 212 49 pourtant
1000 2930 60 30 un
1088 2930 86 38 peu
1202 2920 102 49 plus
1334 2920 52 39 de

380 2968 238 41 discrétion
647 2968 25 40 à
700 2970 65 38 les
795 2970 205 39 franchir
1026 2971 42 39 et
1095 2971 25 38 à
1149 2971 145 40 forcer
1321 2973 63 38 les

378 3018 146 50 portes
546 3020 53 40 de
622 3032 80 28 nos
724 3021 192 41 théâtres
938 3022 364 40 subventionnés.
1324 3025 61 38 Ils

377 3071 40 39 le
447 3072 112 47 sont,
585 3072 260 50 justement,
874 3084 113 40 pour
1014 3075 187 49 pouvoir
1228 3076 157 48 perdre

376 3122 53 40 de
452 3123 189 50 l'argent
663 3135 55 28 en
743 3126 239 44 soutenant
1005 3127 76 39 des
1105 3138 174 31 œuvres
1305 3139 79 27 na-

375 3174 190 43 tionales
595 3176 43 39 et
666 3187 113 41 pour
809 3188 179 29 assurer
1015 3179 98 39 leur
1142 3179 155 40 succès
1329 3191 54 28 en

375 3237 56 29 ne
465 3227 65 40 les
564 3229 185 40 retirant
782 3240 81 39 pas
898 3230 394 50 précipitamment
1325 3232 57 39 du

373 3278 254 51 répertoire,
654 3280 39 39 si
718 3280 41 39 le
785 3281 154 47 public
965 3293 57 28 ne
1047 3283 64 38 les
1140 3285 243 47 comprend

372 3340 84 41 pas
479 3330 229 41 d'emblée.

424 3382 37 39 Il
491 3383 66 40 est
585 3384 168 39 certain
783 3394 85 40 que
896 3386 64 39 lés
990 3387 183 40 maîtres
1203 3388 53 39 de
1284 3389 98 38 tous

372 3444 114 39 pays
506 3435 101 40 sont
626 3434 26 40 à
671 3437 111 41 tous.
804 3438 116 39 Mais
942 3439 30 38 il
992 3440 206 39 vaudrait
1218 3441 164 45 mieux,

372 3486 31 43 il
431 3497 71 31 me
529 3488 184 43 semble,
739 3489 161 42 laisser
925 3490 64 40 les
1016 3491 161 45 jeunes
1205 3493 177 46 réputa-

373 3537 117 41 tions
523 3538 143 42 mûrir
699 3551 60 29 un
793 3552 88 39 peu
915 3542 113 40 dans
1053 3542 106 40 leur
1191 3544 157 39 terroir
1371 3556 8 36 ;

372 3600 57 30 on
452 3599 55 31 ne
528 3590 240 53 risquerait
789 3604 95 39 pas,
907 3594 130 46 ainsi,
1059 3595 53 41 de
1135 3597 247 39 confondre

372 3641 76 39 des
474 3644 323 48 engouements
824 3656 240 36 passagers
1090 3648 41 38 et
1157 3648 76 39 des
1262 3648 122 48 bluff

371 3703 107 30 avec
512 3694 46 41 la
592 3695 121 40 vraie
750 3697 152 48 gloire,
938 3709 37 35 §1
1010 3699 178 46 longue,
1224 3701 96 45 elle,
1357 3701 24 39 à

371 3744 242 41 s'affirmer
637 3748 152 49 quand
815 3749 84 39 elle
924 3750 66 39 est
1015 3751 238 40 définitive.

423 3796 250 50 D'ailleurs,
712 3799 26 39 à
778 3799 209 51 regarder
1026 3803 65 39 les
1132 3804 156 39 choses
1329 3805 52 39 de

368 3848 104 51 plus
502 3860 115 39 près,
647 3861 56 28 on
734 3853 136 41 serait
898 3853 86 39 vite
1014 3856 252 40 convaincu
1297 3867 83 36 que

370 3911 44 30 Cf;
448 3901 112 41 n'est
588 3913 81 39 pas
699 3903 44 39 la
772 3904 182 43 France,
985 3907 116 40 mais
1131 3906 262 48 l'étranger.

369 3952 76 49 qui
471 3953 145 40 aurait
638 3954 54 40 de
714 3954 144 47 justes
882 3957 178 40 raisons
1084 3958 53 41 de'
1162 3971 46 27 se
1233 3962 146 44 plain-

369 4004 90 40 dre.
479 4020 20 20 «
519 4005 68 43 On
606 4006 184 41 envahit
806 4019 82 29 nos
905 4009 194 42 théâtres
1121 4026 37 29 »,
1176 4009 204 44 s'écrient

367 4066 82 31 nos
475 4055 192 44 auteurs.
692 4059 95 46 Que
811 4062 283 48 pourrait-on
1119 4057 107 53 dire,
1252 4066 130 44 alors,

367 4108 104 41 hors
495 4109 54 41 de
572 4121 82 39 nos
680 4110 238 43 frontières
941 4114 18 38 ?

418 4159 161 51 Voyez.
609 4162 178 41 J'ouvre
818 4176 58 27 au
905 4165 165 41 hasard
1101 4179 61 28 un
1193 4170 187 39 numéro

366 4211 60 40 du
451 4213 126 39 Neue
602 4214 128 40 Freie
756 4216 174 49 Presse,
958 4219 53 38 de
1038 4219 187 41 Vienne.
1252 4222 124 39 Voici

366 4271 43 31 le
445 4274 296 41 programma
783 4268 92 39 deii.
910 4270 203 43 théâtres-
1146 4294 14 16 v
1196 4273 184 44 Laktné,

365 4315 45 40 la
435 4317 140 39 Petite
601 4318 317 45 Chocolatière,
945 4322 39 38 le
1010 4324 180 39 Malade
1216 4326 162 45 imagi-

366 4369 139 47 naire,
542 4370 129 39 Kean
709 4371 71 48 (de
820 4373 204 46 Dumas),
1063 4375 40 39 le
1143 4377 236 40 Bourgeon

364 4417 72 51 (de
458 4420 240 51 Feydeau).

417 4472 97 39 J'en
545 4484 136 29 ouvre
710 4487 61 29 un
803 4477 137 48 autre,
969 4480 115 39 celui
1115 4481 54 40 de
1200 4482 177 40 diman-

366 4523 80 40 che
476 4524 191 49 dernier,
697 4528 76 49 qui
805 4529 148 42 donne
982 4532 42 39 le
1054 4532 240 45 répertoire
1325 4536 52 39 de

367 4575 42 41 Ir,
433 4577 215 41 semaine.
674 4579 51 38 Je
751 4580 55 40 lis
840 4591 8 28 :
874 4581 172 42 Monna
1075 4584 171 46 Vanna,
1271 4588 105 36 Car-

367 4639 117 36 men,
518 4628 95 49 Quo
652 4630 135 40 Vadis
808 4632 19 38 ?
860 4632 227 48 Coppélia,
1121 4637 62 39 les
1218 4639 158 39 Contes

364 4678 28 41 d
407 4679 272 48 Hoffmann,
706 4682 40 42 le
772 4684 165 40 Monde
964 4686 57 39 où
1048 4688 89 39 l'on
1162 4690 215 42 s'ennuie,

363 4730 40 40 le
435 4732 162 39 Maître
630 4733 55 39 de
717 4736 182 49 Forges,
932 4738 106 40 etc...
1073 4740 53 39 Et
1159 4742 30 38 il
1224 4754 55 28 en
1314 4746 65 37 est

364 4783 118 43 ainsi
516 4785 114 39 dans
663 4786 46 39 la
741 4788 183 46 plupart
957 4790 78 40 des
1070 4792 215 45 capitales
1320 4797 58 37 du

362 4835 177 41 monde.
1240 4870 16 15 „

414 4892 130 42 Alors
570 4894 50 40 !...
647 4895 34 41 Il
710 4898 135 40 serait
870 4909 119 36 sage,
1014 4900 48 46 je
1087 4903 128 43 crois,
1244 4905 133 40 d'être

361 4944 230 49 prudents.
615 4947 223 42 Profitons
865 4951 53 42 de
944 4952 227 43 l'aubaine
1197 4958 41 40 et
1265 4958 110 39 n'al-

361 4996 100 41 lons
488 5009 82 40 pas
596 4999 173 41 donner
794 5001 142 41 l'éveil
964 5015 88 32 aux
1079 5008 294 42 malheureux

363 5049 180 42 auteurs
580 5050 26 39 à
643 5061 48 30 ce
729 5054 125 50 point
892 5057 278 47 supplantés,
1206 5062 42 38 et
1285 5064 89 40 qui,

362 5110 99 39 eux,
487 5112 46 28 se
559 5103 175 41 taisent.

923 5161 146 37 Judith
1099 5162 181 42 Gautier.

516 5284 97 37 LES
640 5285 201 40 SCENES
867 5286 350 46 LITTERAIRES

360 5384 104 78 Mlle
502 5386 152 78 Sorel
690 5390 132 94 joue
860 5400 28 22 "
914 5392 416 84 l'Aventurière
1348 5402 26 20 "

477 5550 106 47 Elle
597 5555 191 53 évoque
804 5557 159 47 Diane
977 5559 61 45 de
1054 5561 206 47 Poitiers

477 5616 94 46 elle
622 5618 192 48 obtient
861 5637 66 31 un
969 5625 72 44 vif
1095 5629 163 44 succès

416 5725 132 40 C'était
581 5730 79 37 hier
693 5732 41 40 la,
760 5735 156 37 seconde
949 5739 290 38 représentation
1272 5750 32 27 et
1340 5745 35 32 la

365 5776 179 38 première
575 5777 117 35 soirée
721 5779 44 35 de
793 5781 36 33 la
857 5782 137 38 reprise
1022 5784 45 31 de
1098 5786 65 35 l'A
1163 5786 98 35 ventu
1261 5786 115 35 rière.

367 5819 92 37 Mlle
483 5819 119 40 Cécile
630 5823 114 43 Sorel,
768 5838 94 32 pour
884 5828 36 35 la
942 5831 181 39 première
1150 5833 84 37 fois,
1261 5835 116 35 jouait

361 5869 35 31 le
431 5869 211 36 redoutable
677 5872 76 35 rôle
786 5873 45 35 de
865 5874 175 36 Clorinde
1074 5883 35 28 et
1143 5874 51 39 M.
1228 5881 45 31 de
1307 5880 66 34 Fé-

361 5913 119 42 raudy
496 5916 96 34 celui
616 5917 206 37 d'Annibal.

419 5959 101 37 Dans
558 5973 59 25 ces
656 5970 104 31 notes
799 5967 255 39 quotidiennes
1094 5982 62 23 sur
1195 5973 51 33 les
1286 5974 90 32 jeux

360 6005 211 42 éphémères
598 6008 45 36 de
668 6011 35 33 la
729 6011 116 41 scène,
870 6014 133 35 écrites
1029 6027 47 24 au
1102 6017 102 35 point
1231 6019 45 33 de
1303 6032 70 20 vue

364 6051 58 49 du^
445 6059 206 35 spectateur
679 6056 117 41 lettre,
825 6059 24 35 :1
877 6061 171 36 convient
1075 6064 45 35 de
1148 6065 228 34 n'examiner

362 6107 50 33 qu
427 6099 103 41 après
549 6100 35 36 là
609 6114 17 21 «
648 6102 194 38 deuxième
864 6118 17 19 »
906 6118 48 23 ou
973 6107 34 34 la
1032 6120 17 22 «
1071 6110 187 34 troisième
1282 6124 16 20 »
1324 6113 51 33 les

363 6145 219 41 coilléfliç,lls,
597 6148 125 36 même
742 6150 190 42 éprouvés,
955 6154 59 39 qui
1039 6156 178 35 abordent
1239 6158 135 35 d'aussi

362 6192 174 40 difficiles
559 6193 319 45 interprétations;
904 6209 20 24 à
939 6200 34 34 la
988 6200 392 40 Comédie-Française

365 6243 155 34 surtout,
551 6239 47 34 où
628 6242 52 34 les
712 6242 212 40 répétitions
955 6253 83 28 sont
1069 6256 155 26 souvent
1255 6251 119 31 insuf-

367 6281 160 38 fisanccs.

419 6329 52 36 Le
491 6332 195 44 comédien,
686 6332 118 44 pour
827 6337 77 34 être
927 6339 205 38 quelqu'un,
1155 6343 78 34 doit
1254 6346 122 31 prêter

363 6385 39 25 sa
430 6375 58 36 vie
517 6382 36 29 et
582 6388 66 24 son
678 6381 114 35 talent
820 6383 21 36 à
871 6383 63 35 des
964 6397 248 33 personnages
1244 6390 123 36 fictifs.

1476 674 90 36 Mlle
1595 676 115 41 Sorel,
1739 686 110 27 avant
1876 680 112 35 d'être
2019 680 193 41 Célimène,
2240 681 36 34 la
2302 688 180 28 comtesse

1475 720 205 43 Almaviva,
1721 724 194 36 Marianne
1954 738 48 23 ou
2044 726 184 40 Clorinde,
2268 732 54 29 est
2363 726 119 35 Cécile

1475 765 115 36 Sorel.
1623 768 96 35 C'est
1750 770 201 36 l'aventure
1980 772 35 34 la
2044 773 81 39 plus
2157 784 81 22 rare
2267 773 61 39 qui
2358 773 123 40 puisse

1471 812 142 36 arriver
1639 815 20 33 à
1685 827 70 23 une
1781 817 144 35 actrice.
1954 816 79 38 Elle
2058 818 223 35 l'affranchit
2305 819 49 34 du
2380 820 100 33 cruel

1472 858 189 43 esclavage
1687 861 44 34 de
1757 862 35 33 la
1820 863 115 35 scène.

1526 904 140 36 Parure
1698 907 45 35 de
1780 908 114 39 Paris,
1928 909 163 36 virtuose
2125 910 63 35 des
2221 911 189 39 élégances
2444 917 35 29 et

1470 949 64 35 des
1569 952 127 39 grâces
1733 954 206 41 féminines,
1966 956 90 34 Mlle
2093 955 115 41 Sorel,
2232 968 66 30 par
2332 958 34 32 le
2402 958 75 33 seu7

1470 1004 264 33 rayonnement
1759 1000 45 33 de
1830 1012 40 23 sa
1895 1003 257 40 personnalité,
2179 1003 188 42 l'emporte
2395 1015 83 22 sou-

1469 1048 84 28 vent
1580 1055 62 22 sur
1668 1044 175 36 l'héroïne
1868 1047 21 34 à
1914 1047 61 41 qui
2002 1048 67 34 elle
2095 1048 145 41 prêtera
2265 1060 49 22 un
2341 1049 136 34 instant

1468 1099 41 23 sa
1532 1089 92 34 belle
1648 1090 120 34 allure,
1790 1097 34 28 et
1848 1103 57 23 ses
1930 1093 195 35 malicieux
2151 1095 171 33 sourires.

1521 1134 50 35 Ce
1597 1135 76 34 rôle
1698 1136 44 34 de
1769 1137 174 35 Clorinde
1968 1144 56 29 est
2047 1139 239 42 précisément
2310 1140 93 35 celui
2429 1141 45 32 où

1468 1180 101 35 Mme
1620 1180 117 36 Sarah
1788 1184 218 41 Bernhardt,
2056 1185 139 42 malgré
2245 1197 65 23 son
2360 1185 115 41 génie,

1465 1226 148 40 échoua,
1643 1228 109 35 échec
1783 1229 60 41 qui
1874 1230 49 34 lui
1958 1230 55 34 fut
2045 1232 176 40 prétexte,
2253 1243 42 22 en
2332 1233 91 39 1880,
2455 1233 20 33 à

1465 1272 135 40 quitter
1636 1275 35 32 la
1708 1275 399 42 Comédie-Française.
2148 1278 49 35 Le
2233 1278 130 40 public,
2399 1279 75 33 loin

1464 1318 45 33 de
1534 1318 167 35 réserver
1724 1321 46 33 un
1770 1321 77 33 tel
1873 1327 78 28 sort
1975 1322 21 33 à
2022 1323 98 41 Mlle,
2140 1323 111 38 Sorel,
2251 1323 80 38 lui
2356 1335 22 22 a
2405 1324 68 33 fait

1464 1374 48 22 un
1543 1365 123 34 succès
1696 1365 65 34 des
1790 1367 81 40 plus
1899 1367 86 34 vifs.
2017 1368 52 36 La
2097 1369 170 35 nouvelle
2281 1368 206 36 Clorinde,

1462 1420 21 22 a
1504 1415 200 29 nettement
1726 1412 184 41 distingué
1932 1418 35 28 et
1989 1414 163 40 exprimé
2174 1415 52 33 les
2249 1415 99 33 deux
2371 1415 101 34 faces

1462 1455 45 33 de
1545 1467 40 22 ce
1625 1456 86 40 rôle,
1751 1457 151 35 d'abord
1941 1459 34 33 la
2014 1459 249 35 désinvolture
2302 1461 169 41 maligne,

1461 1501 79 40 puis
1568 1502 35 33 la
1630 1502 167 35 sincérité
1827 1503 234 35 frémissante
2089 1512 35 26 et
2152 1506 246 34 douloureuse
2426 1507 45 33 de

1460 1546 243 35 l'amoureuse
1728 1548 203 41 régénérée.
1961 1550 72 33 Par
2057 1550 130 35 l'ovale
2212 1552 49 32 du
2285 1552 125 41 visage
2435 1558 36 28 et

1461 1593 33 33 la
1527 1593 147 35 courbe
1695 1592 49 35 du
1768 1595 126 41 profil,
1928 1607 65 30 par
2028 1596 261 41 l'agencement
2323 1598 49 38 si,
2388 1609 82 29 gra-

1460 1638 107 34 cieux
1603 1639 45 34 de
1683 1640 35 33 la
1753 1640 166 39 coiffure,
1959 1642 89 33 Mlle
2088 1642 104 35 Sorel
2230 1644 239 39 ressemblait,

1458 1684 77 35 hier
1567 1685 85 39 soir,
1685 1686 20 33 à
1737 1686 226 35 l'admirable
2005 1693 36 29 et
2082 1688 239 42 prismatique
2355 1689 118 34 Diane

1458 1730 44 34 de
1531 1730 168 35 Poitiers.-

1511 1777 238 40 Néanmoins,
1790 1778 125 35 faut-il
1954 1781 180 39 quereller
2174 1792 66 22 son
2278 1783 189 33 costume?

1459 1822 55 34 De
1537 1824 89 40 goût
1650 1824 140 40 parfait
1814 1837 43 21 en
1883 1825 187 35 lui-même
2087 1832 43 27 >et
2154 1838 66 30 par
2244 1839 58 22 ses
2327 1829 141 32 colora-

1457 1868 107 41 tions,
1590 1869 24 33 il
1640 1881 57 22 me
1723 1871 118 41 parait
1867 1882 68 29 que
1962 1883 57 22 ses
2046 1872 139 34 relevés
2213 1885 62 21 sur
2300 1873 52 34 les
2378 1874 90 33 han-

1457 1914 85 34 ches
1572 1921 156 36 coupent
1757 1917 34 33 la
1821 1916 97 42 ligne
1948 1917 90 34 dans
2069 1918 52 33 les
2151 1919 136 39 grands
2318 1930 149 23 mouve-

1457 1965 118 29 ments
1597 1961 258 42 dramatiques.
1880 1963 59 33 Au
1962 1963 151 40 théâtre,
2136 1965 235 34 l'exactitude
2393 1965 74 34 his-

1457 2006 142 41 torique
1626 2007 78 34 doit
1730 2008 172 40 toujours
1930 2019 125 30 passer
2082 2009 106 41 après
2215 2010 251 42 l'expression.

1510 2052 50 35 M.
1580 2053 45 34 de
1646 2051 168 43 Péraudy
1833 2054 91 34 n'est
1944 2066 63 30 pas
2028 2055 278 41 physiquement
2325 2057 33 33 le
2377 2056 89 34 dan-

1456 2109 139 30 gereux
1635 2099 195 41 escogriffe
1867 2100 170 39 Annibal,
2076 2107 35 28 et
2149 2101 24 34 il
2212 2102 135 34 semble
2385 2102 81 34 bien

1455 2155 69 30 que
1561 2143 162 41 Fabrice,
1760 2145 85 34 d'un
1881 2158 93 30 coup
2010 2147 45 33 de
2091 2147 121 41 poing,
2250 2159 84 22 sans
2370 2148 95 40 duel,

1452 2190 206 35 l'étendrait
1684 2191 53 41 là;
1766 2192 92 34 mais
1885 2191 24 35 il
1937 2204 20 23 a
1983 2191 87 41 joué
2098 2193 35 34 la
2160 2193 107 34 scène
2294 2193 174 35 d'ivresse

1457 2247 86 24 •avec
1576 2248 70 23 une
1679 2238 270 41 incomparable
1982 2239 164 35 maîtrise
2180 2245 34 28 et
2247 2251 71 23 une
2351 2240 97 34 admi

1455 2284 98 33 rable
1577 2283 205 41 gradation.

1506 2330 50 37 Le
1587 2330 191 42 complexe
1809 2330 77 35 rôle
1917 2330 45 35 de
1994 2329 100 36 Celic
2125 2337 86 28 veut
2242 2331 46 35 de
2319 2332 36 34 la
2385 2332 79 41 jeu-

1453 2387 106 23 nesse
1585 2376 93 34 mais
1705 2376 98 33 aussi
1830 2388 48 22 un
1905 2377 91 41 petit
2023 2377 54 33 air
2105 2378 146 34 réfléchi
2279 2384 35 28 et
2341 2379 122 34 résolu

1454 2422 59 41 qui
1549 2433 46 23 ne
1627 2427 86 29 sont
1747 2433 65 30 pas
1848 2429 80 27 tout
1964 2424 20 33 à
2021 2423 69 34 fait
2125 2424 189 41 l'apanage
2349 2424 45 34 de
2429 2425 35 34 la

1452 2468 212 34 charmante
1697 2468 89 35 Mlle
1817 2468 168 37 Lifraud.

1507 2514 187 41 Pourquoi
1732 2519 121 31 a-t-011
1891 2515 147 34 modifié
2074 2515 36 34 la
2146 2516 92 36 mise
2275 2527 45 23 en
2358 2517 106 35 scène

1452 2571 92 31 pour
1574 2560 142 34 arriver
1747 2560 21 34 à
1797 2561 122 41 placer
1951 2561 90 35 dans
2072 2573 50 22 un
2154 2562 105 41 angle
2289 2563 37 33 la
2356 2563 106 35 scène

1452 2606 154 43 capitale
1635 2606 44 34 de
1708 2606 35 34 la
1772 2606 99 43 pièce
1893 2607 15 33 ?

2072 2653 146 35 Gabriel
2253 2655 156 34 BOISSY.

1652 2776 178 100 Les
1896 2776 364 102 Débuts

1927 2892 56 45 de

1447 2969 330 78 l'Auteur
1813 2969 96 78 de
1947 2973 37 24 "
2016 2968 377 80 Paillasses
2432 2970 32 22 "

1712 3090 146 62 dans
1893 3090 302 76 l'opérette

1514 3245 468 71 LEONCAVALLO
2014 3246 46 56 A
2091 3246 302 58 L'APOLLO

1494 3373 192 45 L'Apollo
1735 3383 24 27 a
1806 3374 143 46 répété
1996 3375 320 46 généralement,
2366 3375 94 37 hier

1446 3421 95 41 soir,
1576 3421 241 40 Malbrouck
1850 3422 86 35 s'en
1970 3425 178 34 va-t-en
2180 3433 163 34 guerre,
2379 3433 81 26 une

1442 3467 187 45 opérette
1662 3469 71 44 q.ui
1767 3478 51 26 ne
1852 3478 227 36 manquera
2112 3479 73 35 pas
2220 3470 49 35 de
2303 3480 153 35 provo-

1443 3523 102 36 quer
1585 3524 57 25 un
1681 3515 129 45 grand
1850 3515 265 36 mouvement
2155 3516 51 36 de
2245 3517 210 42 curiosité,

1446 3560 245 45 puisqu'elle
1722 3561 63 36 est
1815 3561 167 37 l'œuvre
2013 3562 55 36 du
2099 3563 282 45 compositeur
2412 3563 49 37 de

1442 3607 213 42 Paillasse,
1683 3608 48 35 M.
1758 3609 285 35 Leoncavallo.

1499 3653 65 43 Or,
1589 3655 49 35 M.
1661 3655 273 37 Leoncavallo
1956 3665 103 27 nous
2084 3656 167 37 confiait
2275 3668 8 25 :

1495 3746 53 5 —
1576 3724 105 37 C'est
1709 3726 109 42 Lalo,
1849 3727 72 45 qui
1952 3726 67 36 fut
2047 3728 177 36 souvent
2251 3729 35 35 si
2316 3729 144 36 sévère

1445 3781 105 35 pour
1576 3782 67 26 ma
1672 3773 204 46 musique,
1906 3774 71 45 qui
2005 3774 225 37 découvrit'
2249 3776 97 36 chez
2376 3777 80 35 moi

1446 3819 204 36 certaines
1698 3821 180 45 qualités
1925 3823 251 45 comiques...
2223 3823 124 36 Aussi
2395 3834 65 26 me

1446 3867 157 46 suis-je
1635 3868 143 45 essayé
1809 3868 101 36 dans
1953 3878 46 27 ce
2043 3879 136 36 genre,
2226 3880 97 27 avec
2352 3872 106 35 Mal-

1447 3914 164 42 brouck,
1646 3925 79 35 que
1759 3915 141 45 j'aime
1933 3916 41 36 et
2007 3917 71 43 qui
2114 3927 64 27 me
2211 3918 158 44 change
2406 3929 53 26 un

1444 3971 79 35 peu
1546 3961 49 37 de
1619 3963 38 35 la
1681 3963 190 36 tristesse
1893 3963 56 36 du
1971 3963 144 38 drame
2138 3965 47 35 !...
2211 3965 101 36 Sans
2338 3967 117 35 tran-

1444 4008 127 40 sition
1599 4009 193 44 brusque,
1823 4020 99 27 avec
1949 4021 67 26 ma
2052 4025 17 18 «
2101 4012 186 36 manière
2319 4026 36 28 ,»,
2385 4014 69 43 j'ai

1448 4056 197 44 pourtant
1668 4058 129 35 voulu
1824 4058 108 36 faire
1959 4059 48 35 de
2035 4060 38 35 la
2099 4060 193 44 musique
2317 4060 155 43 bouffe,

1443 4103 41 36 et
1506 4104 243 46 parodique.
1773 4105 77 36 J'ai
1876 4106 172 45 parodié
2074 4106 136 37 toutes
2236 4108 58 36 les
2320 4109 134 35 musi-

1443 4160 110 36 ques,
1581 4152 147 45 depuis
1754 4152 37 37 la
1816 4153 156 36 nôtre...
2000 4151 70 39 la'
2070 4151 195 39 mienne.,.
2290 4155 166 45 jusqu'à

1443 4199 100 35 celle
1571 4199 50 35 de
1650 4200 181 45 Wagner
1859 4201 41 36 et
1928 4201 50 38 de
2008 4201 179 37 Strauss.
2218 4203 235 43 Romances,

1445 4245 41 49 m
1486 4245 227 49 vocations,
1713 4245 312 49 -tri-quatuor,
2063 4249 93 37 rien
2191 4250 105 37 n'est
2329 4250 145 44 épar-"

1442 4293 76 45 gué
1542 4293 7 35 !
2403 4298 13 33 ^

1491 4362 55 5 —
1567 4341 102 37 Mais
1693 4342 107 36 celle
1823 4342 117 44 pièce
1962 4343 219 38 n'a-t-elle
2204 4354 74 34 pas
2303 4344 153 38 obtenu

1440 4387 95 46 déjà
1560 4398 56 26 un
1640 4390 130 44 grand
1796 4391 141 35 succès
1965 4400 50 26 en
2040 4392 119 35 Italie
2182 4392 17 35 ?

1491 4457 54 5 —
1576 4435 89 44 Oui,
1701 4438 158 44 répond
1892 4439 49 34 M.
1975 4439 283 43 Leoncavallo,
2295 4439 42 37 et
2368 4441 85 35 cela

1442 4492 64 27 me
1533 4483 78 35 fait
1639 4485 169 44 espérer
1835 4495 79 34 que
1943 4486 38 36 la
2008 4486 181 45 critique
2215 4487 240 44 parisienne

1439 4539 93 27 sera
1557 4530 96 37 bien
1680 4531 190 46 disposée
1895 4543 107 34 pour
2029 4534 116 35 elle...

1496 4592 18 17 »
1539 4578 56 36 Le
1616 4579 124 36 livret
1759 4579 49 36 de
1829 4580 126 43 Nessi,
1978 4581 210 44 pourtant,
2212 4591 22 26 a
2254 4582 65 37 été
2339 4592 114 26 com-

1441 4624 227 45 plètement
1690 4626 129 36 refait
1841 4626 121 38 d'une
1990 4628 118 44 façon
2130 4628 226 37 délicieuse
2381 4640 75 34 par

1443 4673 34 35 le
1497 4673 219 37 charmant
1737 4675 182 36 Maurice
1940 4676 217 36 Vaucaire.
2180 4677 29 34 Il
2233 4686 22 26 a
2275 4677 66 38 été
2362 4687 90 26 mo-

1441 4718 164 38 dernisé
1641 4720 41 36 et
1715 4721 254 37 transformé
2005 4732 52 26 au
2092 4723 100 45 goût
2225 4724 71 36 des
2332 4725 121 35 Pari-

1441 4767 121 39 siens.
1590 4768 124 36 Aussi
1744 4768 109 45 ai-je
1881 4769 54 37 dû
1965 4770 134 36 écrire
2126 4771 212 43 plusieurs
2369 4772 83 35 airs

1442 4813 40 36 et
1513 4815 164 44 ajouter
1707 4816 199 43 quelques
1937 4818 197 35 numéros
2165 4818 23 36 à
2219 4828 67 26 ma
2316 4820 136 41 parti-

1441 4860 98 37 tion.
1570 4875 18 18 »

1493 4920 52 36 Et
1575 4922 49 34 M.
1656 4921 271 39 Leoncavallo
1959 4924 151 46 ajoute,
2146 4924 22 37 à
2198 4934 153 37 propos
2383 4925 70 37 des

1439 4970 302 43 compositeurs
1773 4970 226 46 d'opérette
2023 4982 7 25 :
2088 5001 11 10 ,

1490 5049 54 5 —
1572 5028 30 35 Il
1634 5038 27 34 y
1688 5039 24 25 a
1742 5029 108 36 deux
1879 5029 171 38 maîtres
2081 5040 80 36 que
2190 5031 192 46 j'admire
2414 5032 39 36 et

1441 5084 79 35 que
1541 5075 142 45 j'aime
1707 5086 7 25 :
1741 5076 225 37 Offenbach
1992 5078 42 35 et
2055 5078 145 47 Lecoq.

1494 5123 99 36 Puis
1621 5124 49 35 M.
1698 5124 273 36 Leoncavallo
1997 5125 92 43 cite,
2120 5136 97 26 avec
2244 5136 81 27 une
2353 5137 100 26 con-

1439 5170 215 36 naissance
1690 5171 184 42 parfaite
1911 5171 41 36 et
1987 5182 97 26 avec
2133 5183 57 25 un
2237 5174 216 43 jugement

1441 5216 223 44 favorable,
1692 5218 57 37 les
1773 5227 163 27 oeuvres
1961 5219 48 38 de
2034 5220 178 36 l'auteur
2236 5221 49 36 de
2310 5221 39 36 la
2370 5222 81 35 Pé-

1437 5264 37 34 ri
1477 5264 129 36 choie.

1488 5333 55 5 —
1572 5312 147 37 J'aime
1755 5313 112 36 aussi
1901 5313 213 47 beaucoup
2151 5314 126 37 Louis
2311 5316 142 36 Ganne

1439 5361 36 32 et
1501 5360 127 35 Henri
1653 5360 290 43 Hirschmann,
1968 5362 82 44 qui,
2077 5362 22 35 à
2122 5372 96 26 mon
2241 5363 100 43 avis,
2367 5364 86 36 doit

1440 5406 140 36 mieux
1615 5407 160 35 réussir
1809 5408 102 36 dans
1960 5408 215 46 l'opérette
2223 5419 80 35 que
2352 5411 101 35 dans

1440 5452 162 46 l'opéra.
1629 5454 137 41 Quant
1790 5464 81 26 aux
1895 5456 304 44 compositeurs
2225 5457 225 45 étrangers,

1435 5509 43 26 cc
1507 5501 121 45 qu'ils
1656 5501 188 37 écrivent
1872 5502 63 36 est
1962 5503 84 36 très
2074 5503 98 36 bien
2200 5504 118 36 fait...
2348 5506 102 34 Mais

1435 5556 157 27 comme
1624 5557 104 26 nous
1759 5558 178 27 sommes
1969 5551 84 34 loin
2084 5551 48 35 de
2164 5551 39 36 la
2232 5561 136 33 verve,
2401 5553 49 35 de

1440 5594 8 35 1
1466 5595 132 44 esprit
1632 5594 41 37 et
1705 5595 48 37 de
1790 5596 279 46 l'inspiration
2103 5597 71 37 des
2208 5598 173 37 maîtres
2406 5600 45 36 !...

1438 5642 53 34 Ils
1513 5642 80 41 ont,
1617 5642 100 35 dans
1740 5642 93 36 tous
1856 5644 57 35 les
1934 5653 79 32 cas,
2037 5654 45 26 ce
2103 5645 77 36 don
2205 5646 246 44 particulier

1440 5689 68 45 qui
1542 5689 179 36 consiste
1754 5690 23 36 à
1809 5690 109 38 faire
1949 5692 179 45 quelque
2160 5692 163 38 chose...
2355 5703 98 27 avec

1439 5745 118 39 peu...

1489 5806 60 35 En
1558 5807 63 43 tlii,>
1643 5816 159 28 comme
1822 5818 103 26 nous
1947 5809 278 46 interrogions
2247 5812 48 35 M.
2315 5812 136 36 Leon-

1436 5854 157 36 cavallo
1617 5863 73 28 sur
1713 5864 64 27 ses
1800 5856 159 45 projets
1984 5856 41 37 et
2047 5867 65 26 ses
2138 5858 227 39 intentions
2389 5869 7 26 :

1489 5933 55 6 —
1578 5913 41 35 Si
1655 5912 42 42 je
1732 5914 262 37 continuerai
2032 5916 23 36 à
2091 5916 108 37 faire
2236 5917 49 36 de
2323 5918 145 42 l'opé-

1439 5959 106 36 rette
1567 5960 17 35 ?
1615 5960 48 35 Je
1697 5960 91 37 n'en
1822 5962 83 35 sais
1939 5963 91 34 rien
2064 5973 159 26 encore.
2258 5965 105 35 C'est
2396 5976 56 25 un

1440 6005 285 45 délassement,
1762 6017 259 36 voye/-vous
2045 6009 7 35 !
2091 6011 163 36 llossini
2291 6022 22 25 a
2348 6013 106 35 écrit

1438 6053 237 36 Guillaume
1701 6055 87 35 Tell
1812 6056 41 35 et
1876 6056 36 36 le
1934 6057 178 35 Barbier
2130 6068 13 27 ;
2167 6059 219 41 Donizetti,
2415 6060 39 35 la

1436 6099 197 36 Favorite
1664 6102 41 34 et
1736 6101 39 35 la
1803 6102 106 36 Fille
1939 6103 56 35 du,
2025 6104 219 42 Régiment
2262 6116 13 26 ;
2306 6106 145 36 Offen-

1437 6145 115 43 bacli,
1591 6147 57 35 les
1685 6147 147 36 Contes
1866 6149 271 41 d'Hoffmann
2173 6152 41 35 et
2248 6152 203 41 Orphée...

1436 6192 75 36 J'ai
1547 6203 54 24 vu
1636 6194 59 36 les
1729 6195 146 36 Contes
1910 6205 98 26 avec
2042 6196 58 36 les
2138 6211 18 18 «
2193 6199 118 41 types
2346 6213 18 18 »
2402 6201 50 32 de

1438 6239 38 36 la
1501 6239 224 37 création...
1750 6241 142 37 J'étais
1917 6243 137 43 jeune,
2080 6244 215 42 j'habitais
2322 6247 128 40 Paris,

1437 6286 102 36 dans
1571 6296 45 25 ce
1650 6286 214 45 temps-là,
1900 6289 77 35 et...
2010 6290 43 42 je
2086 6293 211 41 mangeais
2331 6294 50 36 de
2414 6295 38 36 la

1444 6346 17 18 «
1487 6333 124 47 vache
1611 6333 207 47 enragée!
1841 6335 25 34 !
1866 6335 26 34 x

1489 6419 33 8 ...
1549 6392 48 35 M.
1625 6392 272 36 Leoncavallo
1923 6393 143 37 devint
2091 6397 151 36 rêveur
2266 6398 7 36 !

2812 738 158 80 LA
3054 730 736 96 RÉPÉTITION
3870 738 654 98 GÉNÉRALE
4608 760 158 80 DE
4850 764 564 86 L'APOLLO

5213 3311 107 34 Phot.
5347 3313 172 33 Larcher.

2606 3382 323 63 Malbrouck
2972 3382 109 64 s'en
3118 3400 205 45 va-t-en
3371 3409 200 47 guerre,
3619 3392 241 63 opérette
3909 3412 68 36 en
4031 3389 44 61 4
4123 3400 164 56 actes,
4352 3388 71 63 de
4476 3389 169 63 MM.
4704 3390 278 63 Vaucaire
5031 3404 53 50 et
5133 3392 184 69 Nessi,
5356 3406 253 62 musique

3545 3466 70 61 de
3646 3467 400 65 Leoncavallo.
4077 3491 87 30 —-
4211 3471 268 64 Premier
4518 3482 138 51 acle.

2522 3646 117 78 Un
2656 3646 305 98 Mariage
2979 3680 145 44 sous
3143 3646 89 78 les
3250 3651 290 94 auspices

2700 3776 87 79 du
2830 3774 36 25 "
2900 3776 171 78 Petit
3112 3776 178 79 Dieu
3319 3775 37 23 "

2586 3946 76 42 Mlle
2682 3946 140 42 Jeanne
2845 3947 90 51 Rolly
2956 3947 139 52 épouse
3119 3947 39 41 M.
3181 3946 130 42 Gaston
3334 3947 139 42 Dubosc

2566 4065 53 37 Ce
2650 4064 66 38 fut
2751 4077 52 25 un
2837 4066 99 45 petit
2971 4065 221 38 événement
3224 4065 90 38 bien
3348 4065 183 47 parisien.

2518 4111 93 37 Mlle
2643 4113 151 36 Jeanne
2827 4113 115 45 Rolly
2975 4113 178 46 épousait
3186 4113 53 36 M.
3275 4113 145 36 Gaston
3456 4113 80 36 Du-

2516 4160 99 35 bose.
2650 4160 148 45 Depuis
2832 4160 58 36 six
2924 4160 199 44 semaines,
3158 4160 53 36 les
3243 4161 101 36 deux
3378 4159 154 37 artistes

2513 4205 189 46 jouaient,
2723 4206 30 39 à.
2769 4207 210 44 l'Athénée,
3001 4209 34 35 le
3055 4209 104 38 Petit
3180 4209 111 35 Dieu.
3319 4220 19 21 «
3356 4206 52 37 -Le
3430 4207 115 41 Petit,

2518 4253 98 36 Dieu
2648 4266 37 32 »,
2719 4253 22 37 à
2773 4266 68 25 son
2874 4257 101 40 tour,
3007 4253 90 39 s'est
3128 4253 92 46 joué
3253 4253 147 40 d'eux,,,
3433 4265 102 34 pour

2517 4300 81 36 leur
2622 4301 102 44 I)Itis@
2736 4301 147 44 grande
2906 4302 90 43 joie.

2568 4346 55 36 Or
2646 4348 203 44 doneques,
2873 4359 143 25 comme
3031 4355 58 28 'on
3113 4346 115 38 disait
3252 4360 50 24 au
3323 4348 76 37 bon
3424 4347 113 37 vieux

2512 4396 137 42 temps,
2687 4394 53 36 les
2777 4395 100 35 deux
2912 4394 140 37 fiancés
3089 4394 254 45 pénétraient,
3379 4394 95 45 hier,
3510 4394 23 36 à

2517 4453 92 24 onze
2631 4442 147 43 heures,
2800 4442 97 35 dans
2918 4442 38 35 la
2977 4441 135 37 mairie
3134 4442 52 36 du
3206 4441 175 37 seizième
3403 4452 134 27 arron-

2516 4487 215 36 dissement.
3459 4517 6 2 -

2565 4534 191 45 Quelques
2785 4534 153 37 intimes
2969 4535 209 37 seulement
3219 4548 47 24 en
3297 4536 138 36 dehors
3466 4536 66 36 des

2512 4580 161 37 témoins
2697 4594 8 23 :
2728 4581 98 36 MM.
2848 4582 146 36 Adrien
3018 4582 205 36 Bernheim
3244 4585 37 34 et
3302 4582 103 37 Léon
3427 4583 103 36 Gan-

2516 4627 109 37 dillot
2657 4640 101 33 pour
2790 4628 93 37 Mlle
2914 4630 152 35 Jeanne
3098 4630 126 44 Rolly,
3256 4637 38 29 et
3326 4629 96 37 MM.
3457 4630 76 36 Ro-

2513 4675 101 35 main
2672 4675 141 36 Coolus
2869 4678 37 34 et
2961 4676 201 45 Alphonse
3218 4676 156 37 Franck
3428 4688 101 34 pour

2511 4721 52 36 M.
2585 4722 145 36 Gaston
2751 4722 165 44 Dubosc,
2933 4735 26 33 y
2977 4722 231 37 assistaient.

2550 4768 156 37 Chacun
2727 4768 93 37 était
2840 4769 130 45 pressé
2990 4770 46 36 de
3054 4769 198 44 rejoindre
3270 4781 70 25 son
3358 4769 168 37 théâtre:

2513 4815 54 35 M.
2609 4814 202 46 Alphonse
2854 4816 166 38 Franck,
3062 4816 183 45 l'Apollo,
3288 4817 49 36 où
3378 4817 35 36 le
3454 4816 79 37 soir

2513 4862 119 36 même
2664 4862 104 36 avait
2801 4862 77 37 lieu
2909 4863 37 35 la
2979 4862 178 45 générale
3190 4863 46 36 de
3267 4864 228 36 Malbrouck
3515 4876 16 32 ;

2514 4909 97 36 MM.
2634 4909 165 36 Romain
2823 4909 141 37 Coolus
2984 4912 37 34 et
3044 4909 145 37 Gaston
3213 4910 152 36 Dubosc
3389 4910 145 37 l'Athé-

2515 4956 78 42 née,
2618 4956 50 36 où
2691 4956 79 35 l'un
2795 4959 58 33 est
2876 4955 165 37 l'auteur
3065 4959 35 33 et
3127 4955 137 38 l'autre
3289 4957 34 36 le
3338 4956 197 46 principal

2510 5002 213 43 interprète
2755 5003 46 36 de
2833 5003 37 35 la
2901 5001 108 46 pièce
3041 5003 267 36 actuellement
3340 5015 47 25 en
3418 5016 112 24 cours

2513 5049 45 35 de
2587 5048 240 45 répétitions.

2562 5095 71 36 Les
2661 5095 99 36 deux
2788 5095 127 43 époux
2942 5107 40 25 se
3007 5095 127 37 virent
3161 5096 97 37 donc
3284 5095 84 38 fort
3394 5109 78 32 peu
3497 5098 35 36 le

2510 5140 91 46 jour
2636 5142 46 35 de
2717 5142 82 35 leur
2833 5141 182 45 mariage.
3053 5143 203 44 Pourtant,
3291 5143 34 37 le
3359 5143 89 45 soir,
3483 5144 47 36 ils

2510 5187 179 45 jouèrent
2718 5188 52 36 les
2797 5188 129 37 scènes
2953 5189 173 36 d'amour
3152 5190 47 36 de
3227 5190 36 35 la
3289 5190 168 37 comédie
3484 5192 46 36 de

2514 5234 52 37 M.
2600 5234 115 36 Louis
2745 5235 122 36 Artus
2897 5247 90 24 avec
3018 5236 89 44 plus
3138 5236 46 36 de
3213 5237 156 36 chaleur
3398 5249 135 25 encore

2510 5293 71 32 que
2606 5281 46 36 de
2676 5283 186 34 coutume.

3212 5327 43 36 R.
3284 5327 192 37 TRÉBOR.

514 6528 198 88 Une
786 6536 170 82 fête
1042 6548 322 78 second
1452 6550 352 98 Empire
1878 6556 48 74 à
2008 6554 548 84 l'ambassade
2642 6560 148 80 des
2874 6560 502 82 Etats-Unis

551 8165 98 41 Mite
676 8166 115 46 Lucy
818 8168 226 38 Yau-xhuix
1111 8172 47 36 M.
1197 8174 291 39 MESMAECKEK
1765 8183 94 38 Mlle
1887 8184 163 37 Chasle
2307 8187 48 36 M.
2396 8188 246 38 Cazeneuve
2827 8192 95 35 Mlle
2946 8191 161 37 Al'lettt3
3131 8192 206 37 DORGÈRE.

2646 5452 190 100 Les
2908 5450 494 104 Théâtres

2883 5629 52 29 LA
2964 5620 196 37 JOURNÉE

2553 5679 55 30 Au
2633 5678 144 32 théâtre
2804 5679 43 32 de
2872 5679 155 39 l'Apollo
3059 5689 7 21 :
3094 5680 28 30 A
3145 5681 21 30 8
3188 5680 34 32 h.
3247 5680 71 37 3/4,
3344 5681 182 40 première

2514 5720 293 39 représentation
2828 5722 45 30 de
2889 5721 219 31 Malbrouch:
3125 5722 78 31 s'en
3221 5723 144 31 va-t-en
3382 5731 148 29 guerre,

2513 5759 165 43 opérette
2727 5769 42 23 en
2798 5762 90 31 trois
2913 5763 100 31 actes
3062 5763 44 31 de
3132 5764 84 31 MM.
3242 5765 164 31 Maurice
3431 5765 99 31 Vau-

2514 5803 97 31 caire
2641 5803 35 31 et
2701 5803 40 31 A.
2770 5803 119 37 Nessi,
2917 5804 172 41 musique
3117 5804 46 33 de
3190 5805 47 32 M.
3265 5806 122 39 Roger
3408 5806 122 31 Leon-

2513 5844 154 32 cavallo.

2510 5902 97 28 Miles
2632 5903 324 28 Ccsbron-Norbens
3040 5903 80 28 Alba

2632 5939 111 29 Mlll'ia
2755 5938 172 35 Dhercilly
3041 5939 159 29 Conchita

2633 5974 90 26 Alice
2752 5973 94 28 Milct
2986 5976 8 11 '
3039 5975 56 26 Est
3102 5975 81 27 relia

2510 6009 74 28 MM.
2609 6008 189 29 COl'racietti
3038 6010 166 35 JJr:lliol'o
3204 6010 56 35 ugh

2632 6044 83 27 Panl
2737 6044 104 28 Ardot
3038 6045 44 27 Le
3112 6045 214 28 Chambellan

2636 6079 160 27 Coulomb
3039 6081 148 26 Renabto

2633 6114 135 27 Servais
3038 6116 45 26 Le
3109 6116 105 32 Calife
3240 6116 41 27 de
3308 6117 152 29 Cordoue

2633 6150 162 29 Saidreatl
3040 6151 184 28 Garannao.

2850 6238 71 43 Un
2943 6254 204 38 à-propos
3175 6240 293 54 moliéresque.

2561 6313 55 34 Ta
2660 6309 418 46 Comédie-Française,
3120 6324 101 34 pour
3262 6312 35 37 lé
3338 6314 188 44 prochain

2512 6370 87 23 ai;,.,
2617 6358 65 36 ,t;,
2682 6358 93 36 saire
2808 6358 46 35 de
2889 6357 171 37 Molière.
3096 6358 170 37 donnera
3301 6373 74 24 une
3408 6361 121 36 comé-

2511 6405 61 36 die
2599 6405 189 43 à-propos
2817 6405 93 36 dont
2937 6405 33 36 le
2996 6405 105 44 sujet
3127 6407 223 43 rappellera
3377 6407 35 37 le
3437 6420 91 32 pro-

3601 3641 88 38 cédé
3727 3643 169 37 heureux
3934 3645 94 37 dont
4065 3657 71 25 usa
4173 3645 54 37 M.
4268 3644 220 40 Courteline
4527 3657 90 26 avec

3599 3691 34 35 le
3659 3691 282 45 Misanthrope.

3648 3736 53 37 M.
3732 3737 110 37 Jules
3873 3738 180 46 Claretie
4070 3751 21 24 a
4120 3738 141 39 chargé
4289 3739 36 37 le
4354 3740 157 37 docteur
4540 3739 76 38 Ga-

3598 3783 96 37 briel
3722 3783 189 46 Montoya
3940 3785 160 37 d'écrire
4129 3790 57 32 cet
4215 3786 200 45 à-propos.
4449 3787 52 37 Ce
4530 3799 85 25 sera

3600 3842 72 25 une
3698 3830 109 38 scène
3833 3831 78 37 très
3939 3832 172 46 comique
4137 3845 67 24 sur
4231 3834 53 36 les
4311 3833 202 44 médecins,
4541 3846 74 24 une

3598 3880 102 33 sorte
3751 3878 47 36 de
3849 3877 160 46 préface
4060 3891 50 25 au
4159 3881 156 35 Malade
4365 3882 249 44 Imaginaire,

3598 3936 143 24 comme
3769 3925 37 36 la
3837 3927 237 35 Conversion
4104 3927 190 36 d'illceste
4324 3929 56 34 est
4409 3927 206 45 l'épilogue

3598 3971 51 36 du
3682 3973 282 44 Misanthrope.
3999 3972 54 36 M.
4087 3972 201 47 Montoya,
4322 3974 168 44 docteur,
4525 3974 89 37 rail-

3598 4018 80 37 lera
3724 4018 271 37 délibérément
4040 4020 55 36 les
4139 4020 188 36 docteurs.
4375 4021 35 36 Il
4456 4019 159 38 n'hésite

3600 4066 88 43 plus
3719 4077 73 32 que
3820 4077 67 25 sur
3918 4078 51 24 un
3999 4066 113 40 point
4151 4079 8 23 :
4191 4079 69 24 son
4291 4067 101 37 titre.
4426 4067 53 37 Sa
4509 4068 108 39 pièce

3567 4107 265 50 [s'appellera
3870 4114 200 35 Monsieur
4106 4114 161 45 Purgon
4305 4125 51 26 ou
4393 4115 34 36 le
4464 4115 152 45 Jargon

3599 4160 296 45 d'Hippocrate.

3713 4255 59 47 Le
3798 4266 25 16 "
3849 4257 235 44 marchand
4110 4257 55 44 de
4192 4257 144 45 bonne
4361 4258 134 45 heure
4519 4257 35 45 ".

3645 4327 52 39 Ce
3733 4328 66 38 fut
3836 4328 24 38 à
3897 4329 125 45 Paris,
4060 4329 175 46 pendant
4271 4330 98 45 l'été,
4408 4330 204 45 qu'Henry

3596 4374 309 41 Kistemaeckers
3967 4377 143 36 acheva
4171 4378 34 36 le
4277 4379 217 35 Marchand
4568 4379 45 35 de

3595 4424 195 43 Bonheur,
3821 4436 44 24 sa
3896 4423 108 46 pièce
4035 4424 266 37 actuellement
4332 4436 47 25 en
4409 4436 124 34 vog-ue
4564 4437 51 26 au

3595 4469 238 38 Vaudeville.
3858 4470 121 37 Notre
4002 4471 283 37 collaborateur
4307 4471 213 37 travaillait
4544 4471 69 44 tôt,

3595 4516 34 37 le
3659 4517 133 44 matin,
3823 4529 46 24 en
3900 4520 210 41 arpentant
4139 4517 289 39 fiévreusement
4460 4519 34 36 le
4523 4530 91 32 par-

3594 4567 90 40 quet
3723 4564 46 36 de
3807 4575 70 26 son
3915 4564 151 36 cabinet
4106 4564 47 37 de
4191 4562 139 39 travail
4371 4564 156 37 démuni
4565 4565 47 36 de

3594 4610 117 44 tapis,
3735 4622 46 24 en
3806 4612 102 35 sorte
3932 4622 73 34 que
4027 4622 69 26 son
4120 4622 73 34 pas
4216 4610 215 46 empêchait
4454 4611 47 37 de
4524 4612 88 36 dor-

3595 4656 73 36 mir
3707 4656 135 37 André
3884 4658 150 36 Couvre
4037 4669 57 32 iir,
4135 4656 66 46 qui
4241 4659 164 43 occupe,'
4437 4658 97 37 dans
4574 4658 38 37 la

3595 4703 121 37 même
3757 4704 160 44 maison,
3960 4703 302 47 l'appartement
4302 4703 100 40 situé
4442 4703 168 46 précisé-

3593 4753 104 33 ment
3722 4762 47 24 en
3796 4751 167 36 dessous.

3642 4796 64 37 Un
3732 4797 103 44 jour,
3864 4796 310 41 Kistemaeckers
4202 4797 164 38 descend
4393 4798 89 37 chez
4512 4797 99 39 Cou-

3593 4855 125 32 vreur,
3749 4844 39 36 la
3818 4843 102 37 mine
3950 4843 201 46 épanouie.

3691 4909 51 7 —
3776 4891 49 37 Je
3857 4890 80 37 suis
3970 4893 167 42 content,
4171 4902 87 26 mon
4294 4891 101 45 cher,
4428 4891 41 45 je
4502 4891 108 38 viens

3593 4936 199 37 d'achever
3827 4948 63 26 ma
3926 4936 108 46 pièce
4070 4940 37 35 et
4143 4936 72 46 j'ai
4250 4937 137 38 trouvé
4424 4950 52 25 un
4511 4938 99 38 beau

3593 4983 125 37 titre...

3640 5050 51 6 —
3715 5029 58 38 Ne
3798 5042 60 25 me
3884 5030 34 38 le
3944 5029 98 40 dites
4068 5031 93 45 pas!

3641 5097 50 6 ■—
3722 5077 108 37 Vous
3862 5077 35 38 le
3928 5077 221 38 connaissez
4180 5077 99 38 donc
4287 5077 19 37 ?

3640 5144 50 5 —
3721 5124 84 36 Ah!
3839 5124 41 45 je
3912 5136 95 24 vous
4041 5124 156 37 crois!...
4229 5126 54 35 Le
4314 5125 218 36 Marchand,
4564 5125 46 36 de

3593 5172 123 35 bonne
3741 5173 151 35 heure,1.,
3920 5171 161 46 soupira
4107 5182 41 26 ce
4174 5182 150 34 pauvre
4348 5171 135 37 André
4511 5171 99 38 Cou-

3593 5229 124 25 vreur.

3639 5264 258 44 Maintenant,
3929 5264 53 37 les
4012 5264 106 45 tapis
4148 5265 88 36 sont
4264 5263 177 46 reposés;
4473 5263 134 39 André

3594 5310 198 38 Couvreur
3819 5323 24 25 a
3866 5310 169 42 réformé
4062 5311 290 46 l'orthographe
4378 5311 53 37 du
4455 5311 102 37 titre.

4053 5407 225 55 Quelques
4304 5407 243 57 appelées...

3640 5481 72 37 Les
3743 5481 127 45 pièces
3900 5482 205 36 heureuses
4136 5483 67 35 ont
4235 5483 161 34 souvent
4425 5492 76 25 une
4532 5479 76 38 his-

3590 5526 109 44 toire,
3725 5531 37 33 et
3787 5528 120 36 même
3932 5529 65 35 des
4022 5528 190 36 histoires.

3640 5574 179 37 Pendant
3858 5587 75 32 que
3970 5576 97 35 Mon
4104 5576 93 34 Ami
4240 5574 141 44 Teddy,
4421 5573 40 37 la
4498 5573 110 37 char-

3588 5624 129 33 mante
3741 5621 107 44 pièce
3872 5623 46 36 de
3943 5621 97 37 MM.
4064 5620 135 38 André
4223 5620 157 37 Rivoire
4403 5624 37 34 et
4464 5620 140 37 Lucien

3589 5668 187 43 Besnard,
3808 5667 181 45 poursuit
4020 5668 192 44 gaiement
4243 5679 44 24 sa
4318 5666 166 38 carrière
4513 5666 24 37 à
4570 5667 37 36 la

3591 5714 267 44 Renaissance,
3883 5716 34 35 le
3945 5716 97 35 Vieil
4065 5715 165 36 Homme
4253 5713 105 37 vient
4381 5713 46 37 de
4450 5715 157 35 trouver

3588 5773 42 24 sa
3655 5761 250 37 distribution
3930 5760 206 37 défiiiitive.

3637 5807 211 37 Nommons
3870 5808 243 45 simplemént
4139 5806 293 46 quelques-unes
4455 5807 66 36 des
4545 5818 60 26 ar-

3589 5854 108 36 tistes
3730 5855 93 36 dont
3855 5854 28 36 il
3915 5854 64 36 fut
4013 5866 52 24 un
4096 5856 167 35 moment
4296 5853 176 46 question
4505 5865 100 34 pour

3587 5900 113 43 jouer
3726 5901 98 36 dans
3851 5901 37 35 la
3916 5900 108 45 pièce
4060 5912 8 23 :
4098 5900 123 36 Mmes
4250 5900 147 43 Bartet,
4427 5899 176 37 Granier.

3588 5947 161 44 Réjane,
3793 5947 155 37 Marthe
3993 5946 187 43 Brandès,
4225 5946 154 36 Marthe
4424 5946 179 44 Régnier,

3587 5993 161 44 Réjane,
3789 5993 154 36 Marthe
3983 5992 188 44 Brandès,
4213 5992 170 37 Blanche
4424 5992 179 44 Toutain,

3587 6040 215 36 Madeleine
3820 6040 149 44 DoUey,
3989 6039 209 43 Lantelme,
4217 6042 70 33 etc.

3637 6087 50 36 Et
3711 6087 46 36 de
3779 6088 126 34 toutes
3928 6097 60 26 ces
4011 6085 182 46 appelées
4215 6088 88 34 sont
4325 6086 123 37 seules
4469 6085 135 37 défini-

3586 6133 183 37 tivement
3800 6132 102 38 élues
3942 6144 8 24 :
3984 6132 123 36 Mmes
4139 6131 167 44 Simone,
4338 6133 197 37 Lantelme
4566 6136 36 33 et

3585 6179 186 45 Margel...
3797 6179 72 36 Les
3894 6182 130 34 autres
4046 6181 131 34 seront
4200 6179 97 36 dans
4322 6178 38 37 la
4383 6178 95 38 salle
4500 6191 102 34 pour

3583 6226 248 45 applaudir...

4212 6304 58 45 Le
4292 6308 101 51 petit
4417 6317 127 33 tome.

3633 6377 54 37 M.
3711 6378 53 36 Le
3785 6378 133 45 Bargy
3940 6380 57 35 est
4018 6376 79 38 très
4118 6388 127 26 connu
4267 6378 66 36 des
4355 6376 176 39 libraires
4553 6378 47 36 de

3584 6436 69 25 nos
3678 6426 145 45 grands
3849 6424 240 36 boulevards.
4116 6424 36 36 Il
4178 6436 47 25 ne
4249 6436 42 25 se
4316 6435 113 33 passe
4453 6436 73 33 pas
4551 6425 48 36 de

3584 6472 128 35 saison
3745 6483 90 24 sans
3867 6471 92 44 qu'il
3992 6471 137 36 vienne
4162 6471 88 36 chez
4283 6471 54 35 les
4370 6482 72 25 uns
4475 6474 37 33 et
4544 6470 54 37 les

3583 6521 129 33 autres
3737 6521 37 33 et
3798 6517 186 36 demande
4006 6517 25 36 à
4054 6517 146 36 chacun
4224 6528 8 24 :

3633 6590 50 4 —
3705 6570 218 35 Avez-vous
3952 6581 21 22 «
3997 6581 90 24 mon
4114 6582 20 21 »
4158 6571 102 34 tome
4283 6568 72 37 II?

3631 6616 56 36 La
3707 6615 165 45 réponse
3893 6617 56 34 est
3970 6614 180 46 toujours
4169 6614 189 45 négative.

3631 6668 53 36 M.
3714 6668 52 35 Le
3794 6668 133 43 Bargy
3954 6667 158 36 cherche
4139 6678 45 25 en
4214 6666 102 45 vain,
4344 6667 138 44 depuis
4514 6667 83 44 plu-

3582 6715 123 36 sieurs
3725 6714 152 43 années,
3899 6710 33 40 le
3951 6716 102 34 tome
4073 6714 43 35 II
4138 6713 66 36 des
4225 6724 147 26 oeuvres
4392 6714 207 45 complètes

3584 6763 47 35 de
3673 6760 172 44 Scherer,
3888 6760 135 36 ancien
4064 6759 161 45 critique
4265 6759 241 42 dramatique
4547 6761 52 36 du

3583 6810 150 43 TcrnJJs.
3768 6807 35 36 Il
3834 6818 48 24 ne
3913 6818 40 24 se
3984 6807 202 38 pardonne
4217 6817 73 33 pas
4321 6806 147 37 d'avoir
4498 6808 97 36 dans

3580 6866 43 24 sa
3647 6852 259 46 bibliothèque
3932 6865 74 24 une
4031 6852 198 36 collection
4254 6852 240 46 dépareillée.

3812 6948 161 44 Polaire
4005 6949 106 43 chez
4137 6947 199 45 madame
4356 6948 182 46 Tallien.

3631 7020 94 37 MHe
3758 7021 153 36 Polaire
3944 7023 56 34 est
4030 7020 83 36 fort
4146 7018 179 38 affairée.'
4349 7018 85 40 Elle
4467 7020 130 46 répète

3582 7067 251 44 éperdument
3865 7079 50 24 un
3948 7067 189 44 spectacle
4167 7065 79 44 qui,
4246 7065 64 44 ne
4340 7067 148 37 saurait
4520 7072 77 32 tar-

3583 7114 67 35 der
3680 7117 37 32 et
3748 7114 70 35 elle
3848 7113 220 44 emménage
4098 7112 97 38 dans
4225 7111 162 38 l'ancien
4416 7113 104 37 hôtel
4551 7114 46 36 de

3581 7158 103 37 Mme
3713 7159 159 37 Tallien.
4063 7172 10 12 i

3632 7205 63 35 Au
3728 7210 109 36 reste,
3871 7204 71 37 elle
3973 7206 57 34 est
4060 7203 117 36 ravie.
4210 7204 108 37 Dans
4350 7205 38 36 la
4420 7205 177 37 demeure

3586 7264 21 21 «
3637 7251 212 44 historique
3882 7264 34 30 »,
3947 7249 156 41 dit-elle,
4132 7249 71 37 elle
4232 7249 78 38 fait
4339 7251 257 39 transformer

3581 7300 137 33 autant
3768 7296 92 45 qu'il
3911 7300 56 32 est
4019 7295 179 46 possible.
4255 7309 20 22 «
4316 7297 49 36 Je
4413 7298 182 35 voudrais

3581 7343 253 36 reconstituer
3868 7354 71 24 son
3972 7341 145 47 jardin,
4152 7353 70 24 son
4257 7343 128 39 salon;
4423 7343 70 43 j'ai
4529 7344 65 36 des

3581 7389 161 35 bibelots
3769 7389 45 35 de
3839 7389 109 42 style,
3975 7400 51 23 un
4051 7390 60 32 tas
4137 7387 46 36 de
4207 7387 131 37 choses
4362 7388 187 46 d'époque
4583 7402 9 22 :

3581 7446 43 33 ça
3654 7447 84 23 sera
3771 7434 78 37 très
3879 7434 97 36 bien.
4011 7434 71 36 Les
4112 7433 96 38 amis
4239 7446 58 24 me
4329 7434 182 45 blaguent
4541 7447 52 23 un

3581 7493 94 31 peu;
3704 7481 95 35 mais
3824 7480 102 44 quoi,
3952 7479 71 44 j'ai
4050 7478 86 37 bien
4162 7479 35 36 le
4222 7480 101 36 droit
4350 7481 47 36 de
4422 7492 59 27 me
4505 7492 89 26 con-

3578 7538 129 24 sacrer
3732 7526 22 35 à
3780 7529 96 33 cette
3900 7525 95 36 mise
4019 7536 46 24 en
4091 7524 110 37 scène
4226 7526 66 42 qui
4317 7537 46 25 en
4387 7530 93 33 vaut
4506 7526 84 36 bien

3580 7585 73 23 une
3682 7576 121 33 autre.
3833 7571 78 37 J'ai
3941 7572 67 37 des
4037 7570 159 44 papiers
4225 7571 87 37 bien
4341 7572 156 36 curieux
4528 7571 62 45 qui

3579 7619 132 35 datent
3744 7619 45 35 de
3819 7629 71 24 son
3921 7622 138 38 temps,
4091 7621 175 32 couverts
4297 7618 46 36 do
4373 7630 58 24 ses
4464 7618 129 44 signa-

3579 7667 114 33 tures.
3730 7663 59 36 Un
3828 7662 147 37 dossier
4008 7661 165 44 énorme,
4208 7663 105 44 plein
4348 7663 47 37 de
4428 7676 43 23 sa
4507 7676 86 31 per-

3577 7721 129 25 sonne.
3741 7709 108 36 Cette
3880 7708 142 36 femme
4052 7706 244 39 m'intéresse.
4329 7709 49 36 Je
4408 7709 83 36 vais
4522 7710 70 35 lire

3578 7758 83 33 tout
3688 7767 40 24 ce
3754 7754 66 45 qui
3848 7756 36 34 la
3909 7764 195 25 concerne.
4130 7753 50 37 Je
4207 7754 54 36 lui
4287 7754 84 36 dois
4396 7754 87 37 bien
4511 7756 80 35 cela

3577 7802 163 43 puisque
3762 7801 40 43 je
3824 7799 124 36 vivrai
3970 7798 240 38 maintenant
4233 7811 89 26 sous
4344 7800 54 37 les
4421 7801 170 36 ardoises

3578 7849 45 34 de
3646 7859 66 23 son
3737 7848 82 34 toit.
3847 7858 19 20 »

3626 7893 93 36 Mlle
3743 7891 154 38 Polaire
3919 7893 58 34 est
4000 7891 96 36 dans
4119 7891 38 37 la
4179 7889 90 47 joie.

4130 7948 55 36 LE
4209 7948 121 37 VIEIL
4354 7948 185 38 ABONNÉ.

3669 8050 429 60 Informations
4150 8052 348 59 Théâtrales

3624 8151 485 47 COMEDlE-FRA\'ÇA!$E.
4131 8174 47 8 —
4201 8160 52 32 On
4280 8158 67 35 sait
4372 8166 73 34 qu9
4468 8160 47 35 M.
4538 8159 49 35 Le

3577 8200 123 40 Bargy
3731 8199 59 32 n'a
3822 8205 68 36 pas
3920 8199 204 33 renouvelé
4154 8207 43 25 sa
4228 8199 212 33 démission.
4470 8201 119 31 Pour-
4609 8201 9 39 1

4673 3644 89 37 tant,
4794 3651 95 26 nous
4921 3652 115 25 avons
5068 3645 45 33 de
5143 3647 141 32 bonnes
5316 3648 144 33 raisons
5493 3649 44 33 de
5569 3651 117 32 croire

4673 3693 71 31 que
4774 3686 34 32 le
4839 3686 151 32 brillant
5021 3687 193 33 sociétaire
5246 3689 157 39 prépare
5435 3697 51 25 un
5517 3698 172 26 nouveau

4675 3734 95 34 coup
4799 3727 45 32 de
4873 3728 154 33 théâtre.

4723 3809 248 34 CHATELET.
4989 3828 47 6 —
5055 3811 48 32 Le
5124 3812 166 32 Châtelet
5312 3812 90 32 tient
5421 3821 51 24 un
5494 3821 88 29 gros
5604 3822 84 25 suc-

4674 3849 60 32 cès
4758 3858 89 25 avec
4868 3851 139 32 Arsène
5032 3852 120 40 Lupin
5176 3854 125 30 contre
5325 3854 159 32 Herlock
5506 3855 181 35 Sholmès.

4675 3891 27 32 Il
4724 3893 55 30 est
4801 3892 78 32 vrai
4900 3900 72 30 que
4994 3893 33 32 le
5049 3892 126 40 public
5195 3902 44 24 en
5263 3902 21 24 a
5306 3902 95 31 pour
5422 3903 66 24 son
5512 3898 132 35 argent
5673 3905 9 25 :

4674 3932 36 32 la
4735 3933 102 41 pièce
4863 3934 56 31 est
4944 3934 94 40 gaie,
5066 3933 254 40 intéressante,
5348 3936 145 32 montée
5520 3945 89 24 avec
5636 3946 51 25 un

4677 3974 86 31 luxe
4791 3974 101 32 inouï
4919 3975 35 31 et
4980 3975 111 36 jouée
5120 3983 67 29 par
5214 3983 71 24 une
5314 3977 203 32 excellente
5546 3978 143 38 troupe,

4677 4015 172 33 conduite
4875 4023 68 30 par
4968 4015 35 33 le
5027 4016 142 40 joyeux
5194 4017 175 40 Moricey,
5396 4018 33 33 le
5455 4019 55 31 roi
5536 4019 66 33 des
5629 4027 61 25 co-

4676 4056 154 40 miques.

4722 4097 250 38 Décidément,
5001 4098 55 32 les
5085 4098 123 42 pièces
5239 4099 194 41 policières
5462 4100 226 36 réussissent

4675 4139 185 35 toujours,
4891 4139 92 32 mais
5013 4140 34 31 le
5076 4140 132 32 succès
5237 4140 45 32 de
5312 4141 143 32 celle-ci
5486 4140 202 40 dépassera

4674 4179 45 33 de
4748 4179 195 42 beaucoup
4972 4180 96 33 celui
5098 4181 45 31 de
5172 4188 60 25 ses
5261 4181 250 37 devancières,
5541 4191 63 24 car
5634 4185 54 32 les

4675 4220 170 36 bureaux
4866 4221 46 32 de
4932 4221 159 39 location
5113 4222 83 38 sont
5218 4222 148 39 chaque,
5381 4223 187 39 jotir.pri,s
5590 4225 98 34 d'as-

4674 4261 97 34 saut.

4720 4338 456 34 BOUFFES-PARISIENS
5214 4339 108 38 (Cora
5357 4340 249 39 Laparcerie).
5639 4354 49 16 -'1

4676 4378 182 34 1.000.000
4885 4380 44 32 de
4959 4380 127 32 francs
5112 4380 46 33 de
5183 4382 158 31 recettes
5368 4381 133 40 depuis
5527 4382 160 33 l'ouver-

4673 4420 82 32 ture
4778 4420 51 32 du
4851 4421 154 32 théâtre.

4721 4461 149 32 400.000
4893 4462 128 32 françs
5043 4462 45 33 de
5110 4463 158 33 recettes
5290 4463 134 37 depuis
5445 4464 37 33 la
5504 4463 182 39 premièra

4673 4501 45 33 de
4739 4503 145 32 Xantho
4908 4503 87 32 chez
5018 4504 52 32 les
5094 4504 249 33 Courtisanes.

4720 4543 103 33 8.000
4857 4544 127 32 francs
5017 4544 153 33 réalisés
5204 4553 67 28 par
5304 4545 246 34 l'étincelante
5583 4547 103 37 pièce

4673 4583 45 33 de
4750 4585 161 40 Jacques
4944 4585 177 41 Richepin
5156 4586 184 40 (musique
5375 4587 44 32 de
5453 4588 132 32 Xavier
5619 4590 68 31 Le-

4673 4626 108 37 roux)
4812 4625 94 33 dans
4930 4626 55 32 les
5009 4626 100 32 deux
5132 4627 178 40 journées
5335 4627 44 33 de
5404 4629 140 31 samedi
5571 4630 35 31 et
5630 4630 55 32 di-

4674 4667 166 36 manche.
4871 4667 69 32 tels
4971 4668 84 32 sont
5084 4668 54 32 les
5168 4668 151 33 chiffres
5349 4670 180 38 superbes
5559 4671 126 38 qu'ac-

4671 4715 87 25 cuse
4780 4708 34 32 le
4835 4708 99 32 bilan
4958 4708 66 32 des
5046 4709 368 37 Bouffes-Parisiens,
5436 4711 46 31 où
5507 4711 32 31 le
5563 4711 119 39 grand

4669 4749 133 32 succès
4828 4749 144 32 Xantho
5000 4750 87 31 chez
5115 4750 53 31 les
5196 4750 236 33 Courtisanes
5461 4752 107 32 attire
5595 4753 87 33 cha-

4669 4798 71 34 que
4761 4789 75 33 soir
4855 4790 34 32 le
4909 4789 126 43 public
5055 4790 34 33 le
5110 4791 86 41 plus
5217 4792 125 32 select.

4892 4894 588 94 MUSIQUE

5192 5019 189 55 Signoret
5401 5020 220 47 chanteur.

4718 5090 61 39 On
4815 5103 49 25 va
4899 5091 223 45 reprendre,
5158 5090 24 39 à
5217 5092 38 37 la
5292 5092 268 45 Renaissance,
5596 5103 88 28 vers

4666 5136 35 38 le
4735 5139 23 34 3
4795 5138 208 44 décembre,
5039 5140 34 35 le
5113 5140 107 36 Voile
5258 5141 49 35 du
5344 5140 193 43 Bonheur,
5574 5140 38 37 la
5646 5140 35 39 si

4663 5184 173 38 curieuse
4872 5184 107 46 pièce
5015 5185 167 37 chinoise
5219 5186 47 36 de
5304 5185 167 46 Georges
5508 5186 173 38 Clemen-

4666 5242 105 32 ceau,
4797 5243 100 33 pour
4922 5232 161 44 laquelle
5109 5231 154 38 Gabriel
5290 5232 128 36 Fauré
5441 5245 24 23 a
5490 5232 92 38 écrit
5609 5245 75 27 une

4668 5277 187 44 partition
4887 5277 306 37 délicieusement
5226 5278 127 44 fluide,
5386 5279 199 45 composée
5615 5290 67 27 sur

4665 5323 66 37 des
4763 5323 144 38 thèmes
4938 5323 386 38 d'Extrême-Orient.

4716 5369 112 37 Voici
4852 5370 36 37 la
4912 5370 254 46 composition
5193 5375 131 33 exacte
5347 5371 48 38 de
5418 5370 219 40 l'orchestre
5669 5382 11 29 :

4662 5427 75 26 une
4760 5415 105 46 flûte,
4888 5428 75 26 une
4985 5416 212 45 clarinette,
5222 5429 72 25 une
5318 5417 133 45 harpe,
5476 5419 99 36 deux
5599 5418 80 38 vio-

4665 5462 95 44 lons,
4789 5464 100 35 deux
4916 5463 110 44 altos,
5054 5463 98 37 deux
5181 5463 252 44 violoncelles,
5462 5476 74 25 une
5563 5468 117 38 trom-

4663 5512 116 41 pette,
4805 5520 50 25 un
4879 5520 116 35 gong,
5021 5521 49 25 un
5097 5509 232 44 tubophone.

4713 5555 34 36 Il
4765 5567 41 25 se
4824 5556 177 43 pourrait
5019 5555 92 46 qu'il
5130 5568 25 32 y
5173 5559 64 34 eut
5256 5568 74 25 une
5347 5555 213 38 nouveauté
5578 5555 101 39 inat-

4666 5602 140 37 tendue
4824 5601 23 37 à
4866 5605 97 34 cette
4981 5602 306 45 représentation
5316 5614 9 25 :
5346 5602 89 37 c'est
5454 5615 72 32 que
5546 5603 52 37 M;
5620 5603 61 37 Si-

4663 5652 148 41 gnoret,
4844 5648 66 45 qui
4942 5648 162 47 possède
5136 5660 74 25 une
5242 5648 94 45 jolie
5368 5649 88 37 voix
5488 5650 48 37 de
5568 5650 111 37 ténor

4664 5694 114 46 léger,
4796 5694 58 45 s'y
4869 5694 146 39 révelât
5032 5706 143 26 comme
5192 5695 196 38 chanteur.

5401 5742 225 40 FORTUNIO.

4771 5845 428 59 Informations
5244 5846 325 59 Musicales

4708 5964 160 34 OPERA.
4896 5982 49 6 -
4968 5967 101 31 Mme
5098 5966 98 32 René
5225 5966 108 32 Féart
5362 5966 68 32 fait
5459 5974 41 24 ce
5529 5967 76 33 soir
5633 5973 42 28 sa

4662 6007 146 33 rentrée
4828 6007 93 34 dans
4942 6007 179 38 Gutrune,
5140 6007 51 33 du
5211 6007 227 39 Crépuscule
5458 6007 65 33 des
5542 6009 132 33 Dieux.

4706 6089 207 32 THEATRE
4942 6089 200 39 LYRIQUE
5169 6089 255 33 MUNICIPAL
5454 6089 147 37 (Gaîté).
5626 6104 47 9 —

4659 6130 86 33 Mlle
4773 6131 103 39 Lucy
4902 6130 136 37 Arbell,
5065 6132 85 31 MM.
5178 6130 136 33 Lucien
5344 6130 140 41 Fugère
5513 6131 36 31 et
5577 6132 98 32 Mat--

4659 6179 106 29 coux,
4810 6171 54 32 les
4910 6171 90 33 trois
5045 6170 221 43 principaux
5310 6171 272 41 protagonistes
5617 6171 55 34 'de

4659 6213 78 31 Don
4771 6212 204 42 Quichotte,
5008 6214 64 31 ont
5103 6212 137 41 répété,
5273 6212 90 36 hier,
5395 6212 93 32 dans
5523 6213 53 32 les
5609 6213 64 31 dé-

4659 6261 94 29 cors,
4787 6261 66 24 sur
4885 6254 37 33 la
4954 6254 109 32 scène
5094 6254 51 32 du
5178 6253 157 32 Théâtre
5367 6253 160 41 Lyrique
5559 6254 45 32 de
5635 6254 38 33 la

4660 6294 114 39 Gaîté,
4805 6301 58 30 en.
4881 6295 178 40 présence
5091 6294 51 34 du
5174 6295 130 31 maître
5335 6295 218 37 Massenet..'

4705 6376 235 34 CONCERTS
4986 6376 222 33 COLONNE.
5250 6393 48 6 —
5341 6376 203 33 Dimanche
5587 6385 85 33 pro-

4658 6417 120 38 chain,
4809 6419 20 31 à
4858 6418 20 31 2
4908 6418 34 32 h.
4972 6418 56 36 30,
5058 6426 46 24 au
5136 6417 176 37 Châtelet,
5343 6417 21 32 à
5394 6418 195 32 l'occasion
5619 6417 51 34 du

4656 6458 178 34 centième
4859 6460 149 31 concert
5031 6458 44 33 de
5100 6458 253 33 l'Association
5379 6458 200 41 Artistique
5604 6459 65 36 des

4656 6500 176 32 Concerts
4865 6500 172 36 Colonne,
5071 6499 117 41 grand
5222 6498 148 32 festival
5405 6500 216 31 Beethoven.

4701 6542 48 30 M.
4787 6541 286 40 Mounet-Sully,
5112 6540 171 31 l'illustre
5320 6539 193 33 sociétaire
5552 6540 44 33 de
5633 6541 37 30 111

4655 6580 397 41 Comédie-Française,
5076 6580 79 32 dira
5163 6580 33 37 A
5196 6580 253 37 iiniversaire,
5471 6581 194 41 hommage

4656 6621 90 33 écrit
4779 6630 71 34 par-
4878 6624 47 31 M.
4958 6622 121 31 Emile.
5104 6623 149 30 Moreau
5278 6628 8 29 ;

4700 6663 48 32 Le
4770 6663 143 32 célèbre
4934 6662 205 36 violoniste,
5159 6664 48 30 M.
5228 6662 95 33 Fritz
5343 6661 171 38 Kreisler,
5535 6664 130 39 jouera

4655 6704 32 32 le
4716 6704 178 32 Concerto
4920 6710 95 35 pour
5039 6702 122 33 violon
5188 6704 36 30 et
5250 6703 36 32 la
5313 6704 182 31 Romance
5520 6712 45 24 en
5591 6705 40 38 fa
5652 6712 11 31 ;

4700 6746 47 31 M.
4781 6745 64 33 Ch.
4876 6745 59 35 \V.
4970 6744 108 32 Clark
5114 6743 177 33 chantera
5325 6744 89 32 trois
5448 6744 126 39 lieder,
5608 6752 60 24 or-

4655 6786 164 32 chestrés
4846 6793 67 33 par
4939 6786 47 31 M.
5013 6784 110 32 Henri
5150 6784 163 33 Rabaud.

4698 6828 30 31 A
4753 6827 37 31 la
4815 6825 193 33 deuxième
5036 6824 117 42 partie
5180 6825 50 32 du
5258 6833 236 34 programme
5530 6834 8 24 :
5567 6827 100 32 Neu-

4654 6867 116 32 vième
4796 6866 230 39 symphonie,
5054 6873 88 24 avec
5168 6866 158 32 chœurs.
5353 6867 68 32 Les
5446 6868 69 31 soli
5541 6868 126 33 seront

4653 6908 151 32 chantés
4825 6915 67 33 par
4911 6909 117 30 Mmes
5047 6906 393 34 Willaume-Lambert
5460 6909 36 31 et
5515 6907 55 32 Vil
5578 6916 88 32 mer,

4653 6951 84 31 MM.
4764 6948 189 41 Rodolphe
4979 6947 229 32 Plamondon
5236 6948 36 32 et
5298 6948 63 33 Ch.
5388 6950 60 32 W.
5475 6948 120 34 Clark.

4756 7048 804 78 ATTRACTIONS

4696 7174 395 33 FOLIES-BERGERE.
5128 7191 49 6 —
5213 7174 53 32 La
5304 7174 259 41 performance
5602 7183 62 25 ac-

4650 7215 156 41 complie
4832 7223 67 32 par
4922 7214 131 32 Archie
5080 7214 164 37 Goodall,
5269 7215 62 40 qui
5358 7215 129 32 boucle
5513 7216 35 31 la
5573 7216 90 32 bou-

4650 7256 55 33 cle
4742 7262 44 25 en
4825 7255 204 36 marchant,
5067 7255 122 41 paraît
5224 7256 32 31 si
5291 7256 303 36 extraordinaire,
5630 7256 33 31 si

4650 7296 239 36 irréalisable,
4919 7304 71 33 que
5021 7296 180 40 quelques
5232 7303 204 33 personnes
5466 7297 83 31 sont
5579 7303 84 33 per-

4650 7337 158 32 suadées
4837 7336 89 42 qu'il
4956 7344 23 32 y
5009 7344 20 24 a
5058 7344 49 24 un
5139 7337 83 31 truc
5251 7337 35 31 et
5315 7344 71 33 que
5416 7336 161 32 l'athlète
5605 7338 57 30 est

4650 7378 160 31 soutenu
4840 7385 67 33 par
4935 7384 51 24 un
5016 7377 49 35 fil.
5097 7377 320 41 Détrompons-les
5456 7385 7 23 :
5497 7377 22 31 il
5550 7377 60 40 n'y
5640 7385 22 24 a,

4650 7419 34 31 ni
4718 7420 80 30 truc
4829 7419 36 30 ni
4898 7417 49 38 fil,
4979 7417 93 32 ainsi
5102 7417 190 33 d'ailleurs
5322 7418 110 40 qu'on
5465 7418 87 40 peut
5581 7418 79 32 s'en

4650 7464 151 27 assurer
4832 7466 66 24 sur
4930 7458 121 32 scène.
5085 7458 95 32 C'est
5214 7466 67 25 par
5314 7466 42 24 sa
5390 7465 132 26 propre
5557 7457 102 34 force

4647 7498 195 41 qu'Archie
4867 7499 152 32 Goodall
5046 7499 167 39 parvient
5238 7500 21 31 à
5282 7498 151 33 boucler
5458 7490 35 39 la
5517 7497 143 34 boucle.

4650 7540 127 32 Archie
4807 7539 150 32 Goodall
4986 7539 94 33 n'est
5104 7539 190 33 d'ailleurs
5321 7540 113 39 qu'un
5464 7538 64 33 des
5556 7546 103 25 nom-

4648 7580 117 33 breux
4809 7580 104 32 clous
4957 7579 51 32 du
5053 7587 248 33 programme,
5343 7579 78 32 l'un
5463 7578 66 33 des
5572 7581 86 40 plus

4648 7621 119 32 beaux
4795 7621 110 40 qu'on
4934 7621 50 31 ait
5010 7620 135 41 jamais
5173 7628 82 24 vus.

4693 7672 106 32 M-V
4800 7671 168 33 A-CLAN
5002 7672 90 33 s'est
5126 7671 225 33 transformé
5387 7678 89 25 sous
5511 7672 143 33 l'habile

4648 7713 169 32 nouvelle
4844 7712 177 33 direction
5049 7713 44 32 de
5120 7715 96 29 Mme
5243 7712 157 32 Rasini...
5428 7714 36 31 et
5490 7712 90 33 c'est
5608 7721 46 23 un

4646 7754 153 40 prodige
4838 7753 44 32 de
4920 7754 81 30 voir
5038 7753 53 32 les
5130 7753 208 32 merveilles
5375 7753 175 32 réalisées
5589 7759 65 34 pat

4645 7795 69 31 elle
4739 7794 45 32 L..
4813 7793 51 33 La
4891 7794 170 32 nouvelle
5089 7801 112 25 revue
5229 7795 40 29 Et
5300 7800 42 32 ça
5361 7794 17 31 ?
5408 7796 55 29 est
5491 7802 71 23 une
5590 7794 65 32 des

4646 7835 211 32 meilleures
4882 7842 76 32 que
4979 7835 33 31 le
5038 7837 148 29 concert
5211 7840 93 26 nous
5330 7834 51 33 ait
5405 7834 162 32 données
5593 7835 64 32 déf

4645 7875 83 41 puis
4752 7875 221 41 longtemps.
4998 7875 77 31 Elle
5098 7876 57 31 est
5177 7873 298 42 splendidement
5499 7874 156 36 montée,

4645 7917 205 35 amusante,
4881 7915 205 41 spirituelle
5117 7916 35 31 et
5181 7915 109 39 jouée
5322 7916 93 31 dans
5441 7915 40 34 Ja
5511 7915 144 39 perfec-

4644 7956 75 32 tion
4747 7964 67 32 par
4839 7964 51 23 un
4916 7957 131 37 troupe
5073 7955 45 32 de
5142 7956 80 32 tout
5248 7956 159 40 premier
5432 7956 107 31 ordre
5563 7955 8 30 !
5599 7955 56 35 Oil

4644 8005 23 20 v
4713 7998 101 38 peut.
4845 7996 197 40 applaudir
5085 7995 209 33 l'excellent
5336 7995 152 36 Dutard,
5521 7995 132 41 Favey,

4644 8035 187 41 èhampel,
4855 8037 84 32 Cari
4962 8036 93 35 ptar,
5079 8036 166 33 Cosnard
5269 8037 35 31 et
5328 8044 71 24 une
5424 8035 121 33 armée
5571 8042 81 25 uni-

4643 8086 70 30 que
4737 8078 44 31 de
4803 8077 109 36 jolies
4935 8077 168 36 femmes,
5126 8076 122 32 Liéna.
5271 8076 87 32 Fina
5382 8075 184 40 Montjoie,
5590 8077 62 31 Se-

4643 8118 128 38 ptJOra,
4822 8115 117 34 Claire
4990 8118 74 35 B...,
5113 8117 183 37 Dalmont,
5346 8115 220 34 l'amusante
5615 8116 37 31 et

4644 8159 241 38 plantureuse
4934 8157 137 40 Dufay,
5109 8157 209 36 costumées
5367 8157 23 33 à
5434 8155 102 35 ravir
5582 8162 70 35 par.

4641 8196 107 37 Mme'
4765 8197 126 33 Rasini
4917 8197 244 36 elle-même,,.
