6318 8677
938 580 154 102 Le
1192 576 848 106 Généralissime
2130 576 134 102 de
2352 576 418 102 demain.
2770 576 210 102 --
3062 578 154 98 Le
3308 576 480 102 Général
3868 578 410 104 Michel
4378 616 138 68 en
4614 590 674 118 promenade

910 4121 327 60 CHAQUE
1265 4119 268 52 MATIN
1562 4120 95 50 LE
1685 4111 374 60 GÉNÉRAL
2086 4120 84 51 SE
2210 4110 373 59 PROMÈNE
2610 4118 111 50 AU
2764 4118 165 50 BOIS
2969 4116 207 51 AVEC
3217 4115 150 51 SON
3396 4113 353 53 OFFICIER
3778 4112 636 52 D'ORDONNANCE
4448 4111 103 51 ET
4580 4111 150 52 SON
4753 4110 582 53 PORTE-FANION

520 4207 77 48 La
628 4214 303 41 nomination
958 4210 66 45 du
1050 4209 219 45 Général
1293 4208 189 46 Michel
1507 4223 66 30 au
1597 4212 117 41 titre
1736 4208 59 44 de
1819 4208 384 46 Généralissime
2229 4208 59 44 de,
2319 4207 88 45 l'A
2407 4207 133 45 rmée
2563 4207 277 55 Française
2869 4207 121 43 n'est
3013 4206 114 53 plus
3156 4206 175 54 qit'itne
3354 4208 221 51 question
3599 4203 59 44 de
3672 4207 155 50 jours.
3852 4202 69 45 Le
3946 4202 224 47 Général
4196 4199 248 47 Tremeau
4471 4205 85 51 qui
4581 4209 177 46 occupe
4784 4200 347 46 actuellement
5157 4215 79 31 ces
5261 4200 177 46 hautes
5457 4202 263 53 fonctions,

1460 4269 27 43 /
2421 4272 104 52 dote
2636 4271 136 56 fet
2798 4271 69 52 les
2892 4270 327 58 aba^dontter
3241 4277 130 49 pour
3397 4272 170 41 raison
3593 4267 60 44 de
3680 4269 143 43 santé
3881 4279 55 35 w-
4127 4291 21 19 a
4708 4289 22 36 /

1292 4492 252 104 Une
1648 4490 474 106 Escadre
2222 4490 710 104 Américaine
3034 4488 274 104 dans
3410 4488 152 104 les
3664 4520 290 70 eaux
4050 4486 134 104 de
4274 4486 100 102 la
4474 4482 480 106 Manche

1011 8056 36 47 1.
1075 8060 461 53 New-Hampshire.
1568 8087 36 7 --
1631 8060 38 45 2.
1693 8061 274 45 Louisiana.
1987 8087 51 7 —
2061 8061 39 43 3.
2130 8060 264 53 Michigan.
2420 8087 36 6 --
2478 8059 39 45 4.
2539 8058 166 47 North
2728 8058 273 45 Dakota.—
3026 8056 38 46 5.
3093 8057 195 46 Kansas.
3320 8082 37 10 -
3384 8055 39 46 6.
3452 8054 255 46 Delaware
3736 8053 199 51 (bateau
3962 8048 208 53 amiral).
4194 8074 38 11 --
4257 8046 40 48 7.
4327 8047 342 46 Connecticut.
4698 8069 38 9 --
4769 8045 38 42 8.
4837 8042 155 45 South
5017 8039 243 45 Carolina.

728 8128 145 47 Seize
894 8131 244 43 cuirassés
1158 8130 58 43 de
1241 8130 48 43 la
1321 8130 138 45 flotte
1485 8132 304 42 américaine
1815 8131 59 43 de
1902 8130 332 45 l'Atlantique
2257 8134 235 40 arrivent
2515 8144 87 29 sur
2624 8130 48 43 la
2701 8136 102 37 cote
2828 8130 317 45 'européenize.
3165 8128 147 43 Deux
3334 8127 239 43 divisions
3590 8124 230 45 touchent
3840 8121 251 54 Pjortland
4111 8128 47 35 et
4180 8117 341 49 Graveshend,
4542 8130 58 29 en
4621 8112 318 55 Angleterre,
4961 8111 68 43 les
5049 8109 130 43 deux
5200 8114 184 39 autres,
5403 8103 142 45 Brest

1070 8195 48 38 et
1140 8187 299 49 Cherbourg.
1457 8189 139 45 Nous
1624 8189 221 48 Publions
1872 8189 238 45 ci-dessus
2144 8189 107 45 huit
2268 8188 85 45 des
2373 8188 308 51 principales
2698 8189 162 43 unités
2880 8187 59 44 de
2960 8194 124 38 cette
3105 8186 206 45 escadre
3337 8192 61 44 et,
3417 8184 128 44 dans
3571 8183 43 44 le
3643 8182 283 51 médaillon,
3951 8194 84 31 son
4059 8179 352 45 commandant
4432 8189 59 31 en
4518 8174 125 53 chef,
4665 8174 16 44 l
4697 8173 187 44 amiral
4905 8173 276 42 ochrdeaer*

1341 8240 17 16 *
