6318 8677
408 572 194 42 favorisé
639 582 83 38 que
758 569 90 42 moi
884 569 51 39 de
970 569 131 39 dame
1135 566 204 46 Fortune,
1375 564 31 39 il

408 626 62 38 lui
502 625 114 38 reste
648 622 250 48 cependant
930 632 86 28 une
1048 619 106 48 jolie
1188 618 218 39 aisance...

409 679 73 38 des
507 679 136 37 terres
669 676 59 39 du
752 674 92 40 côté
868 673 52 40 de
944 673 220 38 Ferrare...
1190 672 180 36 Ferrare
1395 669 8 38 !

410 741 102 28 mon
549 728 195 40 Jeannot
766 729 8 38 !
814 728 63 37 les
915 726 108 37 ducs
1061 724 52 38 de
1150 724 181 37 Ferrare
1356 721 50 38 !...

410 781 182 40 crois-tu
614 781 18 38 ?
662 781 42 38 et
731 779 31 40 il
791 777 186 50 possède
1007 776 120 42 enfin,
1158 786 61 27 un
1248 773 158 49 palais.

408 857 49 6 —
484 833 67 38 Où
581 833 113 38 donc
723 842 62 37 ça,
813 829 208 40 madame
1043 829 19 37 ?
1086 851 53 4 —
1164 827 39 37 A
1228 825 178 46 Venise,

408 885 347 45 mademoiselle,
789 882 40 39 le
864 881 146 49 palais
1044 878 251 46 Barbarico,
1331 887 77 28 sur

408 940 36 37 le
474 934 314 43 Grand-Canal
817 932 57 40 où
902 933 103 46 moi,
1036 928 174 42 Justine
1238 928 168 46 Poulet,

407 990 43 37 la
477 987 269 45 Normande,
776 983 74 52 qui
879 994 55 29 ne
963 983 93 39 suis
1086 982 110 39 allée
1226 981 26 39 à
1279 980 126 39 Paris

406 1049 84 37 que
514 1042 98 45 sept
634 1041 25 37 à
678 1038 97 38 huit
797 1036 87 39 fois
908 1036 41 39 et
969 1046 112 36 pour
1103 1033 302 49 l'Exposition,

406 1094 40 37 et
472 1094 76 45 qui
573 1104 61 29 ne
651 1089 186 40 connais
861 1097 82 36 pas
968 1087 168 45 l'Italie,
1161 1086 47 37 ni
1232 1085 96 39 rien
1353 1085 52 37 de

409 1144 133 40 rien...
578 1145 44 45 je
660 1141 115 40 serai
814 1140 112 39 dans
964 1138 105 40 trois
1107 1138 138 46 jours,
1284 1137 121 38 seule

410 1207 103 29 avec
539 1197 74 45 lui,
640 1194 90 39 loin
758 1193 52 39 de
835 1191 104 48 tout,
967 1190 182 49 n'ayant
1174 1200 80 38 pas
1284 1188 122 39 autre

411 1250 128 36 chose
571 1248 24 37 à
627 1246 114 39 faire
773 1243 100 50 qu'à
903 1255 71 28 me
1005 1243 159 38 laisser
1195 1241 140 39 aimer
1365 1240 42 38 et

408 1302 137 38 servir
570 1311 55 27 au
650 1309 81 28 son
757 1298 74 38 des
857 1295 246 41 musiciens
1128 1294 40 39 et
1193 1305 55 27 au
1272 1292 135 39 chant

405 1354 77 39 des
515 1349 269 41 barcarolles
809 1349 8 39 !

458 1407 64 36 Tu
554 1414 72 28 me
657 1402 175 39 trouves
863 1400 95 39 bête
983 1400 17 38 ?
1033 1398 111 40 C'est
1177 1409 81 38 que
1289 1397 44 49 je
1367 1397 39 38 le

405 1457 93 43 guis
524 1456 7 38 !
568 1456 41 37 et
643 1454 38 38 si
714 1452 354 45 soudainement,
1102 1451 37 38 si
1174 1450 232 39 étonnam-

405 1509 123 39 ment
554 1508 217 37 heureuse
800 1516 83 39 que
909 1504 44 49 je
982 1515 54 27 ne
1064 1514 118 38 peux
1212 1512 77 39 pas
1317 1501 86 49 m'y

405 1560 295 39 accoutumer.
730 1556 52 40 Et
808 1555 209 51 pourtant
1041 1555 97 38 rien
1167 1553 111 39 n'est
1304 1554 101 48 plus

406 1612 92 39 vrai
532 1623 84 36 que
647 1620 106 29 mon
785 1618 171 30 roman.
988 1608 114 38 Tout
1132 1607 51 38 de
1216 1605 112 39 suite
1360 1605 46 46 je

404 1664 64 40 lui
501 1663 43 39 ai
576 1664 89 47 plu.
699 1661 105 39 Mon
839 1660 141 49 grand
1013 1671 106 27 nom
1153 1658 52 38 de
1239 1657 167 46 Poulet,

403 1725 106 30 mon
541 1715 108 48 petit
681 1714 51 39 de
765 1711 186 48 Justine,
984 1712 39 38 si
1054 1710 185 40 ridicule
1271 1709 133 48 (mais

404 1769 131 46 qu'on
575 1767 88 38 m'a
702 1765 145 39 donné
913 1775 106 28 sans
1058 1774 71 28 me
1169 1761 235 44 consulter,

403 1830 132 38 parce
560 1831 82 37 que
664 1817 144 40 c'était
830 1815 115 41 celui
968 1817 52 38 de
1044 1814 219 46 maman),
1287 1813 30 38 il
1340 1814 64 37 les

402 1881 238 36 prononce,
659 1870 77 44 lui,
757 1880 55 28 en
832 1879 48 28 se
900 1868 189 46 gardant
1108 1867 52 38 de
1179 1866 99 47 rire,
1300 1875 104 28 avec

402 1936 62 27 un
492 1923 173 48 respect
691 1922 206 49 poétique
925 1921 42 39 et
994 1931 173 28 comme
1196 1919 37 38 si
1263 1915 146 41 c'était

402 1987 88 28 une
529 1975 203 39 mélodie.
770 1973 106 40 Vois
918 1984 55 29 en
1012 1972 102 39 effet
1153 1982 47 28 ce
1240 1970 164 39 hasard

402 2026 305 52 providentiel.
728 2026 36 39 Il
784 2025 89 40 m'a
892 2025 156 47 révélé,
1069 2033 48 29 ce
1139 2034 82 39 que
1241 2022 163 49 j'igno-

400 2080 104 46 rais,
529 2091 82 37 que
634 2078 144 39 sainte
800 2078 175 40 Justine
998 2076 103 39 était
1120 2076 45 38 la
1186 2076 217 46 patronne

400 2138 54 33 de
481 2131 165 40 Venise
674 2131 41 39 et
743 2130 52 40 de
824 2131 177 38 Padoue
1029 2129 40 38 et
1097 2128 104 49 qu'il
1229 2140 29 36 y
1287 2126 118 46 avait

401 2195 54 28 eu
479 2185 74 38 des
579 2183 235 39 monnaies
839 2182 51 39 de
915 2183 41 37 la
978 2179 277 51 République
1279 2180 123 47 frap-

401 2237 103 47 pées
530 2236 24 38 à
577 2247 81 27 son
682 2236 159 47 image.
865 2235 66 38 Tu
954 2245 54 27 ne
1031 2234 41 37 te
1097 2232 87 39 fais
1210 2242 80 37 pas
1316 2242 85 27 une

400 2289 97 39 idée
522 2289 52 38 de
600 2288 216 39 l'étendue
843 2287 51 38 de
920 2295 70 30 ses
1016 2284 350 40 connaissances
1392 2283 6 38 !

397 2340 48 39 Et
461 2341 38 38 si
517 2339 307 48 désintéressé,
842 2339 129 38 d'une
991 2338 205 38 noblesse
1213 2337 41 38 et
1273 2336 130 38 d'une

399 2394 174 48 pudeur
605 2394 52 38 de
688 2391 263 40 sentiments
984 2390 55 38 où
1071 2400 127 39 perce
1231 2388 25 39 à
1286 2388 117 39 toute

399 2445 172 41 minute
594 2446 43 37 la
658 2444 149 49 pointe
832 2443 51 39 de
906 2444 44 37 la
970 2453 101 28 race
1096 2442 8 38 !
1131 2441 141 49 Après
1298 2440 104 50 qu'il

399 2508 114 28 nous
547 2498 71 38 eût
650 2497 72 47 dit,
756 2496 24 38 à
812 2506 184 28 maman
1030 2495 41 38 et
1105 2494 25 38 il
1160 2493 103 46 moi,
1297 2503 104 28 avec

398 2561 88 27 une
507 2549 214 39 modestie
743 2548 149 49 pleine
914 2548 51 38 de
988 2545 180 50 dignité,
1192 2557 50 27 sa
1264 2545 137 38 situa-

398 2602 90 39 tion
524 2602 163 38 exacte,
711 2601 43 39 et
787 2601 122 38 l'état
942 2601 52 37 de
1028 2610 70 28 ses
1136 2598 194 45 affaires,
1364 2598 42 37 et

394 2654 106 49 qu'ill
520 2654 150 49 apprit
688 2654 40 38 le
748 2653 156 38 chiffre
924 2652 52 39 de
996 2652 126 38 notre
1142 2650 191 45 fortune,
1354 2651 52 37 de

395 2716 72 29 ma
512 2707 74 37 dot
631 2706 42 38 et
718 2704 52 39 de
816 2715 48 28 ce
910 2705 75 48 qui
1017 2714 69 28 me
1132 2702 275 39 reviendrait

394 2769 170 28 comme
596 2753 126 53 fllle
722 2753 189 53 unique".
911 2753 85 53 si
1029 2756 46 38 tu
1109 2754 123 39 avais
1265 2766 59 26 vu
1357 2764 50 28 sa.

395 2811 199 48 stupeur,
616 2821 80 27 son
718 2809 173 39 trouble
912 2809 42 38 et
974 2817 192 39 presque
1188 2817 51 27 sa
1259 2806 147 45 honte,

393 2862 49 39 tu
482 2874 55 27 en
579 2860 150 41 aurais
770 2861 66 38 été
878 2870 167 29 comme
1085 2858 88 39 moi
1213 2858 192 46 remuée,

391 2905 302 48 bouleversée.
734 2929 18 20 «
791 2912 116 50 Trop
945 2912 138 47 riche,
1120 2909 190 40 disait-il
1349 2919 56 28 en

393 2967 215 41 secouant
633 2967 44 37 la
703 2965 98 48 tête,
829 2975 105 29 avec
962 2975 80 27 son
1070 2962 138 50 gentil
1237 2962 168 45 accent,

392 3030 109 28 vous
530 3019 89 37 êtes
648 3018 98 48 trop
773 3016 122 39 riche
922 3016 6 39 !
960 3032 18 19 »
1008 3017 51 38 Et
1085 3016 30 37 il
1143 3014 163 39 tordait
1334 3024 69 27 ses

390 3070 130 51 jolies
545 3070 146 38 mains
719 3080 56 28 au
802 3069 110 49 petit
937 3068 121 49 doigt
1084 3068 52 38 de
1161 3066 119 39 l'une
1306 3066 99 38 des-

392 3124 183 46 quelles"
598 3122 131 38 brille
765 3121 42 39 et
844 3120 105 48 pèse
986 3131 60 27 un
1084 3130 103 38 gros
1226 3128 177 28 anneau

392 3176 92 39 d'or
517 3173 172 40 alourdi
715 3172 140 40 d'une
889 3171 331 50 algue-marine
1254 3169 42 39 et
1330 3168 73 39 qui

393 3226 61 40 lui
480 3226 135 48 vient,
640 3224 242 51 figure-toi,
907 3225 105 38 d'un
1040 3234 115 39 pape
1182 3224 52 37 de
1263 3232 50 28 sa
1338 3222 65 37 fa-

393 3280 132 38 mille.
545 3279 34 38 Il
602 3279 129 48 porta
751 3278 44 38 la
815 3276 112 39 tiare
949 3287 60 28 un
1033 3287 71 36 an,
1123 3285 102 28 sous
1243 3275 40 37 le
1301 3284 101 28 nom

391 3332 54 38 de
475 3331 211 38 Boniface
714 3329 49 39 X.
794 3329 95 47 Oui,
918 3329 199 49 j'épouse
1148 3328 39 37 le
1219 3327 185 38 descen-

390 3384 110 37 dant
532 3383 105 38 d'un
670 3393 116 38 pape
809 3382 7 38 !
856 3381 47 39 Si
936 3380 162 50 jamais
1134 3391 56 27 on
1224 3377 179 39 m'avait

390 3435 148 49 prédit
566 3446 51 36 ça
646 3446 56 27 au
733 3432 268 40 catéchisme
1027 3433 49 37 !...
1105 3432 51 37 Et
1186 3431 25 38 à
1239 3439 160 40 propos

391 3488 53 39 de
477 3487 158 48 bague,
668 3486 198 38 Gaétano
912 3484 116 39 m'en
1063 3495 25 27 a
1123 3483 146 39 donné
1318 3492 84 28 une

390 3539 275 48 magnifique
709 3547 114 40 pour
866 3548 93 27 mes
1005 3535 264 48 fiançailles,
1319 3544 84 29 une

390 3592 221 40 ancienne
648 3590 106 39 faite
791 3589 52 39 de
881 3589 116 39 deux
1031 3588 125 39 rubis
1194 3588 42 37 et
1273 3586 128 39 d'une

390 3645 123 47 perle
532 3654 106 28 avec
658 3653 62 28 un
741 3642 140 38 secret
893 3652 122 37 .pour
1034 3641 77 38 des
1132 3640 194 48 reliques
1347 3649 54 27 ou

390 3697 59 37 du
472 3695 170 50 poison.
666 3695 118 38 Pour
805 3693 215 47 l'instant,
1045 3692 29 38 il
1098 3692 73 49 n'y
1194 3702 25 27 a
1242 3690 46 39 ni
1310 3690 92 38 l'un

389 3750 47 38 ni
454 3744 180 42 J'autre:
653 3747 92 38 Elle
769 3757 26 27 a
818 3746 251 48 appartenu
1095 3744 25 38 à
1143 3754 87 28 une
1255 3744 52 37 de
1331 3752 71 28 ses

389 3800 220 46 ancêtres,
640 3809 87 28 une
772 3798 227 47 marquise
1045 3797 52 38 de
1143 3794 260 51 Spalatella,

388 3863 114 37 pour
530 3852 193 47 laquelle
753 3850 75 42 des
858 3849 229 38 vieillards
1119 3849 41 37 et
1190 3849 75 37 des
1298 3847 104 38 ado-

388 3904 194 39 lescents
633 3902 77 39 ont
759 3901 153 49 expir.é
962 3900 212 40 d'amour.
1211 3900 51 38 Et
1298 3898 106 39 c'est

388 3956 119 40 ainsi
542 3955 95 39 tout
670 3955 40 38 le
745 3955 144 47 temps
924 3954 151 48 quand
1110 3964 57 27 on
1203 3951 199 39 remonte

388 4009 114 39 dans
525 4019 50 27 sa
595 4006 206 39 famille...
823 4006 144 46 Enfin,
988 4005 42 49 je
1052 4005 41 38 te
1114 4004 164 49 répète,
1298 4014 103 27 mon

389 4072 122 27 cœur
536 4060 66 38 est
625 4059 108 49 pris.
757 4057 52 40 Et
833 4068 47 28 ce
905 4056 114 40 n'est
1043 4068 81 38 pas
1151 4057 39 37 le
1215 4056 115 46 titre,
1356 4054 47 39 ni

388 4113 41 39 le
449 4112 159 48 palais,
628 4111 46 38 ni
694 4112 64 37 les
780 4111 138 37 terres
939 4110 58 38 du
1017 4108 94 40 côté
1132 4109 53 38 de
1204 4108 200 44 Ferrare,

388 4165 48 39 ni
460 4166 42 36 la
526 4164 144 49 bague
695 4162 174 49 Borgia,
895 4163 46 38 ni
964 4162 40 37 le
1030 4160 132 50 passé
1188 4158 50 40 de
1264 4159 138 49 gloire

390 4217 43 39 et
452 4218 53 37 de
526 4227 126 37 sang,
673 4216 46 37 ni
738 4215 39 37 le
798 4214 196 50 prestige
1016 4214 57 39 du
1095 4223 102 28 nom
1219 4211 74 50 qui
1310 4211 95 38 font

389 4280 76 27 ma
485 4267 183 50 passion
693 4275 112 41 pour
828 4266 99 38 lui...
949 4265 41 49 je
1014 4264 41 39 te
1077 4266 41 37 le
1140 4264 136 49 jure...
1299 4262 122 45 c'est:

390 4320 65 39 Lui
480 4321 109 45 seul,
615 4320 57 37 tel
690 4318 113 49 .qu'il
957 4318 50 39 Je
1032 4316 62 39 lui
1122 4317 42 37 ai
1190 4327 87 26 une
1301 4315 120 53 telle;

390 4370 378 41 reconnaissance
792 4369 136 40 d'être
950 4379 118 28 venu
1091 4379 69 27 me
1178 4367 227 46 chercher,

391 4425 54 37 de
466 4423 178 39 vou-loir
673 4422 102 39 bien
805 4422 52 38 de
885 4421 88 39 moi
998 4421 6 37 !
1035 4420 35 38 Il
1100 4418 195 40 n'aurait
1323 4429 81 38 pas

393 4475 66 39 été
488 4474 280 39 embarrassé
795 4475 54 38 de
876 4472 166 39 choisir
1058 4471 147 50 parmi
1221 4472 64 37 les
1303 4472 101 48 plus

391 4527 210 39 brillants
633 4526 155 49 partis.
819 4525 244 50 N'importe
1095 4524 145 48 quelle
1271 4523 135 48 jeune

392 4580 93 38 fille
520 4578 52 39 de
608 4577 308 39 l'aristocratie
951 4576 241 47 française,
1225 4576 44 37 la
1303 4575 102 48 plus

392 4631 185 39 difficile
607 4630 156 44 même,
793 4629 74 38 eût
898 4628 66 39 été
993 4628 107 38 fière
1132 4627 135 39 d'être
1298 4626 106 39 l'ob-

392 4683 63 50 jet
493 4683 52 38 de
583 4693 81 27 son
703 4681 230 38 attention.
971 4680 51 37 Et
1072 4680 104 38 c'est
1226 4679 100 44 moi,
1364 4679 44 37 la

392 4735 137 51 petite
555 4734 194 39 Poulet...
776 4733 176 38 Comme
977 4732 110 38 Dieu
1114 4731 65 38 est
1204 4731 88 38 bon
1318 4731 7 37 !

445 4790 116 40 Mais
589 4791 119 38 voilà
734 4791 43 38 la
804 4790 97 38 nuit
929 4790 76 48 qui
1032 4788 190 39 vient-et
1247 4788 30 37 il
1305 4787 99 38 faut

393 4855 85 38 que
515 4844 42 49 je
595 4844 137 37 ferme
771 4853 73 27 ma
895 4842 129 38 lettre
1078 4840 37 38 si
1153 4842 176 46 longue,
1370 4840 35 37 si

394 4898 165 44 courte,
607 4896 37 38 si
695 4895 110 38 sotte
832 4895 6 37 !
892 4893 113 39 C'est
1055 4893 114 38 donc
1217 4891 192 41 demain,

393 4948 27 38 à
455 4949 44 38 la
535 4947 157 39 mairie
730 4948 42 37 et
808 4947 111 38 dans
959 4946 111 37 cette
1108 4944 115 39 belle
1261 4943 148 39 vieille

394 5000 138 49 église
582 5000 52 38 de
685 4997 293 50 Croquebœuf
1012 5008 84 38 que
1132 5007 113 27 nous
1295 5006 113 27 nous

392 5052 199 38 marions
605 5052 6 37 !
642 5051 319 48 Monseigneur
976 5048 171 46 Ledais,
1166 5048 126 38 notre
1310 5047 100 38 evê-

395 5115 98 37 que,
525 5115 112 26 nous
670 5104 200 46 donnera
901 5102 44 38 la
976 5100 283 39 bénédiction
1293 5110 115 37 nup-

393 5156 107 38 tiale
523 5156 41 38 et
587 5155 98 38 dira
707 5154 107 39 trois
839 5154 125 37 mots.
987 5153 138 38 Toute
1149 5153 42 37 la
1213 5151 104 39 ville
1342 5151 67 37 est

394 5218 56 27 en
488 5206 85 40 fête
610 5207 42 38 et
688 5217 57 27 on
781 5217 55 27 ne
876 5205 202 49 s'occupe
1117 5215 81 37 pas
1237 5203 169 38 d'autre

394 5260 145 37 chose.
583 5258 177 39 L'usine
819 5258 204 38 fermera.
1080 5256 81 38 Les
1205 5255 202 38 ouvriers

393 5311 139 42 m'ont
554 5311 129 38 offert
706 5311 114 37 deux
846 5309 146 49 pièces
1018 5309 50 38 de
1094 5308 90 38 soie
1210 5308 52 37 de
1286 5307 121 48 Lyon

394 5362 229 50 superbes.
640 5363 137 48 Papa,
802 5361 88 49 qui,
908 5372 53 27 en
989 5360 120 49 dépit
1136 5360 51 38 de
1215 5370 69 27 ses
1311 5359 97 37 ten-

394 5415 165 38 dances
603 5413 263 46 socialistes,
907 5413 66 38 est
1015 5411 176 39 entiché
1234 5412 52 37 de
1328 5420 79 28 son

395 5466 178 50 gendre,
602 5477 26 27 a
653 5465 180 50 rajeuni
860 5465 53 38 de
940 5464 126 49 vingt
1094 5474 94 27 ans.
1216 5463 186 37 Maman

394 5518 208 50 pleurera
637 5518 113 38 dans
788 5528 86 27 une
910 5516 105 38 robe
1050 5515 131 38 verte.
1220 5514 108 38 C'est
1364 5514 39 37 le

393 5569 147 50 préfet
569 5570 40 37 et
637 5569 123 38 notre
788 5569 103 38 vieil
924 5568 90 39 ami
1044 5568 57 37 M.
1131 5566 272 48 Hurbeloup,

393 5620 270 48 l'armateur,
693 5621 76 48 qui
798 5620 99 38 sont
925 5631 94 27 mes
1049 5619 204 38 témoins.
1285 5618 119 38 Ceux

396 5683 52 27 Ge
472 5672 196 38 Gaétano
692 5673 146 37 seront
860 5673 40 38 le
924 5672 170 37 colonel
1118 5670 221 38 Frittolini
1364 5670 41 37 et

394 5724 42 38 le
463 5724 141 38 comte
629 5724 214 48 Agostino
869 5723 143 47 Serra,
1037 5723 69 37 fils
1133 5723 52 38 de
1210 5721 193 39 l'ancien

396 5775 325 39 ambassadeur
752 5775 51 38 de
836 5775 378 48 Constantinople.
1247 5775 59 37 Ils
1338 5773 65 38 dî-

395 5828 108 37 nent
535 5827 98 39 tous
668 5827 56 38 ici
760 5837 47 28 ce
842 5827 99 37 soir.
977 5827 50 37 Je
1062 5826 88 38 n'ai
1183 5837 82 37 pas
1299 5835 105 37 reçu

393 5878 233 50 beaucoup
659 5879 53 39 de
746 5879 211 46 cadeaux,
991 5888 112 27 nous
1137 5888 139 27 avons
1308 5878 95 37 tou-

393 5930 126 49 jours
545 5941 54 28 eu
624 5932 37 37 si
676 5942 93 38 peu
797 5931 52 38 de
873 5930 252 39 relations..'.
1152 5929 66 37 En
1244 5929 159 38 dehors

394 5983 53 37 de
494 5994 76 27 ma
615 5983 158 49 bague,
821 5983 198 38 Gaétano
1068 5991 55 28 ne
1172 5980 90 38 m'a
1308 5981 96 37 rien

394 6034 185 39 donné...
610 6050 19 19 «
657 6035 52 38 Je
733 6046 69 27 me
828 6034 175 39 réserve
1029 6043 112 39 pour
1165 6032 150 38 IÙ-bas
1339 6032 9 37 !
1381 6047 18 20 »

392 6086 184 38 m'a-t-il
601 6086 231 39 murmuré
859 6084 25 41 à
908 6085 195 39 l'oreille.
1130 6084 144 47 Ainsi,
1301 6084 104 38 c'est

393 6137 220 40 demain...
666 6139 219 42 demain...
938 6138 194 38 demain.
1187 6136 216 39 J'attends

393 6200 105 28 mon
530 6190 103 38 cher
661 6190 201 48 podestat
889 6190 93 38 tout
1011 6190 25 37 à
1064 6189 180 38 l'heure.
1274 6189 35 37 Il
1340 6189 64 38 est

393 6241 225 39 descendu
646 6241 26 39 à
699 6242 165 46 Rouen,
893 6241 99 39 d'où
1021 6242 31 37 il
1080 6241 123 38 vient
1231 6240 172 50 chaque

392 6292 103 47 jour
522 6305 105 26 avec
656 6304 80 30 son
765 6294 100 38 auto
893 6293 151 49 pleine
1072 6293 53 37 de
1153 6303 121 28 roses
1304 6294 41 38 et
1372 6294 30 39 il

354 6343 103 39 Mes
480 6345 82 38 fait
583 6345 112 48 jeter
715 6356 81 39 par
817 6346 112 38 terre
953 6344 164 39 devant
1137 6345 45 38 la
1203 6345 124 48 porte
1350 6346 52 38 de

394 6396 317 39 ma-chambre.
733 6398 159 44 Quand
914 6398 29 37 il
965 6408 71 27 me
1057 6397 199 48 regarde,
1278 6397 30 38 il
1330 6409 71 28 me

394 6445 171 38 semble,
594 6459 83 37 que
707 6460 69 27 ses
805 6460 117 38 yeux
952 6448 100 39 sont
1081 6449 77 38 des
1188 6449 142 39 lèvres
1361 6451 41 37 et

393 6507 86 37 que
502 6507 69 28 ses
592 6501 179 46 regards
793 6501 100 41 sont
913 6501 76 38 des
1011 6500 185 47 baisers,
1218 6501 41 40 et
1279 6502 44 48 je
1346 6513 70 30 ne

393 6558 118 39 peux
545 6560 81 38 pas
661 6552 138 38 croire
833 6552 105 49 qu'il
974 6552 61 38 ait
1067 6552 128 49 vingt
1231 6564 81 27 ans
1348 6554 52 38 de

392 6600 102 44 plus
519 6611 84 33 que
627 6602 91 38 moi
742 6602 24 36 U
778 6604 50 38 Je
853 6615 71 28 me
951 6604 150 39 trouve
1125 6605 148 39 vieille
1298 6605 102 39 près

392 6651 53 39 de
469 6653 7 36 1
489 6653 53 38 ui.
695 6642 59 64 /

431 6703 111 39 C'est
558 6704 182 48 demain
753 6706 49 39 !...
821 6707 189 40 Demain
1028 6708 156 48 matin,
1219 6709 182 39 demain

382 6755 290 52 après-miel',
709 6758 182 39 demain
928 6759 126 38 soir...
1091 6760 98 38 tous
1225 6761 64 38 les
1327 6762 73 37 de-

390 6807 149 38 mains
561 6807 26 38 à
677 6811 87 38 fois
778 6810 6 37 !
805 6810 117 38 Mais
941 6810 181 38 demain
1140 6812 89 37 soir
1247 6823 99 28 sera
1362 6814 39 38 le

390 6858 101 48 plus
516 6858 46 45 h
562 6858 71 45 u
660 6863 52 37 de
737 6863 111 39 tous,
874 6871 134 38 parce
1035 6872 84 37 que
1146 6874 112 28 nous
1286 6865 114 46 quit-

389 6909 40 37 te
433 6915 110 38 voj/ft
571 6915 113 43 (;r0q
690 6926 6 25 1
700 6925 40 27 ie
744 6914 25 37 b
774 6926 22 25 o
801 6925 25 27 M
836 6926 6 24 1
851 6914 16 37 f
900 6913 134 39 avant
1063 6914 39 37 le
1134 6914 127 39 dîner
1290 6927 112 34 pour

358 6959 125 46 •*41re
502 6966 25 38 il
544 6965 129 39 Paris
695 6965 153 48 quatre
868 6966 160 37 heures
1051 6965 130 48 après
1202 6967 41 37 et
1262 6978 54 27 en
1334 6979 67 27 re-

394 7018 139 48 partir
561 7017 26 39 à
615 7018 24 37 8
662 7017 163 38 heures
855 7028 82 37 par
966 7018 40 38 le
1036 7016 116 39 train
1183 7017 218 40 Londres-

395 7069 123 38 Italie
540 7070 75 47 qui
639 7079 112 27 nous
774 7070 88 37 met
885 7069 131 38 d'une
1038 7069 129 38 traite
1191 7069 24 38 à
1236 7070 166 39 Venise

393 7120 194 39 dix-huit
618 7121 159 37 heures
796 7120 141 48 après.
956 7121 123 37 Nous
1096 7120 171 39 l'avons
1287 7122 116 38 ainsi

393 7172 135 37 voulu
558 7173 98 37 tous
687 7172 64 37 les
783 7172 128 38 deux.
956 7172 114 38 C'est
1115 7172 288 49 aujourd'hui

393 7223 211 38 vendredi
634 7224 49 39 15
710 7223 211 39 octobre...
952 7224 182 38 Samedi
1164 7225 48 37 16
1239 7225 64 37 les
1334 7225 69 37 cé-

393 7273 223 40 rémonies
652 7286 8 26 :
699 7289 18 20 «
750 7275 377 38 Consentez-vous
1158 7275 25 38 à
1211 7277 192 47 prendre

393 7335 115 41 pour
542 7325 208 48 époux?...
784 7348 53 5 —
871 7326 103 39 Oui!
1015 7326 93 39 oui!
1149 7327 93 38 oui!
1286 7343 19 20 »
1345 7328 58 38 Le

394 7377 91 39 soir
516 7376 53 37 de
600 7377 185 46 samedi,
817 7378 43 38 la
892 7378 109 46 nuit,
1034 7389 114 27 nous
1180 7379 222 38 roulons...

391 7426 62 52 je
453 7426 231 52 m'évcille
714 7428 111 38 dans
855 7441 70 26 ses
954 7430 118 47 bras,
1102 7441 57 27 au
1187 7430 110 39 bord
1326 7432 77 37 des

393 7481 132 38 lacs...
562 7478 40 38 et
635 7480 223 39 dimanche
858 7480 75 39 à
965 7482 23 37 5
1021 7482 174 47 heures,
1229 7482 46 48 je
1310 7483 92 38 suis

394 7544 55 26 au
473 7530 147 50 palais
644 7529 275 41 Barbarico...
944 7532 99 38 d'où
1064 7533 46 47 je
1133 7534 40 37 te
1195 7533 101 47 jure
1319 7546 84 36 que

393 7584 113 38 dans
544 7583 65 38 les
646 7581 303 48 vingt-quatre
987 7584 160 39 heures
1185 7585 47 38 tu
1270 7597 132 28 auras

393 7646 88 27 une
503 7635 163 38 lettre...
691 7642 111 38 pour
822 7633 39 37 te
883 7635 131 38 dire...

447 7686 52 38 Et
534 7687 72 41 toi,
645 7684 44 38 tu
730 7694 55 26 ne
822 7695 201 29 recevras
1061 7688 65 36 les
1165 7688 116 38 deux
1319 7700 84 35 que

391 7738 116 39 dans
546 7748 62 28 un
646 7734 118 41 mois
789 7733 8 39 !
838 7735 173 40 Pauvre
1050 7739 146 38 chérie
1236 7751 85 36 que
1359 7742 45 46 je

393 7789 174 37 r'aurai
598 7799 82 38 pas
711 7786 45 38 la
786 7786 179 40 demain
992 7789 6 37 !
1034 7790 112 38 C'est
1176 7803 76 27 ma
1282 7795 122 37 seule

393 7840 144 49 peine.
558 7839 119 39 Pour
696 7839 41 38 te
757 7836 171 49 répéter
948 7851 84 37 que
1051 7840 45 49 je
1116 7842 150 39 t'aime
1286 7844 117 47 bien,

393 7892 46 47 je
463 7891 40 38 te
529 7892 68 37 dis
623 7892 124 37 selon
773 7890 46 37 la
843 7889 193 41 formule
1062 7893 52 37 de
1139 7894 64 38 tes
1230 7895 173 48 Malga-

396 7943 102 37 ches
524 7953 83 38 que
631 7943 47 36 tu
704 7942 111 38 m'as
840 7942 178 48 apprise
1050 7955 7 26 :
1089 7960 19 19 «
1135 7945 51 38 Je
1211 7947 93 38 suis
1329 7949 71 37 ton

396 7994 103 49 père
522 7995 40 37 et
582 7995 44 37 ta
648 7994 122 38 mère
796 8007 18 20 »
843 7993 41 37 et
904 7994 44 46 je
969 7994 261 42 t'embrasse
1254 7999 88 39 fort
1364 8001 41 38 et

395 8047 130 37 doux.
550 8069 52 4 —
627 8045 236 38 Princesse
889 8045 185 39 POWÆ'J'.

408 8140 65 41 (La
493 8143 58 38 fin
573 8142 22 31 à
620 8142 171 38 demain.)

992 8115 124 36 Henri
1146 8117 201 45 Lavedan,

930 8170 41 28 de
989 8171 201 29 l'Académie
1207 8174 178 37 française.

1526 584 448 104 Tolstoï
2048 598 368 88 errant

1704 774 112 70 se
1874 754 360 88 meurt

1464 951 49 40 Il
1545 950 78 40 est
1655 945 169 43 tombé
1854 947 206 41 malade
2082 958 94 29 sur
2199 948 51 39 le
2283 947 194 40 chemin

1528 1013 62 40 de
1619 1013 233 40 Koselsk
1885 1009 30 42 à
1958 1011 455 41 Rostov-sur-Don

1642 1136 26 43 Il
1708 1136 119 53 lègue
1859 1152 53 27 au
1944 1135 156 54 peuple
2127 1152 112 26 russe
2266 1134 38 43 la

1640 1208 209 51 propriété
1904 1205 54 44 de
2018 1222 62 27 ses
2139 1221 164 27 œuvres

1511 1352 155 36 Tolstoï
1698 1363 23 25 a
1751 1351 135 46 quitté
1916 1351 111 35 voilà
2058 1351 166 45 quatre,
2237 1350 116 46 jours
2373 1350 100 36 Tas-

1464 1399 292 34 naïa-Poliana
1794 1399 22 34 à
1854 1399 38 35 la
1928 1398 110 35 suite
2076 1398 48 34 de
2161 1396 311 36 dissentiments

1464 1455 98 26 avec
1586 1455 45 25 sa
1653 1445 170 35 famille.
1846 1445 31 33 Il
1899 1444 161 35 voulait
2082 1444 173 34 rénover
2280 1444 38 35 la
2340 1443 133 35 situa-

1464 1491 85 36 tion
1575 1491 153 37 sociale
1751 1491 69 35 des
1842 1500 180 34 paysans
2045 1490 100 35 dans
2170 1499 73 26 son
2266 1490 207 42 domaine;

1465 1547 44 26 sa
1529 1537 158 38 famille
1708 1537 60 44 s'y
1790 1546 164 35 opposa.
1977 1537 30 33 Il
2028 1537 162 35 voulait
2210 1536 264 35 abandonner

1465 1584 39 36 la
1530 1583 288 45 propriété'de
1847 1584 96 35 tou.3<
1968 1592 65 27 ses
2062 1592 201 35 ouvrages
2337 1592 44 25 sa
2409 1582 63 35 fa-

1464 1630 113 35 mille
1613 1630 123 44 jugea
1773 1638 79 36 que
1890 1629 66 35 cet
1994 1629 188 35 abandon,
2218 1628 146 36 n'était
2399 1638 74 35 pas

1465 1676 218 44 opportun.
1711 1676 155 35 Tolstoï
1896 1675 132 44 partit
2057 1675 37 35 la
2121 1675 106 41 nuit,
2256 1684 216 35 accompa-

1464 1718 77 50 gné
1569 1723 49 35 de
1646 1732 43 26 sa
1718 1722 83 35 lille
1828 1721 233 36 Alexandra
2089 1721 40 35 et
2156 1722 49 34 de
2234 1731 73 25 son
2335 1720 168 47 mêde-

1572 1769 35 35 le
1636 1768 171 36 docteur
1835 1767 292 47 Marcovitzky,
2156 1767 70 45 qui
2254 1768 220 44 partagent

1463 1825 65 26 ses
1557 1815 800 39 idées....

1516 1861 60 36 On
1598 1871 51 25 ne
1673 1861 67 36 sut
1764 1860 167 36 d'abord
1954 1862 53 34 où
2034 1861 26 34 il
2087 1860 136 36 s'était
2246 1860 140 36 retiré.
2413 1860 60 36 On

1462 1907 83 36 cita
1581 1909 210 43 plusieurs
1831 1907 196 36 couvents
2065 1907 131 36 situés
2235 1907 100 35 dans
2374 1908 97 44 plu-

1461 1955 136 36 sieurs
1621 1953 344 46 gouvernements
1990 1962 139 27 russes
2155 1962 111 26 assez
2292 1953 180 45 éloignés

1463 2001 56 34 les
1543 2010 76 26 uns
1643 2001 69 35 des
1736 2001 153 35 autres.

1514 2047 61 34 En
1604 2047 156 42 réalité,
1794 2046 157 36 Tolstoï
1981 2045 139 45 paraît
2149 2046 117 35 avoir
2296 2055 50 26 eu
2377 2045 93 36 des-

1461 2094 90 35 sein
1577 2093 141 35 d'aller
1746 2103 52 25 au
1825 2092 178 36 couvent
2029 2092 48 36 de
2105 2091 284 43 Charmadine,
2420 2093 52 34 où

1461 2149 43 26 se
1537 2140 147 41 trouve,
1717 2140 107 35 l'une
1858 2139 48 35 de
1938 2148 63 26 ses
2035 2148 142 32 sœurs,
2213 2148 50 25 en
2294 2139 177 44 religion

1461 2186 145 44 depuis
1641 2186 209 44 plusieurs
1886 2185 162 35 années.
2083 2185 31 34 Il
2147 2184 156 36 n'avait
2337 2194 135 26 aucun

1461 2233 111 35 désir
1601 2232 47 36 de
1676 2232 163 36 rentrer
1869 2232 99 35 dans
1998 2241 46 26 sa
2072 2231 195 35 demeure
2297 2231 40 35 et
2363 2241 106 25 vou-

1462 2277 74 37 lait
1562 2279 98 35 finir
1686 2289 64 25 ses
1776 2279 117 44 jours
1923 2288 49 25 en
1998 2277 145 36 vivant
2170 2287 80 26 une
2276 2277 67 35 vie
2370 2287 99 26 con-

1462 2326 134 35 forme
1620 2325 23 35 à
1666 2335 64 25 ses
1757 2325 122 35 idées.-

1514 2372 32 34 Il
1582 2371 62 36 est
1678 2371 138 36 tombé
1852 2371 161 35 malade
2050 2380 50 26 en
2135 2380 43 26 se
2213 2370 176 36 rendant
2424 2370 48 37 de

1459 2418 176 35 Korelsk
1659 2417 23 36 à
1703 2418 384 35 Rostov-sur-Don.

1512 2465 117 35 Voici
1659 2465 56 35 les
1744 2464 202 44 dépêches
1976 2465 69 43 qui
2075 2473 105 26 nous
2208 2464 265 44 renseignent

1460 2521 73 25 sur
1566 2510 112 36 l'état
1710 2511 299 35 extrêmement
2039 2520 126 35 grave
2197 2510 55 36 du
2284 2510 189 45 glorieux

1461 2557 262 43 octogénaire
1747 2556 141 36 errant
1910 2566 6 26 :

1517 2630 156 44 TOULA,
1703 2634 44 34 15
1774 2632 242 36 novembre.'
2034 2655 53 3 —
2111 2632 156 36 Tolstoï
2294 2643 22 25 a
2342 2633 134 45 quitté

1464 2681 36 35 le
1527 2680 186 41 couvent,
1743 2680 273 44 accompagné
2042 2679 47 36 de
2115 2689 45 26 sa
2185 2680 84 35 fille
2293 2681 181 35 Alexan-

1461 2728 74 35 dra
1556 2728 39 35 et
1616 2727 48 35 de
1686 2737 73 25 son
1779 2727 199 35 médecin.
2001 2728 30 33 Il
2057 2736 22 26 a
2100 2727 87 44 pris
2211 2728 37 34 la
2269 2727 205 35 direction

1460 2782 50 28 cie
1538 2775 37 34 la
1603 2774 141 42 Suède,
1775 2773 115 42 mais,
1922 2773 114 36 étant
2062 2773 218 42 souffrant,
2312 2774 27 34 il
2368 2784 23 25 a
2418 2774 55 35 dû

1460 2821 223 35 descendre
1706 2821 22 35 à
1751 2821 38 35 la
1811 2829 97 36 gare
1930 2820 269 44 d'Astrapavo
2223 2820 248 45 (gouverne-

1460 2868 114 36 ment
1596 2868 49 35 de
1668 2868 187 39 Hiasan).-
1855 2868 76 39 La
1954 2867 127 36 lièvre
2105 2867 50 35 l'a
2178 2866 134 47 obligé
2336 2867 22 36 à
2380 2877 91 26 res-

1461 2915 65 36 ter
1556 2915 100 35 dans
1686 2915 107 36 cette
1824 2914 176 36 localité.

1514 2992 153 40 TOULA,
1698 2992 41 34 15
1761 2990 236 37 novembre.
2017 3013 52 4 —
2086 2991 57 35 Le
2162 2990 134 37 comte
2317 2990 151 44 Tostoï,

1463 3037 136 36 tombé
1627 3038 161 35 malade
1818 3047 51 26 en
1895 3047 44 25 se
1967 3036 176 36 rendant
2170 3036 49 36 de
2247 3037 175 35 Koselsk
2451 3038 23 35 à

1464 3083 415 42 Rostof-sur-leDon,
1915 3083 62 35 est
2009 3083 141 44 soigné
2182 3083 95 35 chez
2312 3083 36 36 le
2379 3083 97 36 chef

1461 3130 48 36 de
1542 3130 37 35 la
1609 3139 98 36 gare
1738 3129 258 45 d'Astapovo.

1512 3177 76 34 Les
1634 3176 207 35 médecins
1887 3174 211 37 déclarent
2141 3185 75 26 son
2260 3174 85 38 état
2388 3175 84 36 très

1462 3232 136 36 grave.

1700 3299 71 35 Ses
1803 3298 212 35 dernières
2045 3297 188 36 volontés

2009 3357 86 7 ..

1513 3368 496 37 SAINT-PÉTERSBOURG,'
2041 3369 44 34 15
2138 3368 235 35 novembre.
2425 3390 51 3 —

1457 3416 136 35 Avant
1612 3425 75 26 son
1704 3416 158 44 départ,
1885 3414 157 36 Tolstoï
2064 3425 22 25 a
2104 3415 140 45 rédigé
2264 3425 56 25 un
2340 3415 131 35 testa-

1459 3463 124 41 ment,
1618 3463 158 34 faisant
1809 3463 36 33 le
1879 3462 151 44 peuple
2063 3471 119 25 russe
2216 3462 176 35 héritier
2425 3462 49 35 de

1458 3519 63 26 ses
1545 3518 161 26 œuvres
1730 3508 241 36 littéraires.
1993 3508 129 42 Ainsi,
2149 3508 191 36 l'illustre
2364 3509 108 35 écri-

1458 3556 99 35 vain
1583 3556 110 35 reste
1719 3555 120 35 fidèle
1867 3564 82 25 aux
1975 3554 191 45 opinions
2195 3555 99 44 qu'il
2323 3565 22 25 a
2372 3565 100 34 pro-

1460 3602 155 36 fessées
1643 3601 116 36 toute
1785 3611 46 25 sa
1856 3601 68 35 vie
1950 3610 73 26 sur
2050 3601 38 35 la
2115 3601 213 45 propriété
2356 3602 116 36 litté-

1460 3650 123 35 raire.
1611 3648 61 35 On
1697 3648 91 41 sait,
1818 3657 51 26 en
1896 3648 110 41 effet,
2034 3647 98 45 qu'il
2159 3658 51 25 ne
2237 3648 238 37 demandait

1458 3705 73 37 pas
1554 3696 48 35 de
1625 3695 131 36 droits
1779 3694 190 36 d'auteur
1990 3703 106 36 pour
2117 3703 64 27 ses
2204 3704 215 36 ouvrages.

1456 3815 60 68 Le
1531 3815 254 68 Président
1798 3814 55 67 de
1871 3814 49 67 la
1930 3813 295 91 République
2239 3815 64 67 du
2319 3816 158 68 Brésil

1674 3926 159 43 entre
1873 3934 70 33 en
1986 3920 279 48 fonctions

1507 4066 56 36 Le
1584 4066 209 35 maréchal
1818 4064 170 37 Hermès
2012 4065 50 36 da
2084 4065 193 42 Fonseca,
2303 4066 36 34 le
2361 4075 107 27 nou-

1457 4123 107 26 veau
1586 4113 218 44 président
1827 4113 49 35 de
1901 4113 39 35 la
1963 4112 266 45 République,
2248 4113 54 35 du
2325 4113 146 38 Brésil,

1458 4169 22 26 a
1506 4160 98 44 pris,
1633 4160 101 41 hier,
1764 4159 236 44 possession
2025 4159 49 35 de
2099 4168 63 26 ses
2190 4159 220 35 fonctions.
2440 4160 31 34 Il

1459 4206 113 35 avait
1597 4206 63 35 été
1687 4206 66 36 élu
1778 4216 53 25 au
1857 4206 105 34 mois
1989 4205 47 36 de
2061 4215 117 25 mars-
2201 4216 103 33 pour
2331 4206 38 35 la
2394 4206 75 44 pé-

1457 4253 116 36 riode,
1600 4253 55 36 du
1674 4254 57 36 .15,
1745 4252 190 45 novembre,
1935 4252 58 45 "
2014 4253 98 34 1910
2142 4262 52 26 au
2224 4253 44 34 15
2297 4262 173 31 novem,-

1459 4300 72 36 bre
1555 4301 100 34 1011.
1730 4326 8 2 -
2443 4296 22 7 "

1513 4346 57 35 On
1603 4356 42 25 se
1675 4346 185 44 rappelle
1892 4346 189 45 qu'après
2112 4355 75 26 son
2218 4344 255 45 éJecLiÔÜ;'le

1458 4393 210 36 maréchal
1703 4403 21 25 a
1759 4393 79 35 fait
1870 4399 58 29 un
1959 4395 161 43 voyagé-
2149 4402 51 26 en
2231 4392 166 46 Europe
2431 4394 41 35 et

1657 6088 62 34 LE
1744 6089 228 36 MARECHAL
1997 6099 53 25 DA
2076 6091 197 35 FONSECA
2291 6087 9 4 '

1465 6175 98 45 qu'il
1598 6186 22 25 a
1653 6177 63 34 été
1749 6176 124 37 l'hôte
1906 6178 48 35 de
1988 6178 37 36 la
2056 6179 170 35 France,
2259 6180 29 33 Il
2324 6180 150 35 assista

1462 6231 81 26 aux
1567 6222 173 44 grandes
1768 6232 261 27 manœuvres
2056 6225 48 35 de
2131 6224 245 44 septembre,
2406 6225 67 36 fut

1461 6279 97 34 reçu
1578 6269 23 35 à
1622 6269 37 34 la
1679 6268 210 37 Sorbonne
1910 6270 40 35 et
1970 6271 260 44 s'embarqua
2250 6272 36 34 le
2305 6273 49 34 28
2374 6281 95 35 sep-

1462 6315 169 41 tembre,
1661 6315 22 35 à
1710 6315 247 46 Cherbourg,
2011 6326 72 26 sur
2136 6317 36 36 le
2222 6317 251 37 Suo-Paulo.

2620 604 284 160 La
3000 604 488 160 Crue
3576 600 944 204 s'aggrave

2540 920 122 70 On
2720 920 366 92 prévoit
3152 940 164 72 que
3400 920 210 72 d'ici
3690 922 434 72 vendredi
4194 924 92 70 la
4356 924 256 72 Seine

2962 1046 416 66 montera
3438 1040 98 72 de
3606 1042 42 70 1
3714 1048 286 68 mètre
4058 1042 118 74 60

2587 1256 56 35 Le
2667 1256 152 35 niveau
2843 1255 49 36 de
2918 1256 38 35 la
2981 1255 121 37 Seine
3126 1254 100 37 s'est
3247 1264 146 26 encore
3418 1255 125 41 élevé,

2533 1302 101 42 hier,
2679 1303 119 35 d'une
2837 1302 216 44 vingtaine
3093 1302 49 35 de
3182 1298 277 43 centimètres,
3503 1301 41 35 et

2533 1349 79 35 l'on
2642 1348 164 45 prévoit
2835 1358 106 35 pour
2970 1348 199 35 vendredi
3200 1357 81 27 une
3312 1348 151 35 hausse
3494 1348 49 35 de

2535 1396 16 33 1
2582 1394 131 36 mètre
2741 1397 59 33 60.

2582 1441 80 35 Sur
2686 1441 92 35 tout
2802 1442 36 34 le
2862 1450 199 35 parcours
3087 1441 68 35 des
3181 1441 131 44 quais,
3338 1440 121 36 outre
3484 1440 56 35 les

2535 1487 177 36 travaux
2748 1487 50 35 de
2834 1487 234 45 protection
3105 1487 122 44 qu'on
3265 1487 188 41 effectue,
3493 1496 51 25 on

2534 1534 101 44 peut
2669 1533 103 42 voir,
2812 1534 246 41 accumulés,
3098 1534 70 35 des
3205 1533 236 36 matériaux
3477 1532 66 36 di-

2532 1590 105 32 vers,
2664 1580 182 45 briques,
2873 1581 210 41 moellons,
3111 1580 122 41 sable,
3263 1589 88 26 sacs
3376 1580 49 35 de
3449 1580 94 44 plâ-

2534 1627 73 36 tre,
2648 1627 176 45 gravier,
2865 1636 79 36 que
2984 1627 79 35 l'on
3100 1626 180 36 n'aurait
3317 1627 95 44 plus
3452 1626 93 45 qu'à

2533 1674 150 35 mettre
2716 1683 50 26 en
2798 1674 127 44 place,
2960 1673 35 36 si
3030 1674 38 35 la
3100 1682 98 27 crue
3231 1673 220 45 atteignait
3485 1673 57 35 les

2532 1721 233 35 chaussées.

2586 1767 186 35 Certains
2800 1767 150 45 points,
2980 1767 103 42 hier,
3114 1766 202 36 restaient
3342 1766 199 36 vulnéra-

2532 1813 86 36 bles
2642 1824 7 25 :
2682 1815 38 34 la
2747 1814 138 45 partie
2914 1814 54 35 du
2998 1815 95 44 quai
3126 1814 49 35 de
3206 1815 126 43 Passy
3363 1813 71 45 qui
3465 1813 80 35 fait

2530 1861 210 35 vis-à-vis
2769 1861 23 35 à
2819 1861 38 35 la
2885 1870 75 25 rue
2986 1861 240 35 Beethoven
3254 1870 22 26 a
3303 1860 64 36 été
3394 1869 147 26 conso-

2532 1908 106 35 lidée
2663 1917 75 34 par
2765 1908 69 35 des
2861 1908 214 35 fermettes
3102 1908 41 34 et
3167 1907 70 35 des
3262 1917 104 35 pans
3392 1906 49 36 de
3466 1908 76 34 fer.

2532 1955 31 33 II
2590 1954 102 36 était
2715 1953 146 45 temps,
2887 1963 69 25 car
2980 1954 28 35 il
3033 1953 84 36 s'en
3141 1954 138 35 fallait
3302 1954 23 35 à
3347 1953 122 46 peine
3494 1953 49 36 de

2533 2002 38 34 la
2604 2000 181 36 hauteur
2818 2000 121 36 d'une
2970 2010 131 26 canne
3134 2010 79 36 que
3247 2000 104 36 l'eau
3383 2009 52 27 ne
3467 1999 74 37 dé-

2531 2047 158 36 bordât.

2578 2095 79 35 Sur
2679 2095 36 35 le
2735 2095 95 44 quai
2855 2095 48 36 de
2925 2095 39 36 la
2984 2095 114 41 Gare,
3121 2105 50 25 en
3192 2095 89 35 face
3303 2094 70 36 des
3393 2094 147 35 numé-

2532 2151 66 25 ros
2620 2142 45 34 81
2690 2141 23 35 à
2734 2143 58 40 91,
2817 2142 38 34 la
2874 2141 125 45 berge
3021 2140 40 37 et
3081 2142 39 34 la
3140 2141 199 36 chaussée
3360 2140 184 36 forment

2532 2197 81 26 une
2641 2188 185 35 manière
2853 2188 50 36 de
2927 2188 121 45 plage
3076 2198 50 25 en
3153 2188 123 44 pente
3304 2188 129 35 douce
3456 2197 7 31 ;
3492 2197 52 25 on

2531 2235 65 35 n'a
2623 2235 214 42 construit,
2868 2244 50 26 en
2944 2235 65 35 cet
3035 2234 172 42 endroit,
3238 2244 135 26 aucun
3398 2234 144 36 batar-

2532 2282 116 42 deau,
2688 2291 159 26 aucune
2884 2281 181 37 murette
3088 2291 8 32 ;
3133 2282 101 35 dans
3271 2281 108 36 deux
3413 2282 128 44 jours,

2533 2329 165 35 demain
2731 2328 228 45 peut-être,
2997 2329 27 34 il
3059 2338 93 26 sera
3184 2328 93 45 trop
3313 2328 92 35 tard
3438 2337 107 36 pour

2534 2376 297 44 entreprendre
2859 2376 97 44 quoi
2984 2384 80 36 que
3090 2385 45 25 ce
3163 2375 92 35 soit.
3284 2375 31 34 Il
3341 2385 27 34 y
3394 2385 22 25 a
3444 2375 101 35 dans

2534 2423 57 35 les
2616 2422 207 45 remparts
2850 2423 57 34 les
2933 2423 142 34 mieux
3101 2421 161 37 étudiés
3288 2431 81 27 une
3393 2421 152 36 brèche

2533 2470 81 35 mal
2635 2470 149 44 gardée
2807 2479 9 32 ;
2837 2479 45 25 ce
2901 2469 118 44 point
3037 2469 55 35 du
3112 2469 97 45 quai
3229 2468 49 36 de
3300 2469 37 34 la
3357 2469 107 35 Gare
3484 2468 63 36 est

2533 2526 81 26 une
2644 2517 119 44 porte
2793 2516 172 36 ouverte
2996 2516 23 35 à
3050 2515 282 36 l'inondation.

2780 2593 75 35 Les
2877 2593 170 44 progrès
3068 2593 54 34 du
3144 2593 155 44 danger

2585 2669 79 35 Sur
2687 2669 56 35 les
2766 2668 210 36 chantiers
3001 2667 48 36 de
3070 2667 170 35 défense
3263 2666 41 35 et
3326 2667 56 35 les
3406 2666 137 45 points

2532 2715 202 45 attaqués,
2771 2724 52 26 on
2855 2714 65 36 n'a
2956 2713 276 36 aucunement
3267 2713 278 44 l'impression

2532 2762 96 36 d'un
2661 2762 106 44 péril
2801 2761 203 44 pressant.
3040 2760 228 41 Toutefois,
3305 2759 23 36 à
3358 2760 94 35 voir
3487 2760 56 35 les

2531 2809 144 37 choses
2702 2818 76 35 par
2806 2809 36 35 le
2870 2808 137 43 détail,
3037 2806 271 36 l'inondation
3334 2815 128 36 gagne
3490 2806 54 36 du

2532 2855 171 36 terrain.

2583 2902 91 36 Aux
2699 2902 167 36 ateliers
2893 2901 48 36 de
2967 2902 39 35 la
3030 2900 182 36 division
3238 2899 226 46 électrique
3490 2899 55 36 du

2532 2949 165 36 chemin
2729 2949 49 35 de
2810 2949 65 35 fer
2907 2948 69 36 des
3010 2947 217 42 Invalides,
3263 2947 55 35 les
3352 2955 120 27 caves
3505 2947 40 34 et

2532 2996 57 35 les
2626 2997 147 35 locaux
2806 2996 54 36 du
2895 2994 223 39 calorifère
3152 2993 267 36 contiennent
3451 2993 91 35 cin-

2532 3042 153 46 quante
2716 3042 265 36 centimètres
3016 3041 128 36 d'eau.

2576 3090 56 35 Le
2656 3089 190 35 chantier
2870 3089 54 35 du
2949 3088 140 42 Métro,
3117 3098 52 25 au
3193 3087 101 45 pont
3319 3086 223 43 Mirabeau,

2531 3137 90 35 rive
2644 3136 144 42 droite,
2814 3134 236 37 est-inondé
3072 3134 41 36 et
3134 3135 80 34 l'on
3234 3133 91 36 voit
3347 3133 84 36 très
3455 3133 88 36 dis-

2532 3183 245 35 tinctement
2802 3183 104 35 l'eau
2932 3192 53 26 au
3012 3181 100 36 fond
3137 3180 69 37 des
3234 3180 234 36 cheminées
3495 3179 50 37 de

2531 3229 203 36 descente.

2582 3277 77 35 Les
2687 3286 203 35 ouvrages
2918 3286 79 35 que
3024 3275 79 36 l'on
3130 3274 153 36 élevait
3308 3284 65 26 ces
3400 3273 157 46 jours-1

2531 3325 37 34 ci
2595 3334 52 25 au
2673 3324 91 35 delà
2789 3324 53 35 du
2868 3323 101 45 pont
2994 3322 219 41 d'Auteuil,
3241 3331 50 26 en
3316 3322 91 35 face
3432 3321 49 35 de
3507 3321 38 35 la

2531 3381 75 25 rue
2631 3370 188 42 Leblanc,
2848 3369 93 36 sont
2968 3369 185 42 achevés,
3182 3368 41 35 et
3248 3377 158 26 comme
3433 3367 23 36 à
3481 3368 64 35 cet

2532 3417 164 36 endroit
2724 3418 35 35 le
2786 3417 73 35 flot
2887 3427 23 25 a
2936 3426 82 26 une
3045 3415 84 36 très
3156 3414 155 46 grande
3338 3414 126 42 force,
3492 3424 53 25 on

2532 3474 22 25 a
2589 3464 140 36 dressé
2764 3464 69 35 des
2870 3462 250 37 contreforts
3157 3461 231 45 remblayés
3425 3461 120 36 d'une

2531 3511 110 36 forte
2663 3508 214 47 épaisseur
2898 3510 47 35 de
2967 3510 122 35 terre.

2582 3558 55 35 Le
2664 3558 111 35 fossé
2801 3557 70 36 des
2897 3556 307 41 fortifications,
3234 3554 23 36 à
3282 3555 39 35 la
3345 3555 120 44 porte
3489 3554 59 36 du

2530 3605 297 42 Bas-Meudon,
2877 3604 63 35 est
2986 3603 150 44 rempli
3185 3601 118 38 d'eau
3348 3601 197 46 jusqu'au

2520 3651 114 36 .bord
2663 3651 48 36 de
2743 3652 38 35 la
2810 3651 212 35 chaussée.

2583 3699 55 35 Le
2665 3699 95 44 long
2783 3698 49 36 de
2857 3699 38 34 la
2920 3697 93 36 voie
3039 3697 55 36 du
3119 3695 166 37 chemin
3310 3695 49 37 de
3385 3696 64 35 fer
3474 3695 70 36 des

2532 3745 217 42 Invalides,
2791 3745 104 36 l'eau
2932 3744 191 36 s'infiltre
3160 3743 24 36 à
3219 3742 211 46 plusieurs
3469 3751 74 26 en-

2532 3792 142 42 droits,
2717 3791 169 37 surtout
2925 3791 23 35 à
2988 3790 168 37 l'entrée
3196 3790 55 36 du
3289 3789 144 36 tunnel
3475 3788 70 36 des

2532 3839 205 36 Invalides
2760 3849 8 32 ;
2795 3838 48 43 là,
2871 3838 76 35 elle
2972 3838 135 35 forme
3131 3846 95 26 sous
3254 3837 57 34 les
3336 3835 208 36 traverses

2532 3896 80 26 une
2633 3896 135 35 nappe
2787 3885 194 36 verdâtre
3001 3894 80 36 que
3099 3884 71 35 des
3190 3892 170 36 pompes
3381 3882 165 37 s'effor-

2532 3933 93 36 cent
2650 3931 49 38 de
2724 3932 156 46 rejeter
2906 3932 99 35 dans
3033 3932 36 35 le
3094 3931 147 35 fleuve.

2584 3986 31 34 Il
2639 3996 28 34 y
2691 3985 113 36 avait
2827 3994 148 26 encore
2998 3984 70 36 des
3092 3983 114 37 baies
3231 3983 192 36 ouvertes
3449 3991 96 27 sous

2534 4034 36 35 le
2599 4033 97 45 quai
2724 4032 49 36 de
2801 4032 39 35 la
2865 4031 94 36 voie
2987 4031 223 42 d'Orléans,
3241 4030 95 45 près
3365 4030 55 36 du
3447 4029 102 46 pont

2532 4080 138 39 Royal.
2700 4079 60 35 On
2787 4078 154 36 achève
2968 4078 50 36 de
3046 4078 58 35 les
3132 4077 207 45 aveugler.

2583 4126 68 38 Du
2682 4125 91 38 côté
2805 4125 49 37 de
2886 4125 138 45 Passy,
3060 4125 40 35 la
3131 4124 205 36 situation
3367 4133 51 26 ne
3451 4123 96 36 s'est

2532 4183 71 34 pas
2641 4173 215 45 aggravée,
2895 4173 121 44 grâce
3054 4181 82 26 aux
3172 4180 186 30 mesures
3397 4170 148 45 prises.

2532 4219 151 37 Toutes
2716 4221 56 34 les
2805 4219 246 36 ouvertures
3082 4218 49 36 de
3162 4218 39 35 la
3230 4217 210 42 chaussée,
3474 4227 70 25 re-

2532 4267 121 45 gards
2678 4267 40 35 et
2739 4266 181 36 bouches
2945 4266 173 45 d'égout,
3144 4264 72 36 ont
3240 4264 64 36 été
3328 4264 218 36 entourées

2531 4314 49 35 cîè
2622 4314 234 35 cheminées
2901 4313 49 35 de
2991 4312 170 45 briques
3202 4311 112 36 daôs'
3348 4311 58 36 les
3447 4316 97 30 rues

2530 4360 151 42 basses,
2709 4360 116 35 telles
2853 4369 78 35 que
2958 4360 38 34 la
3020 4368 76 26 rue
3126 4357 353 43 Félicien-David,
3509 4358 36 34 la

2532 4418 74 25 rue
2631 4408 110 41 Diaz,
2771 4407 38 35 la
2832 4416 76 25 rue
2932 4406 103 35 Gros
3059 4415 7 32 ;
3093 4405 70 36 des
3189 4411 171 39 pompes
3386 4404 72 35 ont
3483 4404 65 36 été

2531 4455 124 35 mises
2679 4464 50 25 en
2751 4453 179 42 marche,
2956 4462 70 26 car
3049 4453 37 34 le
3108 4451 152 36 niveau
3283 4451 49 36 de
3355 4451 105 35 l'eau
3484 4451 62 35 est

2530 4500 261 36 maintenant
2818 4500 87 41 égal
2934 4499 26 36 à
2982 4499 109 36 celui
3116 4498 50 36 de
3192 4499 37 35 la
3255 4497 137 42 partie
3418 4498 128 35 haute

2532 4548 48 36 dé
2609 4548 39 35 la
2676 4543 201 40 chaussée
2906 4539 82 52 qui,
3020 4555 94 26 sans
3144 4545 56 37 les
3229 4543 237 40 barricades
3497 4544 49 36 de

2531 4594 274 45 maçonnerie,
2834 4593 128 35 serait
2989 4591 253 37 recouverte.

2581 4641 184 36 L'écluse
2790 4640 48 36 de
2864 4640 38 35 la
2927 4640 190 35 Monnaie
3141 4642 62 32 est
3225 4638 322 45 complètement

2534 4687 222 45 immergée
2777 4697 8 32 ;
2824 4687 135 35 seules
2999 4686 57 35 les
3094 4686 162 44 pointes
3295 4685 69 36 des
3402 4685 141 46 grilles

2531 4735 50 35 du
2609 4734 185 45 jardinet
2821 4734 125 35 Henri
2974 4734 53 34 IV
3053 4732 221 46 dépassent
3299 4732 117 36 l'eau.

2583 4788 58 34 La
2675 4787 94 35 voie
2805 4786 55 36 du
2895 4785 166 36 chemin
3095 4785 49 36 de
3179 4786 65 34 fer
3278 4784 172 46 d'Orsay
3484 4784 62 36 est

2532 4844 111 26 assez
2660 4834 205 35 menacée.
2879 4832 60 35 En
2954 4833 91 35 face
3061 4832 48 36 de
3126 4832 38 35 la
3179 4832 115 35 Halle
3325 4842 81 26 aux
3433 4832 112 40 Vins,

2532 4882 36 34 le
2598 4880 249 45 mur-digue
2877 4879 104 36 était
3010 4879 87 35 fort
3124 4878 73 36 bas
3228 4878 41 35 et
3297 4888 53 26 on
3380 4879 36 35 le
3446 4888 97 26 sur-

2532 4927 114 36 élève
2673 4927 63 35 d'à
2761 4934 81 33 peu
2870 4926 95 41 près
2996 4927 16 33 1
3043 4925 133 36 mètre
3203 4927 60 34 50.
3289 4925 125 36 L'eau
3440 4926 105 40 gicle

2532 4984 49 25 au
2608 4974 72 36 bas
2707 4973 70 36 des
2802 4982 116 26 murs
2944 4982 50 26 en
3017 4972 80 45 jets
3125 4965 86 52 qui
3211 4965 261 52 deviennent
3497 4972 48 36 de

2531 5021 93 44 plus
2663 5030 50 25 en
2749 5020 93 44 plus
2879 5019 241 42 nombreux,
3160 5018 40 36 et
3235 5019 100 36 dans
3374 5019 39 36 la
3448 5029 97 31 gare

2532 5067 274 41 d'Austerlitz,
2833 5066 104 35 l'eau
2959 5066 149 36 s'étant
3130 5065 180 36 infiltrée
3333 5076 73 25 sur
3428 5066 36 36 le
3488 5067 59 34 sol

2532 5114 68 35 des
2635 5123 193 35 passages
2864 5113 259 35 souterrains
3158 5112 93 36 d'où
3286 5113 79 35 l'on
3399 5112 146 36 accède

2533 5170 81 26 aux
2644 5161 119 44 quais
2795 5160 48 35 de
2874 5159 156 44 départ,
3065 5169 52 25 on
3147 5169 22 25 a
3200 5159 54 36 dû
3285 5159 161 42 établir,
3478 5169 67 26 ces

2531 5208 117 44 jours
2683 5205 197 43 derniers,
2916 5206 49 35 de
2995 5206 139 35 vastes
3166 5206 219 44 planchers
3419 5216 124 34 repo-

2531 5254 93 35 sant
2645 5263 73 26 sur
2741 5253 68 35 des
2833 5253 206 35 traverses
3062 5252 49 36 de
3131 5252 103 36 bois.
3256 5253 77 35 Les
3355 5254 189 34 semelles

2532 5300 48 35 de
2602 5309 64 25 ces
2690 5299 206 35 traverses
2919 5299 103 42 sont,
3047 5309 45 26 ce
3113 5298 142 43 matin,
3280 5300 266 35 recouvertes

2533 5356 74 34 par
2636 5346 114 37 l'eau,
2779 5345 158 45 malgré
2965 5346 38 35 la
3028 5345 221 45 puissance
3277 5345 69 37 des
3374 5355 170 36 pompes

2532 5393 69 45 qui
2630 5392 231 45 l'épuisent.

2586 5439 137 40 Quant
2757 5448 82 26 aux
2872 5439 213 45 entrepôts
3119 5439 49 36 de
3201 5440 141 44 Bercy,
3379 5449 94 26 sans
3510 5440 39 35 la

2533 5486 221 43 puissance
2796 5485 48 35 de
2880 5486 118 40 Jeurs
3043 5496 182 34 pompes,
3271 5486 50 35 ils
3364 5486 182 36 seraient

2535 5532 168 35 inondés
2735 5542 76 34 par
2843 5532 111 35 leurs
2988 5532 142 45 égouts
3163 5533 82 44 qui,
3278 5543 52 25 ne
3360 5533 187 44 pouvant

2533 5578 93 44 plus
2663 5588 44 25 se
2744 5578 195 36 déverser
2975 5579 100 35 dans
3113 5580 37 34 le
3185 5579 145 43 fleuve,
3369 5580 175 42 rejette-

2535 5624 136 36 raient
2701 5624 111 36 leurs
2845 5635 105 25 eaux
2981 5626 105 35 sales
3119 5635 73 26 sur
3224 5626 57 36 les
3313 5626 234 37 chaussées.

2828 5690 52 34 Le
2903 5690 139 35 Rhône
3066 5690 175 36 déborde

2591 5746 145 43 NÎMES,
2772 5749 45 33 15
2848 5748 236 35 novembre.
3114 5770 52 4 —
3195 5748 88 36 Une
3312 5749 116 45 pluie
3458 5749 89 36 tor-

2537 5793 200 42 rentielle,
2767 5793 162 36 tombée
2954 5794 183 44 pendant
3163 5795 37 35 la
3226 5795 93 35 nuit
3344 5795 202 42 dernière,

2537 5849 22 25 a
2589 5840 212 44 provoqué
2831 5841 100 34 dans
2964 5841 36 34 le
3030 5841 110 35 Gard
3171 5850 80 26 une
3281 5851 98 25 crue
3412 5840 137 37 subite

2536 5886 69 35 des
2635 5885 138 36 divers
2804 5886 196 36 affluents
3030 5886 55 36 du
3113 5886 151 43 Rhône,
3295 5887 76 36 tels
3402 5897 80 35 que
3511 5887 38 36 la

2536 5932 98 35 Cèze
2662 5932 40 35 et
2731 5932 224 36 FArdéchc.

2588 5979 77 34 Les
2696 5988 107 26 eaux
2831 5979 55 34 du
2916 5979 134 35 lleuve
3082 5978 268 45 augmentent
3379 5979 170 35 d'heure

2537 6034 49 25 en
2606 6024 129 35 heure
2755 6025 99 35 dans
2876 6024 69 36 des
2965 6024 266 45 proportions
3253 6024 294 46 inquiétantes.

2535 6070 75 36 Les
2640 6070 255 36 habitations
2924 6070 69 36 des
3023 6071 205 35 riverains
3257 6071 94 35 sont
3379 6071 167 36 cernées

2536 6126 75 35 par
2641 6116 56 36 les
2728 6126 116 26 eaux.

2592 6181 168 41 PRIVAS,
2800 6182 46 34 15
2882 6180 235 36 novembre.
3151 6202 52 4 —
3235 6181 59 34 De
3329 6188 221 27 nouveaux

2536 6236 143 34 orages
2705 6226 200 36 viennent
2929 6226 49 36 de
3006 6225 195 38 s'abattre
3227 6235 73 26 sur
3328 6226 38 34 la
3391 6225 155 45 région.

2536 6273 75 34 Les
2637 6272 185 36 chemins
2848 6272 71 36 ont
2944 6272 63 35 été
3031 6272 165 35 ravinés
3222 6272 41 34 et
3286 6271 153 35 rendus
3466 6271 81 35 im-

2537 6318 262 44 praticables.
2828 6319 33 33 A
2888 6319 168 44 Meyssc,
3085 6318 39 35 la
3150 6317 154 36 rivière
3332 6317 38 35 la
3396 6317 155 36 Vaison

3605 1265 22 25 a
3675 1254 186 44 emporté
3909 1258 38 35 la
3995 1258 119 36 route
4161 1259 354 43 départementale
4563 1261 56 36 da

3607 1301 155 44 Meysse
3787 1312 81 27 aux
3895 1304 207 41 Nonières,
4130 1314 73 25 sur
4228 1315 81 25 une
4336 1307 202 42 longueur
4563 1307 50 36 de

3603 1349 48 33 60
3678 1348 164 36 mètres.
3869 1350 57 35 La
3951 1350 248 35 circulation
4224 1351 63 35 est
4313 1351 297 43 interrompue.

3603 1393 27 34 A
3663 1394 162 42 RUOlllS,
3854 1394 116 36 toute
3998 1396 37 34 la
4061 1396 144 44 région
4231 1407 23 24 a
4280 1396 65 36 été
4372 1397 23 34 à
4421 1407 191 27 nouveau

3604 1439 185 36 inondée.
3818 1440 64 36 Au
3910 1441 101 44 pont
4040 1441 49 35 de
4119 1442 210 44 Sampzon,
4363 1443 39 34 la
4431 1443 180 36 hauteur

3603 1485 48 35 de
3677 1485 104 35 l'eau
3805 1488 63 34 est
3892 1487 213 35 d'environ
4129 1489 22 34 7
4176 1487 164 37 mètres.
4366 1488 77 35 Les
4469 1489 141 42 dégâts

3602 1530 94 35 sont
3719 1531 317 37 considérables.

3656 1577 109 35 Dans
3793 1578 38 35 la
3856 1578 154 45 région,
4039 1588 79 25 une
4144 1578 155 36 couche
4324 1579 117 36 d'eau
4466 1580 49 35 de
4542 1582 21 33 5
4590 1581 23 35 à

3606 1624 47 33 10
3681 1623 265 36 centimètres
3976 1634 152 25 couvre
4158 1625 36 34 le
4222 1625 72 35 sol.
4323 1625 76 35 Les
4430 1626 182 36 cultiva-

3605 1667 357 46 teurs'craignent
3987 1670 49 34 de
4062 1679 51 25 ne
4140 1670 177 44 pouvoir
4343 1671 97 34 finir
4465 1671 50 35 de
4542 1681 70 26 ra-

3604 1723 160 27 masser
3796 1715 56 34 les
3885 1714 252 45 châtaignes.
4169 1716 56 35 Le
4257 1715 133 45 temps
4424 1715 62 37 est
4516 1716 96 36 tou-

3602 1760 118 45 jours
3747 1760 229 45 menaçant.

3654 1806 56 35 Le
3735 1806 152 45 village
3914 1807 49 34 de
3989 1806 308 43 Saint-Martin,
4326 1808 95 44 près
4448 1808 162 44 Bourg-

3603 1851 334 43 Saint-Andréol,
3967 1852 62 36 est
4055 1861 51 26 en
4131 1852 136 45 partie
4294 1863 95 25 sous
4419 1854 116 35 l'eau.

3600 1984 106 72 M.
3774 1984 332 74 HENRI
4180 1984 436 76 BRISSON

3757 2105 104 52 fait
3886 2106 137 51 faire
4052 2117 100 40 son
4175 2106 282 60 portrait...

3645 2202 96 62 par
3741 2202 96 62 le
3885 2205 214 60 peintre
4138 2204 96 52 des
4267 2205 305 53 danseuses

3654 2351 389 37 D'irrévérencieux
4082 2352 206 36 revuistes
4328 2352 72 36 ont
4438 2354 177 36 souvent

3599 2398 240 45 représente
3867 2409 73 25 sur
3969 2400 38 35 la
4033 2400 120 35 scène
4182 2399 70 36 des
4280 2400 270 36 music-halls
4579 2401 35 35 le

3607 2441 84 39 très
3735 2455 125 34 grave
3905 2447 48 33 M.
3997 2446 183 41 Brisson,
4225 2446 216 45 président
4483 2447 49 35 de
4576 2448 39 35 la

3606 2492 299 36 Chambre.des
3934 2493 184 44 députés,
4148 2493 100 35 dans
4277 2493 36 35 le
4340 2493 185 36 costume
4554 2495 61 35 lé-

3600 2548 72 35 ger
3695 2539 120 35 d'une
3837 2539 202 36 ballerine
4062 2540 182 45 d'opéra:
4269 2540 94 35 tutu
4387 2540 48 35 de
4458 2551 96 34 gaze
4578 2541 40 35 et

3605 2585 162 35 maillot
3800 2585 48 36 de
3881 2586 86 35 soie
4001 2596 130 25 rose...
4166 2587 55 35 Le
4254 2586 209 35 contraste
4496 2586 50 36 de
4579 2588 39 35 la

3608 2633 148 45 longue
3784 2632 127 36 barbe
3940 2633 143 36 sévère
4112 2633 40 36 et
4181 2633 69 35 des
4281 2633 259 36 attifements
4569 2634 49 37 de

3607 2680 203 35 danseuse
3859 2680 152 44 forçait
4062 2681 36 36 le
4147 2681 85 35 rire
4283 2680 69 36 des
4423 2694 18 18 «
4481 2690 135 36 popu-

3605 2727 125 36 laires
3758 2741 31 21 ».

3658 2774 62 34 Eh
3756 2774 107 42 bien,
3902 2774 138 46 quand
4076 2784 104 26 nous
4217 2774 210 46 apprîmes
4466 2784 79 35 que
4581 2775 38 35 le

3584 2819 105 37 'très
3724 2821 226 36 honorable
3983 2822 323 44 parlementaire
4341 2822 112 35 avait
4485 2822 132 35 choisi

3600 2877 107 36 pour
3732 2868 263 44 portraitiste
4021 2869 48 34 M.
4096 2869 394 41 Carrier-Belleuse,
4518 2878 99 35 pas-

3605 2914 165 43 telliste,
3801 2914 262 36 dessinateur
4092 2915 69 36 des
4188 2918 86 32 rats
4289 2917 56 34 et
4373 2916 140 35 autres
4541 2925 75 35 pe-

3605 2961 97 36 tites
3757 2976 17 17 «
3794 2962 262 36 théâtreuses
4076 2976 35 28 »,
4160 2963 157 44 malgré
4362 2972 74 25 nos
4484 2962 132 36 senti-

3604 3008 134 36 ments
3773 3010 58 34 les
3863 3010 94 42 plus
3991 3009 287 43 respectueux,
4314 3009 316 38 involontaire-,

3604 3050 114 41 ment
3756 3057 40 35 et
3835 3056 375 44 irrésistiblement,
4251 3057 107 35 cette
4393 3057 138 35 vision
4569 3056 48 37 de

3606 3103 248 35 music-hall
3878 3104 135 45 surgit
4034 3104 100 35 dans
4157 3104 119 35 notre
4299 3103 169 46 esprit...

3656 3150 52 35 Et
3734 3160 104 26 nous
3865 3160 104 26 nous
3997 3151 292 35 demandâmes
4319 3151 112 35 aussi
4460 3152 157 44 quelles

3605 3198 304 35 circonstances
3936 3198 167 35 avaient
4129 3199 143 34 amené
4300 3198 193 35 l'austère
4518 3199 98 44 pré-

3605 3244 135 36 sident
3762 3244 48 36 de
3835 3245 38 35 la
3895 3245 204 36 Chambre
4120 3245 152 36 devant
4294 3245 37 35 le
4353 3244 189 37 chevalet
4563 3245 55 35 du

3605 3292 164 44 peintre
3796 3291 70 36 des
3894 3292 262 36 danseuses...

3655 3339 77 35 Les
3764 3338 173 36 hasards
3971 3339 57 35 les
4060 3340 92 44 plus
4185 3339 170 45 simples
4388 3339 231 36 favorisent

3605 3385 264 45 quelquefois
3902 3386 57 35 les
3992 3386 93 44 plus
4118 3386 190 45 étranges
4340 3386 277 45 conceptions.

3605 3433 49 34 M.
3690 3433 174 35 Brisson
3897 3433 267 45 villégiature
4199 3433 23 36 à
4257 3433 310 45 Montmorency
4609 3443 7 25 :

3607 3480 49 35 M.
3679 3480 402 35 'Carrier-BeIIeuse
4118 3489 121 36 passe
4278 3481 56 34 les
4372 3480 105 35 mois
4515 3480 104 36 d'été

3606 3528 102 34 dans
3737 3536 45 26 ce
3810 3527 152 45 village
3992 3527 148 36 fécond
4170 3537 50 26 en
4248 3537 149 35 rouges
4427 3527 171 36 cerises..

3657 3574 53 35 Et
3735 3575 49 34 M.
3813 3574 384 36 Carrier-Belleuse
4224 3584 103 26 nous
4354 3575 171 35 raconta
4558 3584 8 25 :

3656 3643 54 5 —
3738 3622 49 34 M.
3833 3621 173 36 Brisson
4051 3630 44 27 se
4139 3621 237 45 promenait
4421 3621 93 36 tous
4561 3622 58 35 les

3600 3668 165 43 matins,
3815 3668 124 36 coiffé
3986 3668 97 36 d'un
4114 3668 188 45 juvénile
4349 3668 187 45 chapeau
4570 3668 49 36 de

3605 3715 128 46 paille
3760 3715 324 45 négligemment
4110 3715 98 44 posé
4236 3724 73 26 sur
4335 3725 46 26 sa
4408 3715 83 36 tête
4519 3716 100 35 che-

3605 3773 93 32 nue,
3732 3762 97 36 d'un
3861 3762 188 45 chapeau
4080 3762 49 36 de
4160 3762 126 45 paille
4319 3763 70 44 qui
4424 3763 58 35 lui
4515 3763 104 35 don-

3601 3810 91 35 nait
3724 3819 58 26 un
3817 3809 64 36 air
3915 3809 191 42 familial,
4157 3809 304 46 grand-papa...
4510 3810 110 35 J'eus

3607 3856 119 37 l'idée
3776 3856 49 36 de
3876 3855 306 46 portraicturer
4233 3865 45 26 ce
4328 3856 172 36 Brisson
4553 3857 66 35 in-

3602 3913 145 33 connu,
3780 3903 41 37 et
3848 3902 99 36 c'est
3975 3912 98 26 avec
4102 3903 39 34 la
4168 3903 219 35 meilleure
4416 3904 120 44 grâce
4565 3904 56 35 du

3603 3950 149 36 monde
3783 3959 80 36 que
3894 3950 37 35 le
3959 3948 217 46 président
4206 3949 248 45 accepta''de
4491 3963 18 18 «
4542 3960 77 35 po-

3607 4007 123 26 ser».
3762 3997 102 41 Quel
3895 3995 208 37 délicieux
4132 3995 171 44 modèle,
4337 4006 105 36 sage,
4477 3996 141 44 docile,

3609 4044 228 36 souriant...

3661 4105 18 18 »
3717 4092 57 35 Le
3803 4090 183 47 portrait
4016 4100 92 26 sera
4140 4091 150 45 exposé
4323 4101 50 26 en
4404 4091 216 37 décembre

3606 4139 97 36 chez
3739 4139 180 45 Georges
3956 4138 121 36 Petit.
4114 4138 51 36 Ce
4199 4138 105 36 n'est
4338 4148 73 36 pas
4447 4139 39 35 la
4519 4149 100 35 pre-

3606 4186 131 36 mière
3763 4186 82 36 fois
3870 4195 79 36 que
3976 4186 48 35 M.
4052 4185 127 36 Henri
4204 4185 173 36 Brisson
4402 4187 171 35 consent
4599 4187 23 36 à

3609 4234 109 35 faire
3759 4233 248 45 reproduire
4049 4240 64 28 ses
4155 4232 122 36 traits
4319 4242 72 26 sur
4433 4233 38 35 la
4511 4233 111 37 toile.

3609 4281 151 36 Marcel
3788 4280 182 36 Baschèt
4000 4289 23 26 a
4044 4279 104 46 tléjà
4177 4279 118 45 peint
4324 4289 58 26 un
4410 4280 215 44 président

3613 4327 81 36 très
3722 4327 139 36 officiel
3861 4327 47 36 :
3930 4327 172 36 .Weerts
4127 4326 118 45 signa
4272 4335 57 27 un
4355 4327 152 36 délicat
4532 4328 90 36 mé-

3606 4375 156 35 daillon
3794 4374 129 36 ovale.

3660 4436 19 17 «
3706 4421 91 42 Moi,
3821 4421 41 45 je
3885 4420 179 36 termine
4086 4430 82 26 une
4191 4420 154 45 grande
4369 4421 99 36 toile
4489 4444 53 4 —
4566 4432 56 25 un

3605 4468 133 36 mètre
3775 4467 136 37 trente
3947 4477 73 26 sur
4056 4467 394 46 quatre-vingt-dix
4485 4468 135 36 centi-

3606 4515 154 36 mètres
3784 4515 7 35 !
3819 4536 54 5 —
3901 4515 42 35 et
3970 4525 74 26 sur
4072 4515 179 46 laquelle
4280 4516 49 34 M.
4358 4515 173 36 Brisson
4560 4516 61 36 est

3606 4562 252 46 représenté,
3890 4562 158 42 rêvant,
4081 4561 101 36 dans
4211 4572 57 25 un
4297 4562 191 44 fauteuil,
4521 4562 100 37 dans

3606 4619 74 27 son
3703 4609 141 46 jardin
3868 4609 49 36 de
3941 4609 348 46 Montmorency...

3657 4679 53 4 —
3736 4657 110 36 Avec
3871 4665 73 27 son
3969 4656 188 45 chapeau
4181 4656 49 36 de
4255 4656 127 46 paille
4403 4658 18 35 ?

3656 4725 54 6 —
3735 4705 110 34 Avec
3884 4713 74 26 son
3997 4703 188 45 chapeau
4225 4703 49 36 de
4311 4704 166 45 paille...
4518 4705 102 36 Mais

3612 4751 205 47 pourquoi
3847 4751 294 35 souriez-vous
4163 4751 18 35 ?
4208 4751 302 44 Evidemment,
4539 4753 85 36 ceci

3610 4799 100 45 peut
3763 4798 186 45 paraître
3997 4798 254 44 surprenant
4304 4808 80 36 que
4437 4800 96 42 moi,
4588 4801 36 35 le

3613 4861 18 17 «
3650 4845 164 47 peintre
3839 4845 70 36 des
3934 4845 225 36 danseuses
4179 4858 35 29 »,
4240 4846 42 44 je
4305 4847 112 45 fasse
4441 4857 58 25 un
4521 4858 99 34 per-

3609 4903 179 35 sonnage
3825 4893 35 35 si
3899 4892 167 36 austère
4089 4892 47 36 !...
4174 4893 103 36 Mais
4314 4893 41 45 je
4392 4895 90 35 vais
4518 4904 104 26 vous

3606 4941 172 37 étonner
3806 4940 230 45 davantage
4072 4949 7 25 :
4108 4940 41 45 je
4177 4940 88 36 suis
4293 4940 97 36 bien
4419 4941 133 37 moins
4583 4943 36 36 le

3608 4988 165 46 peintre
3796 4987 70 36 des
3889 4989 86 34 rats
3999 4987 127 45 qu'un
4147 4987 263 46 portraitiste
4433 4988 8 36 !

3794 5106 136 80 LA
3964 5088 512 112 JOURNÉE

3664 5256 97 36 CET
3775 5255 283 34 APRES-MIDI
4078 5267 11 20 :
4114 5257 35 35 A
4172 5268 20 25 2
4216 5265 126 29 HEURES,
4400 5257 150 36 Clôture
4574 5259 49 35 du

3612 5304 165 42 Congrès
3798 5304 64 34 des
3885 5309 282 37 entrepreneurs
4189 5316 44 22 en
4255 5304 185 35 bâtiment.
4462 5325 43 6 —
4526 5305 96 35 Con-

3610 5351 83 42 grès
3718 5351 64 34 des
3807 5350 135 35 classes
3967 5362 209 30 moyennes.
4202 5369 43 7 —
4268 5350 159 36 Rentrée
4451 5351 49 35 du
4526 5351 95 36 Con-

3611 5397 65 35 seil
3697 5397 158 42 général.

3951 5503 317 28 INFORMATIONS

3658 5588 104 38 Petit
3795 5589 198 47 problème
4029 5588 234 38 d'actualité.

3657 5641 208 38 Comment
3895 5641 105 37 est-il
4030 5640 170 48 possible
4231 5641 117 48 qu'un
4378 5640 127 48 grand
4536 5640 87 37 tail-

3607 5694 84 36 leur
3720 5694 153 46 anglais
3902 5693 131 47 puisse
4062 5694 117 36 offrir
4208 5706 50 24 au
4287 5694 131 47 public
4448 5693 175 47 français

3606 5759 53 24 un
3693 5746 167 46 complet
3893 5756 76 26 SUR
4000 5753 172 36 MESURER
4206 5745 74 37 fait
4312 5745 23 36 à
4366 5745 177 39 Londres
4575 5757 47 24 en

3606 5810 93 36 purs
3729 5797 119 37 tissus
3878 5797 165 47 anglais,
4073 5810 48 23 en
4149 5803 88 31 tous
4266 5797 130 47 points
4426 5797 197 46 identique

3606 5850 23 36 à
3674 5862 52 24 un
3760 5850 211 36 vêtement,
4003 5850 130 36 vendu
4180 5854 268 38 couramn^ent
4493 5857 45 38 75
4585 5853 39 31 et

3605 5903 47 36 80
3692 5902 146 43 francs,
3877 5914 50 24 au
3964 5901 91 47 prix
4105 5900 225 48 incroyable
4380 5901 47 35 de
4479 5906 143 30 trente-

3606 5960 137 41 quatre
3769 5954 148 47 francs,
3944 5953 142 37 franco
4111 5953 46 36 de
4183 5953 153 37 douane
4361 5958 37 31 et
4424 5952 46 36 de
4494 5957 90 42 port
4607 5952 15 36 ?

3656 6006 127 38 Notez
3817 6005 91 36 bien
3942 6005 47 36 de
4022 6005 72 36 lire
4128 6004 37 37 la
4201 6005 164 46 réponse
4399 6003 23 36 à
4455 6016 44 23 ce
4533 6015 88 34 pro-

3604 6058 124 36 blème
3754 6057 167 44 demain,
3946 6057 98 36 dans
4069 6056 34 37 le
4128 6056 163 37 numéro
4317 6066 22 25 2
4365 6054 256 45 d'Excelsior,

3604 6110 24 37 à
3654 6110 36 36 la
3714 6109 180 36 dernière
3920 6121 112 34 page.

3659 6161 315 47 Rappelez-vous
4003 6173 42 24 ce
4073 6173 92 25 nom
4189 6173 9 24 :
4229 6159 156 39 Curson
4412 6159 206 44 Brothers,

3609 6224 79 38 130,
3723 6225 69 24 rue
3824 6213 47 36 de
3906 6213 130 37 Rivoli
4072 6212 64 48 (en
4170 6216 271 44 appartement
4472 6216 38 32 et
4541 6223 77 26 non

3605 6278 47 25 en
3680 6264 219 47 boutique).

4392 6314 172 36 PUZZLE.

4704 590 268 102 Miss
5028 592 616 106 Christabel

4852 748 638 126 suffragette

4667 952 119 41 Elle
4819 964 29 28 a
4886 956 113 39 tous
5034 956 80 40 les
5147 955 252 51 diplômes
5418 972 17 33 ;
5481 960 102 40 elle
5613 971 60 30 en

4844 1027 29 29 a
4893 1018 124 49 plus
5040 1031 95 40 que
5158 1021 73 39 M.
5266 1022 233 52 Asquith.

4758 1140 101 43 Mme
4892 1141 205 45 Marcelle
5120 1144 186 55 Tinayre
5333 1163 102 28 nous
5460 1149 129 43 décrit

4757 1226 45 26 sa
4854 1211 218 45 silhouette
5126 1226 41 31 et
5231 1232 73 29 son
5355 1216 233 53 éloquence

5127 1357 174 41 Londres,
5329 1360 41 33 13
5395 1364 197 31 novembre

4723 1413 51 38 Je
4796 1413 93 39 suis
4914 1415 110 39 allée
5048 1416 24 40 à
5094 1418 95 38 leur
5209 1420 130 38 office
5362 1420 52 39 de
5437 1422 235 40 Clement's

4674 1464 107 48 Sun,
4802 1466 101 48 près
4926 1468 58 38 du
5006 1469 148 39 Palais
5177 1471 52 38 de
5251 1472 180 47 Justice,
5453 1474 111 38 dans
5587 1487 87 26 une

4674 1517 51 37 de
4756 1528 70 28 ces
4858 1520 214 48 maisons,
5102 1522 140 39 toutes
5273 1535 53 26 en
5358 1525 211 43 bureaux,
5600 1527 75 45 qui

4671 1571 297 39 ressemblent
4985 1572 25 38 à
5026 1573 75 38 des
5118 1575 159 38 ruches
5295 1576 145 39 tristes
5458 1579 41 36 et
5515 1579 160 38 noires.

4673 1621 67 37 On
4761 1622 88 39 m'a
4868 1624 83 38 fait
4969 1625 146 38 entrer
5135 1627 111 37 dans
5267 1639 86 27 une
5373 1630 113 37 sorte
5507 1631 51 37 de
5577 1642 99 27 ves-

4673 1672 149 49 tibule,
4850 1675 167 49 tapissé
5047 1677 230 40 d'affiches
5308 1681 73 48 qui
5411 1684 265 40 annoncent,

4673 1735 55 27 en
4752 1736 174 38 grosses
4950 1728 147 39 lettres
5122 1731 323 48 emphatiques,
5469 1734 82 39 les
5551 1734 125 39 .mee-

4673 1777 119 49 tings
4818 1779 51 38 de
4893 1781 44 38 la
4961 1782 213 39 semaine.
5200 1784 86 38 Sur
5308 1785 46 39 la
5377 1786 242 47 cheminée,
5647 1787 54 38 il.

4673 1841 28 37 y
4722 1841 26 26 a
4769 1842 86 27 une
4878 1833 121 38 autre
5023 1845 24 27 a
5056 1835 142 47 flic-lie,
5220 1848 55 26 en
5297 1838 192 45 couleur,
5512 1839 55 37 Olt
5589 1840 87 37 l'on

4673 1882 89 38 voit
4794 1894 87 27 une
4914 1886 168 38 femme
5115 1888 141 38 assise
5289 1900 76 27 sur
5395 1890 64 38 les
5494 1891 96 37 toits
5625 1892 52 38 de

4673 1934 209 49 Londres,
4917 1937 153 40 tenant
5106 1952 57 25 un
5200 1941 184 38 bulletin
5421 1942 51 38 de
5507 1944 95 37 vote
5637 1944 41 38 et

4674 1988 239 47 regardant
4949 1990 39 38 le
5026 1992 256 39 Parlement
5325 2005 8 26 :
5373 1994 71 38 the
5482 1995 197 38 hallnled

4675 2040 149 38 house.
4847 2040 63 48 Et,
4932 2052 75 29 sur
5030 2054 83 28 une
5134 2044 129 45 table,
5283 2045 30 39 il
5334 2058 27 37 y
5382 2057 25 28 a
5428 2058 85 27 une
5536 2059 142 38 quan-

4841 3801 95 33 MISS
4974 3800 258 34 GHRISTABEL
5267 3796 259 39 PANKHURST

4729 3875 50 37 de
4809 3875 39 36 la
4883 3889 18 19 «
4932 3875 193 36 National
5156 3874 204 36 Womeris
5389 3874 137 36 Social
5555 3873 80 37 and

4979 3922 193 36 Political
5202 3922 132 35 Union
5361 3935 18 19 »

4680 4040 76 39 tité
4778 4040 52 39 de
4851 4040 224 48 bulletins,
5096 4039 274 50 prcrspeeius,
5392 4039 256 50 pamphlets
5676 4049 11 30 :

4683 4093 72 39 the
4817 4093 296 39 Conciliation
5153 4093 76 38 bill
5280 4092 251 50 explained,
5572 4092 118 50 TVhy

4682 4158 68 26 we
4776 4158 166 38 oppose
4969 4146 70 37 the
5066 4145 157 39 liberal
5248 4147 309 48 government,
5585 4146 106 39 Wo-

4683 4210 106 27 1nen,
4813 4210 48 26 as
4888 4201 140 35 traces
5057 4197 209 48 builders,
5291 4197 70 39 the
5384 4197 137 49 Signs
5546 4197 49 47 of
5619 4197 71 39 the

4971 4276 33 18 i,.
5445 4284 18 6 .,
5489 4272 85 24 .......
5613 4283 7 7 ,

4712 4315 129 38 Miss
4896 4315 247 39 Christabel
5198 4315 261 38 Pankhurst
5495 4325 49 28 se
5584 4314 111 39 tient

4680 4368 112 38 dans
4818 4368 44 38 la
4886 4367 124 49 pièce
5036 4367 25 39 à
5086 4367 106 40 côté.
5217 4366 66 39 On
5306 4366 87 39 m'a
5417 4366 125 49 parlé
5568 4366 127 39 d'elle

4680 4430 169 27 comme
4892 4419 131 39 d'une
5065 4419 215 49 Gorgone.
5336 4419 106 45 Elle,
5484 4429 51 28 sa
5575 4418 120 39 mère

4682 4471 91 38 Mrs
4814 4471 267 42 Pankhurst,
5121 4482 80 27 son
5241 4470 117 39 amie
5396 4471 92 37 Mrs
5530 4471 161 38 Drum-

4682 4524 150 47 mond,
4855 4524 100 38 sont
4976 4524 63 38 les
5060 4523 106 38 trois
5186 4523 108 38 têtes
5318 4523 58 38 du
5398 4522 128 49 parti,
5547 4523 53 47 et,
5623 4534 69 27 se-

4682 4576 75 38 lon
4795 4576 63 38 les
4898 4576 120 38 idées
5058 4576 76 38 des
5174 4586 109 38 gens
5325 4575 75 49 qui
5440 4575 63 38 les
5544 4575 148 39 consi-

4680 4628 170 47 dèrent,
4886 4629 65 38 les
4991 4629 108 38 trois
5139 4628 154 38 nobles
5330 4628 262 46 Amazones,
5631 4628 64 38 les

4680 4681 108 38 trois
4803 4681 163 38 -vertus
4994 4680 266 46 cardinales,
5285 4690 56 28 ou
5366 4680 115 38 bien,
5496 4680 64 38 les
5586 4679 109 39 trois

4679 4733 155 38 Furies
4867 4732 246 39 acharnées
5146 4743 78 28 sur
5254 4732 40 38 le
5326 4742 170 39 pauvre
5526 4732 56 38 M.
5612 4732 83 38 As-

4680 4785 140 49 quith.
4849 4785 52 38 Je
4933 4785 94 38 dois
5061 4784 94 39 dire
5187 4794 85 39 que
5301 4784 110 40 miss
5445 4784 250 38 Christabel

4681 4837 113 38 n'est
4825 4837 46 38 ni
4902 4848 87 27 une
5020 4837 145 46 Furie,
5194 4836 48 38 ni
5273 4847 87 27 une
5389 4836 153 38 Grâce.
5573 4837 122 37 Dans

4681 4900 80 27 son
4792 4888 111 50 petit
4931 4889 172 38 bureau
5133 4888 107 38 orné
5272 4887 213 49 d'images
5517 4887 179 40 fémini-

4681 4952 79 27 nes
4784 4965 53 4 —
4862 4940 157 49 depuis
5045 4941 45 37 la
5114 4940 183 38 victoire
5325 4940 52 41 de
5405 4940 291 39 Samothrace

4680 4994 40 38 et
4740 4994 44 37 la
4805 4992 339 48 Sainte-Vierge
5164 4990 182 51 jusqu'à
5367 4992 174 38 Jeanne
5562 4991 131 39 d'Arc

4677 5069 52 4 —
4762 5046 83 37 elle
4879 5044 270 49 m'apparaît
5183 5055 169 27 comme
5388 5055 88 27 une
5511 5044 185 48 gentille

4678 5097 226 49 Anglaise,
4929 5096 185 47 mutine,
5139 5107 61 27 un
5224 5107 87 38 peu
5337 5096 271 47 déhanchée,
5634 5107 61 27 un

4680 5160 86 38 peu
4800 5160 179 38 garçon,
5012 5148 117 39 mais
5163 5147 196 50 gentille,
5394 5148 152 47 certes,
5579 5148 113 48 gaie,

4678 5201 162 47 rieuse,
4863 5200 206 47 aimable,
5092 5211 106 27 avec
5222 5201 76 38 des
5322 5200 126 48 joues
5472 5211 138 36 roses,
5634 5211 61 28 un

4682 5253 120 38 drôle
4834 5252 51 38 de
4916 5252 108 49 petit
5055 5263 93 36 nez,
5180 5252 76 38 des
5289 5252 199 38 cheveux
5518 5252 174 47 blonds,

4678 5306 76 38 des
4782 5305 129 38 dents
4937 5315 136 38 pures
5101 5305 43 38 et
5169 5305 76 38 des
5272 5315 118 38 yeux
5417 5304 276 49 intelligents

4678 5357 76 49 qui
4780 5356 123 39 n'ont
4928 5368 112 38 peur
5066 5357 52 38 de
5144 5357 111 46 rien,
5280 5357 77 38 des
5383 5367 117 39 yeux
5525 5356 75 49 qui
5626 5367 70 27 re-

4678 5409 191 49 gardent
4893 5410 64 37 les
4983 5420 126 41 gens,
5132 5409 64 38 les
5222 5409 156 38 choses
5404 5408 42 39 et
5470 5408 64 39 les
5560 5408 136 48 idées,

4677 5461 96 39 tout
4802 5460 128 48 droit,
4959 5472 56 28 en
5044 5461 97 38 face
5164 5461 7 38 !

4729 5530 110 38 Miss
4864 5529 249 39 Christabel
5136 5530 67 38 est
5225 5530 169 47 avocat,
5418 5528 276 40 c'est-à-dire

4678 5581 159 49 qu'elle
4876 5582 204 49 pourrait
5117 5582 137 38 l'être.
5294 5583 92 38 Elle
5427 5593 26 27 a
5490 5582 98 38 tous
5628 5582 65 38 les

4678 5634 217 49 diplômes
4930 5657 53 4 —
5018 5634 84 38 elle
5139 5645 54 27 en
5231 5646 26 26 a
5292 5635 156 47 même,
5484 5634 209 38 m'a-t-on

4679 5686 73 47 dit,
4777 5686 102 49 plus
4905 5697 84 37 que
5015 5686 57 38 M.
5098 5685 204 50 Asquith.
5328 5685 95 39 Elle
5450 5697 25 27 a
5500 5685 122 40 aussi
5646 5685 45 38 la

4678 5737 59 39 foi
4766 5761 53 4 —
4849 5738 42 38 et
4921 5739 40 37 le
4995 5738 152 49 toupet
5180 5738 75 49 qui
5287 5738 79 47 est,
5398 5738 113 38 dans
5544 5736 41 40 le
5618 5747 74 29 cas

4676 5789 197 48 Drésent,
4898 5791 44 37 la
4967 5789 140 39 forme
5132 5790 207 49 pratique
5366 5790 52 38 de
5443 5790 45 37 la
5513 5790 72 38 foi.
5611 5789 84 39 Ar-

4677 5841 118 39 rêtée
4840 5841 132 50 après
5018 5853 60 27 un
5124 5842 198 48 meeting
5365 5841 26 38 à
5435 5841 259 49 Trafalgar-

4678 5893 185 49 Square,
4905 5894 251 37 elle-même
5197 5904 26 27 a
5262 5892 150 50 plaidé
5453 5904 50 27 sa
5545 5904 147 37 cause,

4676 5956 106 28 avec
4803 5957 61 26 un
4887 5945 140 39 talent
5047 5945 327 49 remarquable,
5397 5945 41 37 et
5460 5945 83 38 elle
5565 5956 26 27 a
5613 5956 80 38 ap-

4677 5997 98 49 pelé
4810 6008 168 27 comme
5026 5997 189 38 témoins
5263 5998 40 37 le
5352 5994 255 41 chancelier
5639 5998 53 37 de

4677 6049 282 49 l'Echiquier,
4984 6050 54 37 M.
5060 6049 137 48 Lloyd
5220 6049 182 48 George,
5426 6048 43 38 et
5492 6049 40 37 le
5556 6048 137 40 Home

4679 6100 250 49 Secretary,
4976 6101 55 37 M.
5079 6100 188 39 Herbert
5313 6100 253 38 Gladstone.
5613 6100 79 39 Ces

4677 6153 243 38 messieurs
4946 6153 102 38 sont
5072 6162 139 29 venus
5238 6164 8 34 ;
5273 6152 54 38 ils
5352 6152 77 38 ont
5451 6152 176 48 déposé,
5651 6152 43 39 et

4678 6206 151 48 quand
4857 6205 109 38 miss
4995 6203 261 39 Pankhurst
5283 6203 73 39 n'a
5381 6214 81 38 pas
5491 6203 67 39 été
5587 6215 104 28 con-

4678 6256 121 39 tente
4833 6257 52 38 de
4917 6258 98 37 leur
5048 6255 265 49 déposition,
5346 6256 83 38 elle
5462 6256 40 38 le
5529 6256 104 41 leur
5666 6268 27 26 a

4678 6308 64 39 dit
4775 6319 106 29 avec
4913 6318 89 29 une
5032 6307 270 39 véhémence
5335 6307 76 50 qui
5443 6318 27 28 a
5502 6307 189 50 stupéfié

2519 8215 76 45 La
2623 8215 142 45 Seine
2794 8215 177 45 inonde
2993 8216 49 44 la
3065 8215 237 47 banlieue.
3332 8239 38 11 —
3398 8214 44 45 A
3483 8213 364 53 Cli'oisy-le-Roi
3868 8225 15 31 :
3922 8211 68 45 Le,
4017 8215 233 50 quartier
4273 8210 87 46 des
4388 8209 239 47 Gondoles
