6314 8632
1604 520 36 36 •
1752 460 1020 132 DERNIÈRE
2912 488 680 104 HEURE
3704 528 32 36 •

627 451 163 28 DÉPÊCHES
814 454 38 22 DE
876 454 60 22 NOS
958 450 294 25 CORRESPONDANTS

627 495 234 24 PARTICULIERS
909 495 37 21 ET
994 493 58 21 DES
1099 491 151 22 AGENCES.

628 537 241 23 INFORMATIONS
939 533 184 23 MONDIALES
1193 532 59 20 PAR

626 578 117 23 CABLES
794 578 37 20 ET
883 576 66 21 FILS
1000 569 160 27 SPÉCIAUX
1208 572 43 21 DU

771 622 15 15 «
802 612 118 27 DAILY
944 610 95 27 MAIL
1054 619 15 14 »

4093 452 140 36 Echange
4254 456 152 31 quotidien
4426 456 37 27 de
4482 456 235 34 photographies

4091 501 71 17 avec
4173 494 24 26 le
4239 495 24 26 "
4263 495 87 26 DAILY
4362 496 121 26 MIRROR
4483 496 52 26 "
4549 497 167 29 (Londres),

4093 533 25 25 la
4159 535 32 26 "
4191 535 97 26 WOCHE
4288 535 49 26 "
4349 537 132 29 (Berlin),
4525 537 157 26 "BLANCO
4693 538 24 25 Y

4093 573 159 27 NECRO"
4278 575 141 30 (Madrîd)
4446 578 25 25 le
4530 577 34 27 "
4564 577 123 27 SECOLO
4702 578 14 9 "

4093 614 126 32 (Milan),
4247 616 25 26 le
4296 617 42 27 "
4338 617 210 27 NEW-YORK
4573 618 96 26 TIMES
4669 618 48 26 "

938 713 418 63 PREMIÈRE
1396 712 331 60 ÉDITION
1772 737 10 34 :
1823 724 30 46 8
1891 722 209 47 heures
2139 720 113 48 soir

630 865 152 56 INDUS
800 880 182 49 prions
1005 878 80 38 les
1105 877 226 38 lecteurs
1352 873 62 40 de
1438 884 56 28 ce
1512 866 214 46 numéro
1747 870 61 40 de
1831 869 204 40 vouloir
2058 870 111 38 bien
2192 880 65 28 ne
2279 864 296 44 considérer
2596 869 50 39 le

544 943 215 55 présent
782 942 318 49 exemplaire
1123 951 94 40 que
1241 949 194 29 comme
1466 948 61 28 un
1555 934 262 51 spécimen
1840 934 280 50 imparfait,
2148 934 73 42 he
2244 933 167 50 tirage
2433 932 222 40 intensif

549 1021 97 38 que
676 1020 130 28 nous
838 1016 162 30 avons
1029 1005 64 40 dû
1126 1001 234 42 réaliseP
1383 1013 59 29 en
1479 1011 94 30 une
1600 999 126 46 nuit,
1756 1009 135 39 pour
1920 998 267 39 satisfaire
2218 1007 99 29 aux
2346 996 297 47 demandes,

547 1085 131 30 nous
705 1083 29 29 a
765 1072 100 39 mis
898 1070 128 39 dans
1059 1067 325 52 l'obligation
1417 1065 61 41 de
1511 1074 321 31 commencer
1863 1059 30 43 a
1924 1062 269 50 imprimer
2225 1059 298 44 Excelsior
2554 1057 92 44 dés

548 1137 116 43 hier
687 1136 110 39 soir
816 1135 109 40 huit
951 1134 203 40 heures.

637 1206 149 42 Dans
812 1205 246 52 quelques
1085 1203 167 50 jours,
1283 1201 210 51 lorsque
1527 1200 53 38 la
1603 1195 213 53 période
1844 1197 49 39 si
1921 1192 319 56 compliquée
2270 1197 49 38 et
2346 1195 50 40 si
2427 1191 218 44 délicate

548 1271 68 41 du
636 1270 288 40 lancement
950 1278 120 30 sera
1093 1262 266 49 terminée,
1384 1266 50 38 le
1452 1262 179 52 public
1657 1272 191 39 pourra
1874 1261 173 39 mieux
2073 1270 59 29 se
2151 1259 187 41 rendre
2362 1261 198 47 compte
2584 1258 58 41 de

548 1335 54 40 la
629 1335 185 39 valeur
835 1332 61 40 de
921 1342 94 29 nos
1036 1329 375 45 informations,
1441 1327 60 40 de
1525 1323 228 43 l'intérêt
1776 1324 60 40 de
1856 1327 148 37 notre
2039 1322 31 20 "
2088 1319 276 47 Dernière
2397 1323 177 41 heure

550 1398 98 52 qui
667 1397 85 42 ira
766 1393 225 56 jusqu'à
1012 1405 26 41 4
1060 1395 206 41 heures
1287 1392 74 41 du
1384 1389 198 53 mitin,
1603 1393 49 37 et
1669 1399 195 41 pourra
1875 1388 238 47 .contenir
2130 1388 91 40 des
2239 1387 407 51 photographies

544 1463 178 51 prises
751 1473 65 27 au
843 1471 151 29 cours
1021 1460 60 39 de
1102 1460 53 37 la
1177 1454 170 44 soirée
1373 1453 209 54 jusqu'à
1606 1453 197 41 minuit.

636 1530 162 42 Notre
827 1531 168 50 tirage
1025 1530 81 38 ira
1140 1527 144 40 aussi
1310 1537 59 29 en
1402 1522 360 43 s'améliorant
1786 1522 247 52 jusqu'au
2058 1521 122 51 jour
2212 1518 61 44 où
2304 1532 131 30 nous
2463 1520 184 41 donne-

546 1607 126 30 rons
708 1592 251 52 complété
995 1592 322 41 satisfaction
1357 1601 63 29 au
1450 1590 190 50 publîc.,

544 1728 460 100 L'ESCADRE
1024 1708 544 116 AMÉRICAINE

708 1880 100 88 est
836 1872 264 96 arrivée
1132 1884 40 84 à
1204 1868 196 96 Brest

593 2062 78 43 La
691 2063 207 41 Marine
921 2062 90 41 des
1033 2048 308 55 États-Unis
1363 2060 165 40 donne

698 2139 62 29 un
792 2129 83 40 bel
903 2127 236 48 exemple
1162 2121 262 45 d'activité

600 2241 156 42 BREST,
796 2242 45 35 15
879 2240 236 36 novembre.
1150 2261 53 5 —
1237 2239 57 35 La
1331 2238 234 47 quatrième

551 2288 177 37 division
761 2288 262 40 américaine,
1056 2287 216 45 composée
1302 2286 70 35 des
1400 2285 165 35 cuiras-

549 2337 64 35 sés
655 2336 189 43 Georgia,
884 2335 225 39 Nebraska,
1166 2332 307 36 Rhode-Island
1527 2332 40 35 et

556 2383 197 44 Virginia,
781 2382 267 37 commandée
1074 2391 74 36 par
1177 2380 172 36 l'amiral
1381 2378 186 42 Howard,

548 2430 63 36 est
639 2430 164 35 arrivée
831 2439 72 25 sur
932 2429 96 35 rade
1058 2430 21 34 à
1108 2430 21 33 9
1160 2428 149 35 heures
1338 2426 54 36 du
1421 2426 144 35 matin.

549 2476 78 37 Les
654 2477 132 35 saluts
813 2476 166 46 d'usage
1007 2476 70 36 ont
1104 2475 64 48 çté
1196 2474 215 45 échangés.

896 2548 31 34 A
955 2547 238 43 Cherbourg

598 2606 272 41 CHERBOURG,
900 2608 44 34 15
974 2605 222 36 novembre
1223 2604 75 43 (De
1324 2606 119 33 notre
1471 2612 94 26 cor-

546 2654 251 42 respondant
819 2652 280 45 particulier).
1118 2674 51 5 —
1188 2652 54 35 La
1263 2650 219 37 deuxième
1502 2649 65 36 di-

546 2701 137 35 vision
706 2700 48 36 de
778 2700 194 36 l'escadre
996 2699 262 41 américaine,
1283 2697 70 46 qui
1378 2696 102 37 était
1503 2698 64 34 at-

546 2748 153 36 tendue
745 2747 101 41 hier,
892 2747 117 36 vient
1052 2745 202 37 d'arriver
1297 2744 101 36 dans
1444 2744 119 35 notre

545 2795 111 35 rade.

600 2841 56 36 La
687 2840 168 37 marche
885 2840 70 36 des
986 2840 166 35 navires
1184 2849 22 26 a
1238 2839 65 36 été
1332 2837 235 38 contrariée

550 2897 73 35 par
656 2888 36 36 la
725 2888 180 45 tempête
936 2887 69 47 qui
1040 2887 123 45 règne
1194 2886 100 36 dans
1328 2886 37 35 la
1398 2885 170 36 Manche

548 2935 146 45 depuis
721 2935 93 35 huit
835 2935 131 45 jours.
1145 2946 10 17 t

600 2982 113 36 Cette
739 2981 178 41 escadre,
946 2980 268 37 commandée
1239 2989 74 36 par
1339 2980 36 36 le
1398 2980 168 35 contre-

547 3029 147 37 amiral
742 3029 186 41 Wrillen,
974 3027 223 46 comprend
1242 3028 149 45 quatre
1435 3026 132 36 beaux

546 3076 209 36 cuirassés
779 3085 8 25 :
818 3076 34 35 le
881 3075 236 40 Louisiana,
1148 3074 320 36 navire-amira)
1494 3083 7 33 ;
1534 3074 34 35 le

548 3123 171 42 Kansas,
740 3122 35 37 le
793 3121 346 46 IS'eivhampshire
1159 3123 41 35 et
1221 3122 35 35 le
1274 3120 292 37 South-Caro-

547 3169 97 37 lina.

599 3216 80 38 Dès
714 3226 80 36 que
829 3217 36 36 le
897 3216 187 36 cuirassé
1118 3216 225 35 Louisiana
1376 3215 71 36 eut
1481 3215 86 45 pris

548 3274 72 27 son
648 3273 119 36 corps
796 3265 118 40 mort,
946 3264 24 35 il
1000 3264 116 34 salua
1147 3262 356 37 immédiatement
1532 3262 34 35 la

548 3311 112 37 terre
686 3310 49 36 de
763 3311 116 45 vingt
905 3311 42 35 et
974 3319 54 27 un
1056 3319 127 35 coups
1210 3310 49 35 de
1286 3319 141 30 canon,
1457 3309 112 36 salut

547 3358 71 45 qui
646 3357 56 36 lui
728 3368 22 25 a
775 3358 64 36 été
865 3357 129 36 rendu
1021 3367 74 36 par
1121 3357 36 36 la
1181 3356 180 38 batterie
1384 3356 49 37 de
1459 3357 111 36 salut

547 3404 50 37 de
624 3405 201 36 l'arsenal.

600 3452 169 45 L'agent
822 3451 237 37 consulaire
1114 3451 69 36 des
1239 3450 250 37 Etats-Unis
1546 3451 21 36 à

547 3498 253 47 Cherbourg,
836 3500 48 34 M.
918 3499 167 42 Canuet,
1119 3498 97 37 s'est
1249 3498 130 37 rendu
1413 3498 22 36 à
1468 3498 99 38 bord

548 3545 54 37 du
630 3546 335 36 navire-amiral.

601 3594 78 35 Des
712 3594 145 35 visites
890 3593 218 36 officielles
1139 3593 72 35 ont
1242 3592 64 36 été
1339 3592 228 46 échangées

547 3641 118 35 entre
687 3639 172 36 l'amiral
885 3640 226 35 américain
1136 3639 174 35 Wrillen
1333 3639 40 36 et
1396 3640 34 34 le
1454 3640 47 35 vi,
1521 3649 44 26 e-

547 3687 146 36 amiral
720 3687 151 41 Bellue,
898 3687 136 44 préfet
1058 3686 221 42 maritime,
1303 3695 263 36 gouverneur

547 3734 50 36 de
625 3734 35 36 la
690 3734 114 44 place
830 3733 49 36 de
906 3733 251 45 Cherbourg.

601 3781 115 36 Cette
745 3779 181 37 division
959 3779 253 37 américaine
1243 3780 246 45 séjournera
1520 3790 47 27 en

547 3828 100 36 rade
684 3826 48 37 de
770 3827 241 46 Cherbourg
1046 3827 195 45 jusqu'au
1281 3829 21 36 8
1339 3828 227 41 décembre,

548 3874 95 37 date
679 3874 52 36 où
769 3874 78 36 elle
883 3883 94 27 sera
1014 3874 232 46 remplacée
1284 3885 74 35 par
1397 3875 36 36 la
1470 3885 97 35 pre-

547 3921 133 37 mière
698 3921 195 36 division.

822 3980 56 35 La
901 3980 116 36 flotte
1042 3980 252 38 américaine

602 4039 58 36 La
715 4039 163 36 marine
935 4039 201 37 militaire
1192 4040 71 36 des
1319 4040 251 38 Etats-Unis

550 4088 134 39 donne
724 4096 54 26 un
818 4086 62 37 bel
922 4087 188 45 exemple
1148 4087 224 36 d'activité.
1414 4088 155 45 Depuis

551 4135 188 45 l'époque
776 4138 51 31 où
867 4134 35 36 le
938 4134 320 37 contre-amiral
1300 4135 143 35 Cotton
1481 4135 84 35 vint

552 4182 23 36 à
601 4181 113 37 bord
753 4191 53 26 au
846 4181 185 36 cuirassé
1070 4182 208 43 Iiearsage
1332 4182 107 36 faire
1492 4192 79 25 une

550 4230 127 35 visite
710 4228 22 36 à
771 4242 18 19 «
824 4238 65 26 ses
922 4229 167 35 cousins
1122 4228 284 46 d'Angleterre
1442 4243 35 27 »,
1513 4229 58 36 lës

555 4276 187 36 escadres
776 4276 275 34 américaines
1084 4276 73 34 ont
1187 4276 200 43 accompli
1420 4276 50 35 de
1505 4286 65 25 re-

562 4321 256 47 .aarquabtes
854 4320 232 37 croisières.
1124 4321 59 35 On
1219 4331 43 25 se
1297 4322 192 36 souvient
1524 4322 48 36 de

557 4369 34 38 !a
630 4368 207 37 croisière,
866 4368 49 36 de
968 4369 109 41 1908,
1119 4368 22 36 à
1181 4369 177 44 laquelle
1411 4369 157 45 prirent

556 4416 92 48 part
687 4417 92 35 tous
821 4416 56 35 les
917 4416 166 35 navires
1123 4415 48 36 de
1211 4416 164 35 combat
1414 4416 154 36 améri-

555 4465 123 40 ?ains,
712 4467 40 32 et
784 4472 80 36 que
898 4463 75 35 l'on
1008 4472 163 25 nomma
1206 4463 34 35 le
1278 4477 16 17 «
1328 4463 164 45 périple
1523 4463 48 36 de

558 4510 203 39 i'Armada
796 4510 252 36 américaine
1084 4525 36 20 ».
1155 4510 75 35 Les
1265 4510 197 36 résultats
1495 4520 73 36 po-

556 4559 169 44 litiques
764 4558 49 35 de
854 4567 44 26 ce
938 4566 157 35 voyage
1137 4558 152 34 autour
1329 4558 52 35 du
1426 4557 145 37 monde

558 4606 140 36 furent
732 4602 308 39 considérables
1064 4614 7 32 ;
1109 4605 56 36 les
1202 4605 197 35 résultats
1436 4605 132 45 prati-

556 4663 100 36 ques
693 4663 48 25 ne
777 4652 142 36 furent
954 4661 73 36 pas
1066 4651 227 37 inférieurs
1330 4652 39 35 et
1406 4652 162 35 fourni-

556 4701 92 36 ront
687 4699 166 36 d'utiles
895 4698 332 46 enseignements
1269 4708 72 26 sur
1385 4699 56 36 les
1483 4700 83 35 mé-

557 4747 144 36 thodes
745 4746 347 37 d'entraînement
1135 4745 71 37 des
1250 4746 237 45 équipages,
1534 4749 33 33 et

556 4794 231 37 donnèrent
824 4793 48 36 de
912 4793 236 46 précieuses
1203 4793 248 36 indications
1503 4803 71 26 sur

561 4851 54 26 ,es
645 4841 179 46 qualités
855 4841 222 45 nautiques
1106 4840 70 36 des
1206 4840 219 36 différents
1458 4841 114 45 type?

555 4889 48 37 dE:
669 4889 178 35 navires.
912 4888 127 41 Anisi,
1105 4896 50 27 on
1221 4887 210 45 s'aperçut
1494 4896 77 36 que

560 4936 57 36 les
683 4934 163 47 grands'
899 4934 209 36 croiseurs
1188 4935 117 45 types
1346 4934 228 46 California

556 4984 35 36 et
636 4981 272 45 Washington
971 4981 207 37 n'avaient
1240 4991 72 36 pas
1374 4981 49 37 de
1485 4983 62 35 sta
1565 5005 6 4 -

560 5029 117 38 bilité
724 5029 49 36 de
821 5029 287 45 plate-forme,
1158 5031 41 35 et
1230 5038 170 33 comme,
1457 5029 116 36 d'au-

561 5077 63 36 tre
659 5077 104 45 part,
802 5076 89 36 leur
927 5076 231 36 armement
1192 5076 40 36 et
1267 5076 90 35 l'eur
1390 5077 185 35 cuirasse

560 5124 197 36 n'étaient
785 5132 72 37 pas
886 5122 217 36 suffisants
1129 5132 107 36 pour
1265 5124 89 35 leur
1381 5123 191 46 déplace-

559 5171 122 41 ment,
714 5180 51 26 on
794 5170 144 36 décida
968 5169 49 37 de
1046 5179 49 26 ne
1125 5170 92 46 plus
1248 5170 108 36 faire
1385 5170 49 38 de
1461 5171 111 36 croi-

557 5227 119 27 seurs
707 5217 220 36 cuirassés.

612 5266 75 40 Les
717 5264 208 37 cuirassés
958 5264 95 46 type
1085 5264 268 36 Connecticnt
1382 5275 43 26 se
1456 5275 117 26 mon-

560 5312 160 37 trèrent
757 5311 84 37 très
879 5312 166 37 marins,
1085 5312 104 35 mais
1225 5321 102 27 ceux
1376 5312 53 36 du
1481 5312 95 43 type

565 5360 143 40 Maine,
743 5359 81 46 qui'
852 5359 56 35 les
945 5353 281 53 précédèrent,
1265 5368 48 27 ne
1348 5359 222 36 donnèrent

561 5415 73 37 pas
664 5406 51 35 du
751 5406 90 35 (ont
870 5406 263 35 satisfaction
1166 5406 33 38 à.
1221 5406 110 35 leurs
1363 5415 207 27 comman-

561 5453 132 36 dants.
732 5452 130 42 Enfin,
906 5453 34 35 le
978 5452 293 36 commandant
1308 5462 48 26 en
1396 5453 96 36 chef
1529 5453 47 37 de

560 5500 108 38 cette
696 5500 113 35 flotte
835 5500 76 44 put
936 5499 209 36 constater
1174 5500 253 36 l'excellente
1455 5500 121 36 tenue

559 5547 23 35 à
617 5548 36 34 la
687 5556 85 28 mer
805 5547 70 35 des
908 5547 238 45 destroyers
1203 5548 40 35 et
1300 5547 90 36 leur
1446 5547 122 36 endu-

561 5603 124 27 rance
707 5603 8 30 ;
744 5602 45 27 ce
820 5593 65 35 fut
913 5593 36 35 la
978 5603 122 27 cause
1129 5593 49 37 de
1207 5595 37 35 la
1276 5594 158 45 reprise
1463 5594 49 36 de
1542 5595 34 34 la

560 5643 284 34 construction
883 5640 48 36 de
968 5649 65 27 ces
1068 5642 128 44 petits
1233 5640 176 43 navires,
1447 5641 127 36 aban-

561 5687 155 37 donnés
749 5686 183 46 pendant
965 5697 53 25 un
1052 5688 158 36 certain
1246 5689 145 44 temps.

618 5734 114 36 Cette
779 5733 252 36 mémorable
1075 5734 199 37 croisière
1319 5735 152 37 autour
1515 5735 53 36 du

561 5781 149 37 monde
743 5780 74 36 fut,
838 5780 346 38 admirablement
1215 5782 201 47 préparée
1439 5792 8 32 ;
1479 5783 97 38 exé-

562 5828 120 37 cutée
721 5836 98 27 avec
858 5837 80 26 une
977 5828 192 39 méthode
1209 5829 83 36 très
1331 5830 108 41 sûre,
1480 5830 22 37 à
1543 5831 33 35 la

560 5875 157 36 vitesse
749 5874 162 37 réduite
940 5875 50 35 de
1022 5876 45 34 10
1100 5876 152 42 nœuds,
1285 5876 25 35 il
1342 5876 65 46 n'y
1436 5877 72 37 eut
1537 5878 39 35 ni

563 5922 142 36 avarie
738 5922 39 35 ni
812 5921 187 36 abandon
1031 5921 49 37 de
1113 5922 143 37 navire
1279 5932 8 25 :
1319 5923 107 36 cette
1456 5933 121 27 cons-

563 5968 178 53 tatation
770 5969 194 45 dispense
993 5968 49 37 de
1074 5969 90 34 tout
1191 5971 311 36 commentaire.

598 6005 6 16 1
618 6015 313 41 Actuellement,
978 6016 56 35 les
1077 6015 249 36 Etats-Unis
1383 6016 71 36 ont
1509 6027 71 26 sur

563 6063 213 36 chantiers
811 6063 68 35 les-
897 6062 208 36 cuirassés
1136 6062 210 37 Arkansas
1379 6064 41 36 et
1454 6064 124 46 Wyo-

565 6110 133 44 w/ng';
728 6110 34 34 le
792 6110 181 44 premier
1001 6120 20 25 a
1051 6109 64 37 été
1143 6110 236 36 commencé
1408 6119 48 28 en
1484 6110 94 46 jan-

564 6156 92 35 vier
690 6156 167 37 dernier
892 6157 40 35 et
967 6157 36 34 le
1037 6155 148 37 second
1221 6166 48 26 en
1309 6156 155 36 février
1487 6167 8 31 ;
1533 6157 47 37 ils

616 6202 92 35 n'ont
744 6203 135 35 lancés
917 6202 83 37 très
1037 6203 343 44 prochainement
1416 6204 40 36 et
1493 6204 88 36 leur

566 6253 142 35 entrée
738 6258 48 26 en
815 6249 160 36 service
1003 6250 62 35 est
1093 6251 156 45 prévue
1279 6259 105 38 pour
1413 6251 36 37 le
1478 6251 103 37 mois

566 6296 50 36 de
646 6296 93 45 juin
776 6297 112 34 1912.

623 6344 115 35 Deux
784 6343 208 37 cuirassés
1037 6343 93 36 sont
1172 6344 181 45 compris
1397 6345 101 38 dans
1544 6345 34 37 le

566 6399 265 37 programme
864 6391 116 34 naval
1013 6390 49 35 de
1091 6392 107 35 cette
1228 6392 128 36 année
1380 6402 7 30 ;
1417 6402 45 26 ce
1492 6394 84 33 sonl

570 6437 36 36 le
641 6437 125 35 Texas
798 6437 40 35 et
870 6437 36 35 le
935 6437 166 35 Nevada
1124 6446 7 26 :
1166 6437 48 35 ils
1244 6439 150 34 auront
1424 6435 54 39 un
1508 6439 71 37 dé-

568 6485 232 44 placement
835 6484 48 36 de
917 6485 140 38 27,000
1093 6485 142 35 tonnes
1268 6485 40 34 et
1340 6487 140 34 seront
1512 6496 68 26 ar-

569 6531 87 35 més
682 6530 48 37 de
756 6530 68 36 dix
849 6540 152 25 canons
1027 6530 48 37 de
1103 6532 43 33 14
1177 6538 161 37 pouces,
1368 6533 215 44 accouplés

569 6585 102 27 dans
705 6577 92 44 cinq
834 6578 196 35 tourelles
1065 6577 156 36 situées
1257 6577 100 36 dans
1395 6578 100 36 l'axe
1529 6579 52 35 du

571 6624 155 39 navire,
759 6624 247 44 disposition
1040 6624 211 45 analogue,
1271 6624 22 35 à
1322 6624 102 36 celle
1454 6627 128 43 adop-

573 6669 64 36 tée
672 6679 102 35 pour
810 6670 55 35 les
898 6670 208 36 cuirassés
1138 6671 55 35 du
1228 6670 96 47 type
1356 6672 226 41 Delaware,

568 6725 50 30 en
645 6716 171 36 service.

626 6763 25 35 Il
679 6763 194 36 convient
897 6763 48 36 de
971 6764 180 45 signaler
1177 6765 89 36 tout
1292 6766 292 44 particulière-

570 6810 114 36 ment
740 6811 148 44 quatre
940 6811 206 36 cuirassés
1191 6812 51 35 du
1292 6813 93 44 type
1431 6813 156 45 anglais

571 6857 308 43 Dreadnovç/ht,
910 6857 103 35 mais
1041 6858 49 35 de
1120 6859 186 35 moindre
1337 6859 218 45 puissance
1578 6871 7 31 ;

569 6913 46 27 ce
646 6905 92 34 sont
769 6904 216 35 Delatiare
1020 6904 40 35 et
1091 6905 364 39 North-Dakolah,
1488 6907 97 35 Flo-

570 6950 91 36 rida
693 6952 39 34 et
769 6950 117 41 Utah,
920 6959 65 26 ces
1019 6950 106 35 deux
1159 6951 186 36 derniers
1378 6953 70 35 ont
1480 6953 105 36 deux-

568 7005 154 28 canons
751 6997 48 35 de
834 6998 67 35 127
935 6996 261 39 millimètres
1224 6998 48 36 de
1304 6999 90 41 plus
1423 7009 79 33 que
1533 7001 54 35 les

569 7041 110 37 deux
711 7044 200 42 premiers
939 7045 40 35 et
1005 7043 98 36 c'est
1131 7044 21 35 à
1181 7053 78 35 peu
1289 7044 93 44 près
1411 7046 36 35 la
1476 7047 112 35 seule

572 7089 227 37 différence
828 7091 67 44 qui
931 7092 55 34 les
1015 7091 262 35 caractérise.

668 7155 60 34 Un
762 7154 107 34 essai
902 7155 47 34 de
982 7156 166 34 vitesse.
1177 7176 47 5 —
1256 7154 52 36 Le
1340 7155 155 45 budget

623 7209 56 39 Le
703 7212 46 35 23
773 7211 165 46 janvier
961 7212 176 42 dernier,
1166 7213 242 36 l'Amirauté
1433 7215 154 34 améri-

574 7257 115 38 caine
719 7268 21 25 a
771 7258 77 34 fait
879 7258 195 44 procéder
1103 7260 19 35 à
1152 7260 69 35 des
1251 7260 129 36 essais
1410 7261 82 34 très
1524 7261 62 35 in-

575 7303 225 36 téressants
830 7304 48 35 de
909 7304 151 36 vitesse
1083 7315 7 31 ;
1121 7316 66 26 ces
1217 7307 139 39 essais,
1390 7308 200 43 auxquels

574 7350 71 35 ont
674 7351 83 42 pris
787 7351 92 44 part
906 7352 91 42 sept
1024 7352 205 36 cuirassés
1256 7353 48 35 de
1335 7354 34 34 la
1401 7354 112 35 flotte
1542 7355 47 34 de

576 7396 276 45 l'Atlantique,
892 7398 71 34 ont
1000 7397 131 36 donné
1170 7399 56 35 les
1264 7400 196 35 résultats
1498 7401 89 35 sui-

573 7443 138 35 vants:
736 7439 186 50 ùeorgia,
944 7444 45 34 19
1014 7453 35 25 n.
1068 7445 65 40 05;
1156 7445 222 42 Nebraska,
1406 7448 44 33 19
1468 7456 36 25 n.
1526 7448 38 33 11
1581 7457 8 32 ;

575 7488 278 43 Connecticnt,
883 7492 44 34 19
955 7500 34 26 n.
1016 7491 48 34 02
1088 7500 7 31 ;
1120 7491 241 42 Minnesota,
1391 7494 45 34 18
1462 7503 35 25 n.
1524 7495 64 39 42;

574 7535 355 44 Newhampshire,
960 7538 44 34 18
1030 7546 36 25 n.
1093 7538 65 41 96;
1184 7538 171 42 Kansas,
1385 7541 45 34 18
1456 7549 36 25 n.
1521 7541 64 40 42;

574 7580 237 45 Mississipi,
842 7583 42 35 17
917 7594 34 24 n.
981 7584 60 35 01.

630 7627 54 36 Le
719 7626 152 45 budget
918 7631 115 34 naval
1084 7630 70 35 des
1202 7630 257 43 Etats-Unis,
1497 7633 93 35 voté

575 7672 193 47 jusqu'au
799 7674 47 34 30
873 7675 88 43 juin
996 7674 107 41 1911,
1134 7677 147 36 s'élève
1309 7678 22 35 à
1358 7679 232 36 2ô.515.468

580 7720 124 35 livres
739 7720 173 44 sterling
933 7732 8 29 ;
979 7723 33 35 le
1049 7723 136 43 projet
1219 7723 48 36 de
1301 7723 152 43 budget
1488 7735 103 31 pour

578 7765 157 35 l'année
776 7767 222 36 1911-1912
1032 7771 211 39 comporte
1278 7780 78 26 une
1389 7781 198 31 augmen-

578 7811 130 36 tation
736 7811 48 36 de
810 7813 203 37 3.225.645
1043 7816 123 36 livres
1194 7817 184 39 sterling.
1406 7818 54 35 Le
1486 7828 103 32 gou-

576 7861 244 33 vernement
854 7859 69 35 des
959 7860 245 38 Etats-Unis
1239 7863 154 36 semble
1427 7864 164 41 disposé

577 7904 24 36 à
633 7904 172 43 adopter
839 7905 32 34 la
906 7905 139 37 devise
1077 7909 48 36 de
1160 7910 245 43 l'empereur
1438 7911 150 35 d'Alle-

578 7959 146 35 magne
747 7960 7 27 :
791 7965 16 17 «
840 7952 122 35 Notre
991 7955 142 34 avenir
1161 7957 62 34 est
1250 7966 72 25 sur
1352 7956 101 36 l'eau
1487 7971 33 26 »,
1552 7959 39 35 et

579 7996 77 36 l'on
695 7998 95 41 peut
826 7997 88 36 être
963 8000 143 35 assuré
1155 8012 79 30 que
1271 8003 34 35 le
1340 8003 97 40 jour
1473 8004 51 35 où
1564 8004 24 35 il

580 8042 222 46 l'adoptera
851 8043 340 42 définitivement,
1232 8049 23 34 il
1307 8059 49 26 ne
1407 8051 182 35 reculera

578 8097 73 36 pas
675 8089 150 38 devant
849 8091 232 37 l'énormité
1105 8095 48 34 de
1178 8095 38 35 la
1241 8091 176 43 dépense
1442 8097 71 37 qui
1538 8105 49 27 en

580 8133 216 40 Maultei-a.

1670 1726 112 94 LA
1840 1724 222 98 CRUE
2126 1722 472 100 AUGMENTE

1804 1864 268 96 d'heure
2124 1896 80 62 en
2256 1864 206 96 heure

1627 2058 75 39 La
1743 2053 180 55 région
1962 2052 226 44 rémoise
2227 2057 79 39 est
2344 2056 108 39 tout
2487 2054 162 51 parti-

1834 2116 336 45 culiérement
2201 2116 243 44 menacée

1681 2240 76 35 Les
1789 2239 214 36 dernières
2034 2239 203 36 dépêches
2271 2238 54 37 du
2356 2238 141 36 bassin
2528 2234 49 39 de
2610 2237 36 35 la

1596 2273 14 59 |
1610 2273 15 59 I
1626 2286 289 40 H.aute-&'eine
1951 2287 233 35 annoncent
2222 2295 80 26 une
2339 2285 135 45 légère
2509 2284 138 36 baisse

1626 2333 70 35 des
1725 2343 117 26 eaux.
1871 2333 121 35 Aussi
2023 2333 254 42 pouvait-on
2305 2332 169 42 espérer
2502 2340 79 34 que
2610 2331 36 35 la

1627 2374 107 41 crue'
1752 2380 49 35 de
1830 2380 36 35 la
1894 2380 121 37 Peine
2044 2380 22 35 à
2096 2379 115 35 Paris
2242 2377 267 42 s'arrêterait,
2541 2378 105 35 mais

1629 2436 49 27 en
1715 2427 140 34 raison
1891 2426 69 36 des
1997 2426 136 45 pluies
2168 2426 70 45 qui
2279 2425 184 36 tombent
2498 2424 148 45 depuis

1629 2471 328 48 quarante-huit
1987 2473 161 42 heures,
2181 2472 270 37 la,situation
2480 2471 169 37 devient

1632 2520 269 45 inquiétanie,
1931 2519 188 36 d'autant
2147 2520 92 45 plus
2269 2528 80 36 que
2380 2520 55 35 les
2465 2528 104 28 eaux
2598 2518 50 36 de

1630 2568 36 34 la
1688 2568 140 34 Marne
1849 2567 197 36 montent.
2066 2566 220 36 L'Institut
2306 2565 342 49 hydrométrique

1629 2623 103 26 nous
1753 2613 295 46 communique
2068 2613 58 36 les
2146 2614 111 35 cotes
2277 2614 216 36 suivantes
2517 2622 7 26 :

2316 2672 66 25 Hier
2465 2670 181 26 Aujourd'hui

1681 2732 152 35 MARNE
1874 2731 23 36 à
1940 2730 250 37 Chalifert..
2307 2731 88 35 2.87
2506 2730 89 35 3.08

1680 2778 125 36 SEINE
1835 2778 22 36 à
1887 2779 109 45 Bi-av
2308 2778 89 36 2.09
2507 2777 88 35 2.79

1757 2847 53 6 —
1893 2825 241 36 Monlereau
2182 2850 10 11 .
2308 2825 88 35 2.72
2507 2824 87 35 3.63

1755 2894 53 5 —
1890 2872 136 36 Melun
2308 2872 87 35 4.45
2506 2871 86 35 4.37

1753 2941 53 5 —
1888 2918 159 37 Corbeil
2101 2945 88 9 ....
2305 2918 88 36 3,63
2504 2919 87 34 3.56

1680 2967 128 36 PARIS
1838 2966 101 46 pont
1965 2965 226 36 d'Austerl.
2309 2966 87 35 5.13
2508 2965 86 35 5.25

1728 3035 53 5 —
1837 3014 101 45 pont
1962 3012 236 36 Tournelle.
2309 3013 87 34 4.95
2507 3012 87 35 5.09

1727 3082 53 5 —
1837 3061 99 44 pont
1966 3060 223 46 Royal....
2306 3059 88 35 6.05
2504 3059 88 34 6.17

1671 3108 61 36 A
1732 3108 246 36 Bezons
2307 3107 85 36 5.51
2505 3106 88 35 5.68

1962 3171 57 36 En
2051 3171 259 46 Champagne

1680 3232 144 41 REIMS,
1861 3232 44 35 15
1937 3230 237 37 novembre.
2206 3252 52 5 —
2290 3231 109 35 Dans
2433 3229 38 36 la
2503 3228 144 47 région

1627 3279 239 45 d'Epernay,
1892 3279 56 35 les
1971 3278 172 45 villages
2164 3277 49 36 de
2234 3276 190 47 Churilly
2445 3277 42 35 et
2506 3275 139 46 d'Oiry

1626 3329 40 33 et
1693 3329 55 32 les
1773 3325 70 36 bas
1870 3325 209 46 quartiers
2105 3325 50 36 de
2183 3324 130 35 Plivot
2342 3325 87 33 sont
2463 3323 182 35 inondés.

1679 3376 32 32 A
1740 3373 216 42 Dormans,
1986 3372 23 37 à
2039 3371 100 46 Dizy
2168 3371 42 41 et
2237 3371 24 37 à
2288 3371 192 45 Damery,
2512 3370 36 38 le
2576 3369 69 36 ni-

1627 3430 104 26 veau
1756 3419 69 37 des
1851 3429 105 27 eaux
1981 3428 21 27 a
2027 3428 149 27 encore
2201 3421 139 33 monte
2364 3426 48 28 ae
2443 3419 43 34 10
2511 3425 133 28 üellLl-

1629 3467 151 37 mèties
1806 3466 148 45 depuis
1980 3465 92 36 hier
2096 3465 97 37 soir.

1679 3515 32 35 A
1734 3514 213 36 Dormans,
1974 3513 38 37 la
2031 3512 204 38 'situation
2258 3512 63 36 est
2342 3521 113 26 assez
2479 3511 165 46 inquié-

1630 3561 111 36 tante
1764 3570 7 33 ;
1797 3561 55 35 les
1876 3560 211 35 habitants
2109 3559 49 38 de
2181 3559 81 37 l'île
2282 3558 129 37 Belon
2431 3560 94 34 sont
2544 3567 101 26 cou-

1629 3608 69 46 pés
1722 3608 232 46 d'Epernay
1978 3616 74 36 par
2075 3616 54 26 un
2156 3606 71 36 lac.

1683 3656 108 35 Dans
1822 3656 34 35 le
1882 3654 75 38 sud
1985 3654 49 35 de
2063 3653 392 41 l'arrondissement,
2487 3652 36 36 la
2549 3662 99 27 crue

1628 3703 48 34 de
1705 3703 35 34 la
1767 3701 121 36 Seine
1914 3702 40 35 et
1979 3701 49 36 de
2056 3700 141 36 l'Aube
2225 3700 186 46 inquiète
2437 3699 212 36 vivement

1631 3750 54 35 les
1723 3748 224 36 habitants.

1680 3797 31 34 A
1733 3795 185 46 Romilly,
1941 3795 22 35 à
1983 3794 202 42 Confians,
2206 3793 23 37 à
2248 3794 198 45 Sauvage,
2470 3793 38 36 la
2528 3793 120 36 Seine

1630 3853 21 25 a
1678 3843 138 36 monté
1842 3842 49 36 de
1919 3843 46 35 40
1991 3841 279 41 centimètres,
2300 3842 40 35 et
2366 3841 32 35 si
2430 3841 55 35 les
2514 3841 133 45 pluies

1628 3890 245 36 continuent
1895 3897 70 28 ces
1986 3889 172 45 villages
2184 3890 98 34 vont
2306 3889 86 35 être
2419 3888 183 35 inondés.

1681 3938 154 35 Toutes
1865 3936 56 37 les
1951 3938 139 34 routes
2118 3935 48 38 de
2194 3935 190 35 Conllans
2412 3935 23 35 à
2462 3934 186 46 Marcilly

1629 3984 92 36 sont
1744 3983 194 37 inondées
1961 3984 39 34 et
2025 3982 322 45 impraticables.

1631 4050 55 35 On
1712 4049 192 36 travaille
1933 4048 21 35 à
1980 4048 197 43 déblayer
2200 4047 60 35 les
2286 4047 121 45 quais
2432 4047 48 35 de
2507 4047 139 35 Rouen

1685 4108 158 40 ROUEN,
1888 4107 45 35 15
1979 4105 234 37 novembre.
2254 4127 53 5 —
2349 4105 86 36 Une
2478 4105 170 36 activité

1636 4155 159 36 intense
1833 4154 122 41 règne
1993 4163 51 26 au
2081 4156 96 44 port
2212 4152 49 36 de
2300 4153 149 40 Rouen,
2489 4152 51 35 où
2580 4152 69 36 des

1632 4202 154 36 soldats
1818 4201 53 36 du
1904 4203 36 34 7e
1969 4200 245 37 d'artillerie
2245 4201 70 35 ont
2345 4200 65 35 été
2440 4199 210 46 employés

1633 4250 21 35 à
1688 4249 176 44 charger
1892 4258 76 27 sur
2004 4248 56 36 les
2095 4243 213 41 véhicules
2343 4247 99 39 dont
2477 4247 50 35 ils
2560 4247 87 35 dis-

1632 4296 191 45 posaient
1863 4296 55 36 les
1959 4294 312 39 marchandises
2324 4293 70 46 qui
2437 4302 53 27 -se
2530 4294 117 35 trou-

1634 4343 146 38 vaient
1802 4352 72 25 sur
1906 4342 55 35 les
1990 4342 132 45 quais.

1687 4391 74 34 200
1795 4398 162 36 wagons
1990 4389 71 36 ont
2092 4389 65 36 été
2189 4388 105 36 ainsi
2327 4388 185 45 chargés,
2548 4388 101 41 hier,

1632 4447 74 35 par
1733 4438 56 35 les
1813 4436 167 36 soldats.
2006 4435 290 45 Aujourd'hui,
2325 4435 93 36 tous
2446 4436 55 34 les
2526 4435 121 36 véhi-

1634 4485 111 36 cules
1785 4484 255 43 disponibles
2095 4483 71 35 ont
2206 4483 64 36 été
2312 4481 338 44 réquisitionnés.

1635 4536 78 31 Sur
1741 4532 36 35 la
1806 4532 88 35 rive
1922 4525 144 47 droite,
2097 4540 80 26 une
2203 4530 155 46 grande
2386 4529 189 45 quantité
2603 4529 49 35 de

1633 4589 165 35 wagons
1828 4579 162 35 fournis
2017 4587 75 35 par
2120 4578 36 35 la
2184 4577 250 48 Compagnie
2461 4576 52 36 du
2543 4577 105 34 Nord

1634 4629 92 33 sont
1748 4636 48 26 en
1821 4626 151 44 charge
1996 4636 7 30 ;
2027 4635 72 25 sur
2124 4625 34 35 la
2184 4625 89 35 rive
2296 4624 169 45 gauche,
2491 4632 45 27 ce
2559 4624 87 34 sont

1635 4674 70 36 des
1728 4683 165 35 wagons
1920 4673 49 36 de
1995 4672 280 36 t'Ouest-Etat
2300 4671 69 45 qui
2398 4671 193 35 assurent
2618 4670 34 37 le

1634 4722 159 37 service
1817 4731 7 32 ;
1850 4720 70 36 des
1947 4729 165 36 wagons
2137 4721 71 34 ont
2234 4719 65 37 été
2326 4717 325 47 réquisitionnés

1638 4778 51 26 un
1724 4778 77 34 peu
1835 4768 182 44 partout.
2050 4766 58 36 On
2141 4776 48 26 en
2222 4766 159 44 signale
2414 4765 132 35 même
2577 4773 72 27 ve-

1637 4825 74 26 IIUS
1743 4816 49 35 de
1826 4815 174 41 Saintes,
2035 4814 41 36 et
2109 4814 35 35 la
2180 4813 250 45 Compagnie
2463 4811 54 36 du
2553 4811 95 36 Midi

1636 4873 45 25 en
1711 4872 22 26 a
1760 4862 78 35 mis
1866 4863 22 35 à
1917 4862 37 35 la
1980 4860 249 45 disposition
2257 4860 54 35 du
2341 4859 104 45 port.

1687 4908 313 42 Actuellement,
2042 4908 70 35 des
2153 4907 225 41 artilleurs,
2431 4906 93 36 des'
2556 4906 92 36 fan-

1637 4958 161 41 tassins,
1826 4957 70 35 des
1922 4956 232 40 chasseurs,
2183 4954 71 36 des
2280 4953 155 36 soldats
2460 4953 53 36 du
2543 4953 106 35 train

1636 5006 68 35 des
1732 5004 225 46 équipages
1984 5002 241 37 travaillent
2250 5001 23 37 à
2299 5000 268 40 débarrasser
2595 5000 57 36 les

1636 5052 131 46 quais.

1691 5101 47 34 M.
1796 5098 230 45 Lespierre,
2084 5095 294 38 commandant
2433 5095 55 36 du
2545 5095 105 44 port,

1636 5146 185 37 d'accord
1860 5155 98 27 avec
1996 5146 35 35 le
2068 5144 97 36 chef
2201 5143 239 40 d'escadron
2478 5142 171 36 Bébord.

1636 5194 150 44 chargé
1810 5193 48 36 de
1884 5193 36 35 la
1944 5192 204 36 direction
2172 5190 54 36 du
2251 5190 170 41 service,
2448 5199 22 26 a
2495 5189 155 44 réparti

1638 5243 46 35 80
1721 5240 224 41 véhicules,
1982 5240 23 36 à
2041 5239 138 36 raison
2215 5237 50 36 de
2300 5238 47 35 30
2383 5246 73 26 sur
2493 5237 36 35 la
2565 5237 87 35 rive

1638 5288 157 43 gauche
1829 5288 40 35 et
1902 5287 48 36 de
1985 5288 48 34 50
2067 5296 72 26 sur
2174 5286 36 36 la
2245 5285 89 35 rive
2367 5283 145 42 droite,
2548 5293 104 34 pour

1638 5336 165 36 enlever
1829 5335 56 35 les
1909 5343 89 30 sacs
2022 5333 48 37 de
2093 5333 65 35 blé
2182 5332 41 36 et
2244 5331 50 36 de
2318 5331 152 45 grains.
2495 5331 31 34 A
2549 5330 101 36 cha-

1638 5392 78 26 que
1750 5391 167 27 voyage,
1953 5391 56 25 un
2042 5380 193 37 véhicule
2268 5379 102 38 peut
2404 5377 168 37 enlever
2608 5378 43 35 15

1645 5440 82 26 ,acs
1755 5416 62 49 de"
1834 5429 71 35 100
1933 5428 133 45 kilogs
2095 5427 172 35 chacun.

1689 5478 56 35 La
1776 5476 113 36 force
1918 5475 183 36 extrême
2130 5473 53 36 du
2212 5471 176 39 courant
2416 5481 22 27 a
2467 5471 135 46 obligé
2631 5471 21 36 à

1642 5524 146 45 tripler
1827 5523 56 35 les
1922 5530 184 28 amarres
2143 5520 50 37 de
2230 5519 93 37 tous
2362 5519 57 36 les
2456 5517 195 37 chalands-

1716 5569 198 38 trouvant
1946 5569 23 36 à
2002 5568 110 47 quai.

1692 5617 215 36 Plusieurs
1943 5624 297 37 remorqueurs
2275 5613 93 36 sont
2401 5622 97 27 sous
2534 5622 118 36 pres-

1641 5666 87 36 sion
1760 5674 105 36 pour
1897 5663 205 36 remédier
2132 5672 81 26 aux
2244 5660 208 37 accidents
2482 5669 171 36 suscep-

1633 5712 130 37 tibles
1789 5712 49 36 de
1865 5720 42 27 se
1935 5709 209 46 produire.

1726 5803 98 54 La
1862 5800 288 54 Tunisie
2197 5813 73 39 se
2319 5798 253 53 défend

1813 5871 241 55 contre
2092 5870 64 51 le
2195 5865 288 57 choléra

1687 5972 85 34 Une
1799 5968 294 37 échauffourée
2120 5975 116 29 entre
2263 5967 204 35 cavaliers
2492 5965 115 37 tuni-

1687 6018 111 35 siens
1827 6021 41 31 et
1896 6016 227 45 émigrants
2153 6015 217 44 algériens.
2397 6034 47 5 —
2472 6012 135 36 Fusil-

1780 6065 103 35 lade.
1911 6084 47 6 —
1988 6062 112 35 Faux
2128 6061 137 35 bruits
2295 6061 221 43 répandus.

1690 6123 148 40 TUNIS,
1878 6123 45 34 15
1960 6119 224 39 novembre
2220 6119 208 46 (Dépêche
2464 6118 190 45 particu-

1641 6168 100 36 lière
1762 6169 37 35 d'
1826 6182 17 17 «
1867 6168 214 36 Excelsior
2104 6166 56 41 »).
2180 6187 52 6 —
2254 6166 86 35 Une
2364 6165 224 44 patrouille
2608 6164 49 36 de

1647 6216 57 35 six
1726 6215 214 41 cavaliers,
1964 6214 235 45 convoyant
2222 6212 35 35 le
2280 6211 153 36 cordon
2455 6211 201 36 sanitaire

1637 6261 128 36 .établi
1790 6262 21 35 à
1835 6262 36 34 la
1894 6261 202 36 frontière
2118 6258 262 46 tripolitaine
2402 6258 100 36 dans
2526 6258 35 35 le
2584 6258 72 37 but

1643 6308 258 44 d'empêcher
1931 6307 168 36 l'entrée
2129 6316 49 26 en
2207 6305 172 35 Tunisie
2409 6305 70 35 des
2507 6304 147 44 Tripo-

1645 6355 138 36 iitains
1811 6354 69 45 qui
1910 6354 247 45 pourraient
2187 6352 198 44 importer
2415 6352 34 35 le
2478 6351 177 39 choléra,

1644 6402 97 35 dont
1769 6401 69 36 des
1869 6411 67 26 cas
1965 6401 72 35 ont
2065 6400 65 36 été
2158 6399 209 36 constatés
2397 6398 99 35 dans
2528 6398 36 37 le
2592 6398 63 34 vi-

1645 6449 110 44 layet
1779 6447 48 36 de
1853 6447 170 45 Tripoli,
2052 6447 222 35 rencontra
2299 6444 22 36 à
2346 6445 45 35 30
2416 6443 241 37 kilomètres

1644 6505 51 25 au
1725 6494 167 36 sud-est
1920 6494 48 35 de
1999 6492 268 47 Bengardane
2319 6500 81 27 une
2454 6500 203 27 caravane

1643 6541 265 43 J'émigrants
1937 6540 205 44 algériens
2172 6538 271 44 comprenant
2470 6538 187 34 soixante

1644 6596 224 35 personnes
1897 6587 41 35 et
1967 6587 114 37 tenta
2109 6586 49 35 de
2189 6585 55 36 lui
2278 6583 106 36 faire
2414 6584 243 35 rebrousser

1644 6634 174 41 chemin,
1843 6635 121 42 après
1988 6631 118 38 avoir
2130 6631 187 36 constaté
2341 6639 80 35 que
2449 6630 56 36 les
2529 6639 128 36 voya-

1643 6690 123 33 geurs
1792 6689 54 27 ne.
1867 6679 268 43 possédaient
2158 6688 73 34 pas
2259 6678 35 34 le
2319 6677 154 44 permis
2499 6676 49 36 de
2573 6677 84 36 cir-

1644 6728 182 36 culation
1857 6736 95 27 sans
1982 6725 141 45 lequel,,
2147 6725 57 36 les
2231 6722 216 48 Algériens
2476 6733 50 27 ne
2553 6733 103 37 peu-

1646 6775 94 35 vent
1765 6783 42 27 se
1832 6773 205 45 déplacer.

1691 6822 75 34 Les
1820 6820 204 35 cavaliers
2078 6818 144 36 furent
2274 6817 191 44 attaqués
2496 6826 75 37 par
2602 6817 57 37 les

1644 6867 226 43 émigrants
1906 6866 178 39 furieux,
2131 6864 41 37 et
2218 6873 55 26 un
2320 6863 71 36 des
2438 6863 111 36 leurs
2597 6864 63 35 fut

1647 6914 142 35 blessé.
1821 6913 50 35 Ce
1903 6913 65 35 fut
2000 6913 34 35 le
2066 6911 131 44 signal
2232 6911 120 37 d'une
2384 6909 196 36 fusillade
2611 6910 48 37 de

1647 6960 263 43 représailles
1939 6969 51 26 au
2020 6968 121 26 cours
2171 6958 50 35 de
2251 6956 176 45 laquelle
2456 6965 54 27 un
2539 6957 119 44 Algé-

1648 7007 86 34 rien
1770 7006 64 35 fut
1867 7006 81 41 tué,
1982 7014 81 28 une
2097 7005 150 35 femme
2280 7003 41 35 et
2355 7002 106 36 deux
2495 7003 164 36 enfants

1648 7053 165 35 blessés.
1845 7052 97 35 Puis
1974 7052 91 37 tout
2098 7049 57 38 te
2155 7049 155 38 convoi
2346 7049 65 36 fut
2441 7050 166 36 ramené
2639 7050 22 35 à

1646 7099 278 45 Bengardane.

1692 7146 76 35 Les
1794 7144 224 45 Algériens,
2047 7144 229 43 interrogés
2304 7151 72 27 sur
2402 7142 37 36 la
2464 7151 124 27 cause
2612 7142 48 35 de

1649 7193 87 34 leur
1758 7191 137 40 exode,
1918 7190 290 45 expliquèrent,
2230 7199 79 36 que
2335 7189 34 35 le
2392 7188 113 37 bruit
2526 7188 135 36 s'était

1649 7238 182 44 répandu
1868 7246 49 26 en
1953 7236 164 45 Algérie
2152 7245 90 35 que,
2278 7234 149 48 depuis
2464 7234 37 35 la
2536 7234 125 35 chute

1647 7284 168 35 d'Abdul
1841 7283 154 39 Hamid,
2018 7282 38 35 la
2075 7282 185 45 Turquie
2282 7281 118 39 avait
2418 7281 145 35 conclu
2582 7290 79 26 une

1647 7331 166 34 entente
1843 7339 98 26 avec
1973 7329 37 36 la
2039 7328 157 36 France
2227 7328 21 35 à
2281 7327 126 36 l'effet
2435 7326 49 36 de
2517 7327 145 36 laisser

1648 7377 179 43 pendant
1848 7376 93 44 cinq
1965 7376 151 35 années
2140 7375 56 35 les
2218 7374 260 37 musulmans
2501 7373 159 45 s'expa-

1648 7423 101 34 trier
1776 7422 229 35 libi-enieiit.

1764 7479 280 45 L'Allemagne
2082 7480 130 43 prend
2249 7480 71 35 des
2356 7483 189 31 mesures

1700 7543 173 41 BERLIN,
1911 7545 44 33 15
1992 7543 234 35 novembre.
2260 7565 49 5 —
2344 7543 58 34 Le
2436 7541 226 37 Reichsan-

1647 7589 134 45 zeiger
1816 7589 141 44 publie
1992 7599 52 24 un
2080 7589 141 36 décret
2253 7590 53 34 du
2341 7588 240 37 chancelier
2614 7588 49 35 de

1651 7635 194 44 l'empire,
1877 7635 160 44 d'après
2071 7635 143 45 lequel,
2247 7645 49 26 en
2327 7636 141 34 raison
2497 7634 70 35 des
2597 7644 67 25 cas

1647 7682 48 35 de
1728 7681 166 35 choléra
1928 7682 206 35 constatés
2168 7682 24 35 à
2224 7682 220 45 Lisbonne,
2481 7680 91 35 tous
2609 7681 55 34 les

1650 7728 163 34 navires
1845 7728 167 34 entrant
2040 7727 102 35 dans
2175 7737 65 28 un,
2260 7728 94 44 port
2385 7726 208 37 allemand
2625 7727 40 34 et

1648 7776 151 33 venant
1833 7773 49 36 de
1918 7773 205 35 Lisbonne
2156 7775 142 34 seront
2330 7773 162 39 soumis
2527 7773 23 34 à
2585 7781 79 26 une

1649 7820 122 35 visite
1804 7819 210 36 médicale.
2048 7820 61 34 Un
2142 7821 119 34 autre
2291 7816 153 39 décret,
2480 7828 102 34 paru
2615 7827 50 27 en

1649 7869 131 32 même
1807 7867 140 36 temps,
1974 7866 162 36 déclare
2161 7875 79 28 que
2265 7866 56 36 les
2347 7870 189 33 mesures
2561 7874 102 25 ana-

1649 7913 138 44 logues
1820 7913 130 42 prises
1982 7912 22 35 à
2035 7912 148 44 l'égard
2214 7912 69 36 des
2314 7901 168 57 navires
2513 7912 152 35 venant

1647 7958 48 36 de
1720 7957 148 45 Naples
1892 7960 39 33 et
1956 7958 69 35 des
2051 7958 216 45 provinces
2291 7958 49 36 de
2365 7957 99 36 Barli
2492 7958 39 34 et
2555 7957 108 43 Fog-

1646 8005 65 43 gia
1748 8014 48 26 ne
1828 8004 141 36 seront
2004 8004 91 43 plus
2129 8004 254 45 appliquées,
2418 8004 75 35 des
2529 8003 134 37 infor-

1649 8050 175 35 mations
1850 8049 216 38 officielles
2091 8052 124 44 ayant
2241 8050 77 37 fait
2341 8048 219 48 connaître
2587 8058 78 37 que

1650 8095 230 37 l'épidémie
1907 8095 114 36 avait
2050 8096 243 36 totalement
2318 8096 183 37 disparu\
2522 8095 51 36 de
2598 8103 67 28 ces

1648 8141 810 47 regious...
2499 8131 20 64 \

2992 719 32 33 A
3060 718 65 35 LA
3163 717 255 39 CHAMBRE

2698 810 108 74 M.
2866 810 276 76 Adrien
3214 814 244 74 Veber
3538 798 206 106 veut

2820 910 344 76 réformer
3200 912 74 74 la
3304 912 272 94 justice

2759 1052 45 42 Il
2832 1053 181 43 invite
3040 1055 52 42 le
3118 1057 184 42 Garce
3329 1056 98 43 des
3453 1067 208 33 sceaux

2757 1114 34 45 à
2825 1118 205 42 veiller
3062 1116 34 45 à
3140 1120 54 42 la
3232 1120 200 43 stricte
3476 1120 187 54 appli-

2758 1181 192 44 cation
2995 1183 99 43 des
3132 1184 163 43 tarifs
3333 1184 330 53 judiciaires

2753 1306 130 43 Après
2913 1309 57 35 les
2998 1308 109 37 deux
3135 1310 182 36 chaudes
3343 1310 199 44 journées
3570 1319 148 27 consa-

2700 1353 124 42 crées,
2856 1354 36 36 la
2920 1356 184 35 semaine
3130 1356 203 42 dernière,
3364 1367 82 25 aux
3472 1357 246 43 interpella-

2703 1399 106 36 lions
2842 1410 73 26 sur
2949 1401 36 35 la
3018 1402 205 44 politique
3255 1403 54 36 du
3342 1413 192 26 nouveau
3567 1404 149 35 minis-

2704 1445 84 37 tère
2813 1447 166 42 Briand,
3009 1448 36 37 la
3070 1448 204 38 Chambre
3300 1449 96 36 s'est
3420 1450 104 36 mise
3550 1459 52 26 au
3630 1451 86 35 tra-

2705 1493 79 35 vail
2820 1498 40 32 et
2894 1503 22 30 a
2949 1496 236 36 commencé
3221 1496 200 36 l'examen
3467 1496 55 36 du
3569 1496 153 44 budget

2701 1539 49 37 de
2785 1541 379 35 1911..

2757 1586 56 36 La
2857 1588 236 36 discussion
3137 1589 193 42 générale
3363 1600 23 25 a
3417 1590 155 44 occupé
3616 1589 106 37 deux

2704 1633 178 42 séances,
2908 1644 52 26 au
2984 1644 121 27 cours
3128 1633 232 48 desquelles
3383 1636 220 37 différents
3626 1646 94 26 ora-

2706 1680 111 36 10Ul'S
2842 1681 71 35 ont
2939 1682 215 44 préconisé
3177 1683 71 36 des
3273 1683 244 42 économies,
3545 1683 177 37 rendues

2703 1726 254 38 nécessaires
3002 1738 76 35 par
3122 1729 283 45 l'application
3450 1729 49 37 de
3545 1730 38 35 la
3614 1739 106 26 nou-

2706 1774 103 35 velle
2833 1775 51 35 loi
2906 1784 72 26 sur
3001 1777 57 34 les
3081 1776 194 36 retraites
3297 1776 216 40 ouvrières
3535 1776 41 36 et
3598 1777 122 36 l'exé-

2704 1821 143 36 cution
2894 1821 53 36 du
2996 1831 262 36 programme
3306 1824 131 41 naval,
3473 1823 71 46 qui
3580 1823 141 45 impli-

2706 1868 127 45 qLlent
2870 1868 230 46 également
3136 1869 71 37 des
3244 1870 200 45 dépenses
3482 1870 241 46 auxquelles

2705 1923 202 35 personne
2940 1925 50 26 ne
3023 1916 81 35 sait
3135 1925 148 27 encore
3316 1916 260 37 exactement
3607 1925 112 28 com-

2707 1962 112 35 ment
2848 1970 50 27 on
2932 1971 155 36 pourra
3117 1963 109 36 faire
3257 1964 102 36 face.
3394 1964 107 41 Puis,
3536 1964 36 35 le
3602 1963 121 37 débat

2703 2007 49 37 de
2787 2008 200 47 principe,
3025 2018 80 27 une
3140 2009 82 39 fois
3255 2010 95 40 clos,
3389 2010 37 36 la
3462 2009 203 37 Chambre
3701 2020 20 25 a

2704 2055 208 45 entrepris
2944 2055 150 37 l'étude
3124 2056 194 37 détaillée
3349 2056 71 37 des
3451 2056 138 36 divers
3621 2056 100 36 cha-

2705 2101 129 45 pitres
2858 2101 54 37 du
2938 2102 163 45 budget,
3129 2112 49 27 en
3204 2104 285 44 commençant
3514 2113 75 36 par
3614 2103 106 37 celui

2703 2149 48 36 de
2788 2149 37 35 la
2855 2149 165 45 justice,
3057 2149 70 45 qui
3163 2150 104 36 était
3299 2150 23 36 à
3357 2149 148 37 l'ordre
3539 2150 51 36 du
3626 2150 97 46 jour

2703 2195 49 36 de
2780 2204 44 27 sa
2854 2195 146 36 séance
3030 2195 145 37 d'nier.

2759 2241 41 37 Si
2840 2242 57 36 les
2934 2242 189 37 tribunes
3160 2243 222 46 publiques
3418 2243 157 38 étaient
3610 2253 111 26 assez

2706 2288 96 36 bien
2858 2289 177 45 garnies,
3093 2299 75 37 par
3222 2291 154 42 contre,
3434 2291 58 35 les
3547 2288 174 47 députés

2706 2336 157 36 étaient
2924 2345 50 26 en
3025 2336 96 41 ,très
3183 2337 107 46 petit
3351 2337 172 37 nombre
3584 2337 137 46 quand

2707 2384 48 34 M.
2789 2383 156 36 Adrien
2980 2383 135 36 Veber
3150 2385 63 35 est
3248 2385 137 36 monté
3422 2384 23 36 à
3481 2385 37 34 la
3555 2384 166 36 tribune

2708 2439 104 36 pour
2849 2430 224 36 demander
3113 2431 37 36 la
3187 2431 272 45 suppression
3497 2431 71 36 des
3605 2430 115 46 gref-

2708 2477 94 36 fiers
2832 2477 41 36 et
2903 2478 36 35 le
2967 2477 185 38 contrôle
3182 2478 227 46 rigoureux
3437 2478 71 36 des
3538 2477 184 38 officiers

2708 2524 284 40 ministériels.
3418 2546 6 2 -

2758 2571 132 45 Après
2920 2572 118 36 avoir
3067 2571 168 37 d'abord
3263 2571 140 47 plaidé
3432 2572 38 37 la
3499 2577 124 32 cause
3652 2571 71 37 des

2704 2619 120 44 juges
2856 2619 244 44 suppléants
3132 2619 54 35 du
3220 2619 182 36 tribunal
3436 2619 50 36 de
3519 2620 36 37 la
3589 2619 130 37 Seine,

2706 2666 82 44 qui,
2819 2665 131 42 dit-il,
2982 2662 175 40 rendent
3184 2666 146 35 autant
3357 2666 49 36 de
3434 2666 181 37 services
3643 2675 79 37 que

2708 2713 56 35 les
2792 2712 120 46 juges
2943 2712 222 43 titulaires,
3198 2713 41 36 et
3268 2722 49 27 ne
3348 2713 213 45 reçoivent
3590 2721 130 35 pour-

2709 2759 88 37 tant
2836 2768 136 28 aucun
3013 2759 252 43 traitement,
3308 2761 48 34 M.
3396 2760 155 35 Adrien
3590 2759 122 37 Vebei

2708 2807 177 36 réclame
2919 2807 36 35 la
2988 2806 270 45 suppression
3290 2806 49 36 de
3372 2807 37 35 la
3439 2806 182 38 vénalité
3653 2806 68 36 de&

2707 2854 143 36 offices
2890 2853 273 36 ministériels
3202 2863 42 28 ei
3280 2853 40 37 la
3359 2850 254 41 diminution
3652 2853 70 38 des

2710 2899 102 37 fiais
2852 2900 49 36 de
2939 2900 165 46 justice.
3146 2900 216 46 Signalant
3400 2900 181 38 certains
3621 2900 101 37 abus

2706 2947 254 46 imputables
2989 2948 22 36 à
3039 2947 71 36 des
3140 2948 164 41 avoués,
3335 2947 71 37 des
3437 2947 204 38 huissiers
3670 2956 51 27 ou

2707 2995 70 36 des
2812 2994 193 42 notaires,
3041 2994 26 36 il
3102 3004 50 27 en
3184 2994 165 38 conclut
3381 2993 126 46 qu'un
3539 2993 184 38 contrôle

2707 3041 144 39 sévère
2880 3041 193 45 s'impose
3104 3050 104 36 pour
3237 3041 221 45 ei-ripêciier
3488 3040 233 45 l'exploita-

2709 3089 86 35 tion
2827 3088 71 37 des
2928 3084 263 50 justiciables
3224 3097 75 37 par
3332 3089 58 35 les
3423 3087 184 37 officiers
3640 3088 81 36 mi-

2706 3135 222 38 nistériels.

2729 3200 53 37 Le
2810 3201 123 47 garde
2961 3201 72 37 des
3059 3211 155 26 sceaux
3238 3202 218 45 réprouve,
3482 3200 61 37 lui
3572 3200 125 42 aussi,

3117 3249 59 37 les
3202 3249 113 38 abus,

2752 3307 49 36 M.
2825 3306 215 38 Théodore
3064 3306 158 42 Girard,
3251 3307 35 38 le
3310 3316 192 27 nouveau
3528 3306 191 37 ministre

2707 3354 48 35 de
2786 3354 37 37 la
2848 3354 173 42 Justice,
3051 3354 70 45 qui
3152 3354 63 37 est
3244 3354 217 37 lui-même
3490 3363 57 26 un
3575 3353 145 36 ancien

2707 3401 142 42 avoué,
2879 3401 155 47 répond
3064 3401 22 36 à
3117 3402 48 36 M.
3193 3400 155 36 Adrien
3376 3400 133 36 Veber
3538 3409 91 36 que,
3660 3400 59 36 s'il

2707 3449 63 35 est
2794 3448 94 45 prêt
2913 3448 23 35 à
2960 3448 198 38 défendre
3185 3448 57 35 les
3269 3447 240 46 magistrats
3534 3447 73 47 qui
3635 3447 82 35 font

2711 3495 87 35 leur
2834 3495 154 42 devoir,
3027 3495 26 36 il
3090 3494 190 39 n'entend
3327 3504 74 35 pas
3447 3494 170 37 couvrir
3666 3494 54 35 let

2709 3542 134 36 fautes
2871 3542 368 45 professionnelles
3267 3541 70 36 des
3365 3541 183 36 officiers
3576 3541 142 36 minis-

2709 3589 140 36 tériels
2877 3590 69 44 qui
2976 3590 141 36 seront
3144 3589 255 37 convaincus
3426 3587 157 37 d'avoir
3611 3597 106 26 COHl-

2708 3636 75 35 mis
2816 3635 71 37 des
2920 3635 114 36 abus.
3069 3636 136 41 Quant
3237 3645 51 26 au
3321 3635 185 38 contrôle
3539 3644 79 36 que
3651 3635 69 36 de-

2708 3683 145 36 mande
2889 3684 47 34 M.
2969 3683 143 41 Veber,
3149 3683 26 35 il
3211 3682 240 46 appartient
3484 3692 52 26 au
3571 3682 150 44 député

2707 3730 47 35 de
2782 3731 36 34 la
2842 3729 122 36 Seine
2988 3730 48 35 de
3063 3730 104 35 faire
3190 3730 134 35 valoir
3347 3738 64 27 ses
3436 3729 240 45 arguments
3701 3729 19 36 à

2707 3786 44 26 ce
2782 3777 111 44 sujet
2921 3777 152 35 devant
3103 3777 36 35 la
3168 3776 268 37 commission
3464 3776 86 36 de<
3550 3776 172 36 réforme

2704 3824 226 44 judiciaire
2959 3824 99 35 dont
3087 3824 25 35 il
3143 3823 78 36 fait
3247 3823 148 45 partie.

2763 3871 46 35 M.
2847 3871 118 35 Molle
3001 3871 114 35 vient
3149 3871 163 36 ensuiie
3346 3880 43 26 se
3425 3869 190 46 plaindre
3648 3880 79 36 que

2710 3918 116 36 notre
2872 3918 284 46 organisation
3200 3917 226 46 judiciaire
3471 3927 177 36 manque
3680 3917 47 35 de

2708 3965 157 45 l'esprit
2921 3964 322 45 démocratique,
3289 3965 42 35 et
3372 3964 122 45 qu'on
3550 3963 173 37 sacriLe.

2708 4012 100 35 dans
2835 4012 56 35 les
2914 4012 194 36 Facultés
3132 4012 48 35 de
3205 4011 120 42 droit,
3354 4011 278 36 l'instruction
3655 4011 67 44 ju-

2710 4059 162 45 ridique
2904 4059 194 45 pratique
3129 4058 22 37 à
3182 4068 80 25 une
3292 4058 172 42 science,
3498 4058 104 38 utile
3633 4067 92 27 sanz.,-

2707 4106 133 41 doute,
2874 4106 104 35 mais
3009 4115 94 26 sans
3133 4105 256 45 application
3422 4105 98 35 imra
3550 4103 122 37 diafe.

2762 4153 55 37 La
2847 4153 182 36 réforme
3054 4152 236 45 judiciaire,
3321 4152 98 35 dont
3449 4161 203 35 personne
3681 4161 47 25 ne

2707 4201 184 36 conteste
2921 4200 35 35 la
2986 4200 212 41 nécessité,
3227 4208 43 27 se
3298 4199 100 42 fera,
3430 4198 61 36 dit
3520 4199 194 35 l'orateur

2709 4257 74 35 par
2827 4247 339 44 l'augmentation
3223 4246 70 36 des
3352 4245 262 36 traitements
3658 4245 49 36 de

2711 4294 236 45 magistrats
2978 4295 40 34 et
3050 4294 35 34 la
3115 4292 255 36 diminution
3399 4292 326 46 compensatrice

2709 4342 47 35 de
2790 4345 88 32 leur
2911 4340 181 36 nombre.

2757 4418 46 4 —
2822 4400 47 31 Le
2888 4399 103 41 juge,
3011 4399 63 39 qui
3094 4407 21 23 a
3136 4406 46 23 un
3206 4398 75 32 rôle
3302 4398 112 31 social
3437 4398 160 36 énorme,
3618 4397 108 37 dit-il,

2709 4449 43 23 ne
2773 4441 131 32 touche
2924 4448 72 32 que
3015 4440 65 32 des
3099 4439 246 32 émoluments
3364 4439 208 32 dérisoires.
3591 4439 139 41 Depuis

2715 4489 180 32 lUètl'élme
2922 4488 77 29 ans,
3028 4485 32 27 le
3088 4484 141 37 budget
3254 4482 44 31 de
3325 4482 35 30 la
3384 4482 108 30 Jusli,
3507 4489 18 23 e
3554 4483 58 29 n'a
3638 4489 80 32 aug-

2716 4522 120 33 menté
2864 4529 71 30 que
2962 4522 45 31 de
3035 4522 18 30 6
3084 4521 171 34 millions,
3285 4521 98 31 alors
3435 4522 107 36 qu'on
3597 4530 21 22 a
3667 4523 53 29 de,-

2718 4563 32 34 n'
2750 4563 43 34 \1-
2793 4563 34 34 é
2855 4563 65 31 des
2949 4570 160 24 sommes
3139 4558 276 36 considérables
3444 4569 94 33 pour
3566 4562 162 32 d'auLrc'!-

2712 4605 151 40 budget,
2889 4611 143 27 comme
3056 4611 94 27 ceux
3173 4604 45 31 de
3241 4604 36 32 la
3302 4604 140 31 Guerre
3466 4604 36 31 et
3525 4603 45 33 de
3594 4604 35 31 la
3653 4604 67 32 Ma-

2715 4655 51 22 .1X1
2774 4666 28 12 ^.

2758 4700 59 40 Et,
2838 4699 121 41 après
2980 4698 117 37 avoir
3117 4698 186 42 exprimé
3324 4698 36 37 le
3379 4707 94 27 vœu
3494 4707 79 36 que
3597 4698 36 36 la
3654 4707 63 39 po-

2717 4747 145 44 litique
2898 4756 48 26 ne
2980 4746 81 36 soit
3090 4746 151 47 jamais
3276 4746 128 36 mêlée
3438 4745 22 36 à
3495 4746 38 35 la
3564 4745 150 45 justice

2714 4794 194 37 l'orateur
2937 4793 98 36 cède
3064 4793 37 35 la
3130 4793 140 44 parole
3300 4793 22 35 à
3353 4793 48 35 M.
3430 4792 195 41 Simonet,
3654 4802 69 36 qui

2711 4841 198 35 demande
2935 4850 52 26 au
3012 4840 126 46 garde
3164 4840 69 36 des
3260 4839 160 36 Sceaux
3444 4839 49 36 de
3520 4840 106 35 faire
3653 4849 65 26 vo-

2713 4890 60 33 ler
2797 4897 80 26 une
2903 4888 50 34 loi
2980 4888 195 35 assurant
3199 4888 36 34 le
3258 4888 284 35 recrutement
3565 4887 49 35 de
3640 4896 81 26 ma-

2709 4934 172 47 gistrats
2908 4934 300 44 indépendants
3232 4934 41 36 et
3293 4933 71 46 qui
3388 4943 43 27 se
3454 4933 62 36 dit
3537 4934 186 45 partisan

2711 4983 53 35 du
2792 4981 307 37 renforcement
3124 4981 49 37 de
3202 4980 262 45 l'inspection
3488 4980 237 46 judiciaire,

2714 5029 198 36 instituée
2931 5035 76 38 par
3028 5037 55 29 un
3104 5028 144 38 récent
3267 5028 152 38 décret.

3402 5080 39 38 C.
3479 5080 193 38 SINCÈRE.

2887 5172 191 48 Echos
3118 5172 73 48 du
3232 5171 329 49 Parlement

2763 5274 192 44 L'affaire
2984 5275 192 35 Rochette.
3204 5293 50 7 —
3279 5272 52 38 La
3359 5270 241 38 commission
3627 5270 101 37 d'en-

2713 5320 111 45 quête
2849 5332 66 24 sur
2943 5319 163 37 l'affaire
3131 5320 184 37 Rochette
3339 5331 39 24 se
3406 5317 154 38 réunira
3585 5329 42 25 ce
3653 5329 75 24 ma-

2715 5367 65 43 lin,
2803 5367 22 35 à
2848 5367 64 36 dix
2937 5367 144 42 heures,
3105 5379 49 26 au
3175 5365 345 42 Palais-Bourbon,
3544 5375 99 33 pour
3666 5375 58 25 en-

2717 5415 132 35 tendre
2867 5413 53 36 M.
2943 5413 259 37 Clemenceau.

2763 5479 55 35 LCl
2850 5479 246 35 Locomotion
3126 5478 188 36 aérienne.
3344 5496 51 7 —
3423 5475 52 37 Le
3504 5487 150 34 groupe
3683 5475 46 35 de

2714 5526 34 35 la
2783 5524 245 36 Locomotion
3064 5523 178 39 aérienne
3274 5523 87 36 s'est
3395 5522 122 44 réuni,
3551 5521 94 43 hier,
3679 5533 47 25 au

2715 5571 342 44 Palais-Bourbon,
3078 5582 89 25 sous
3189 5570 36 37 la
3247 5570 221 46 présidence
3488 5569 46 38 de
3555 5568 51 36 M.
3629 5568 99 38 Hec-

2715 5626 58 28 tor
2805 5619 182 41 Depasse,
3018 5617 64 45 qui
3113 5630 22 25 a
3164 5617 57 37 été
3251 5616 139 44 chargé
3419 5616 47 36 de
3497 5615 166 45 prendre
3693 5615 31 35 la

2717 5666 130 44 parole
2876 5664 23 36 à
2930 5665 35 37 la
2994 5665 153 37 tribune
3176 5665 47 36 de
3252 5664 37 36 la
3319 5663 189 38 Chambre
3539 5674 98 33 pour
3666 5661 61 37 de-

2715 5713 167 42 mander,
2905 5723 46 25 en
2976 5710 180 46 présence
3179 5711 66 36 des
3268 5710 181 38 résultats
3470 5709 161 36 obtenus
3654 5720 72 25 aux

2714 5759 165 44 grandes
2933 5769 238 25 manœuvres
3224 5758 46 36 de
3325 5755 188 45 Picardie,
3566 5767 74 33 que
3692 5755 35 37 la

2718 5807 145 35 France
2903 5808 204 41 augmente
3149 5804 32 37 le
3222 5805 88 44 plus
3351 5803 168 46 possible
3560 5802 168 37 l'avance

2714 5852 135 45 qu'elle
2876 5864 22 23 a
2926 5851 104 44 prise
3057 5862 67 25 sur
3152 5851 52 38 les
3233 5853 128 34 autres
3390 5849 153 36 nations
3570 5848 97 38 dans
3696 5849 32 35 le

2715 5899 176 37 domaine
2917 5899 45 36 de
2990 5897 301 45 l'aéronautique
3317 5896 190 37 militaire.

2765 5946 50 37 Le
2849 5957 160 32 groupe,
3046 5943 115 45 après
3196 5944 107 37 avoir
3340 5943 82 45 pris
3456 5942 272 36 connaissance

2714 5993 113 36 d'une
2858 5988 111 41 lettre
3002 5992 47 36 de
3080 5990 53 36 M.
3169 5990 182 45 Quinton,
3385 5989 196 44 président
3613 5988 47 37 de
3692 5988 34 36 la

2718 6041 9 34 1
2746 6040 88 42 igue
2875 6038 206 36 Nationale
3121 6037 202 37 Aérienne,
3365 6036 158 36 relative
3564 6035 23 36 à
3628 6035 101 36 l'em-

2718 6086 76 44 ploi
2820 6087 46 36 de
2891 6084 235 44 l'aéroplane
3150 6084 96 36 dans
3272 6083 53 36 les
3349 6081 177 42 colonies,
3553 6094 20 24 a
3599 6081 129 38 décidé

2716 6135 45 36 de
2787 6131 168 37 recevoir
2980 6130 123 37 mardi
3133 6129 183 51 proehain
3344 6141 72 25 une
3441 6128 217 46 délégation
3685 6129 46 36 de

2717 6181 34 35 la
2776 6179 131 46 Ligue.

2768 6268 379 59 Académie
3186 6272 87 51 de
3321 6266 359 57 médecine

2766 6377 84 34 Une
2884 6375 177 35 maladie
3093 6374 223 35 transmise
3349 6381 76 36 par
3456 6372 38 35 le
3526 6371 78 36 lait
3636 6371 47 34 de

2764 6422 164 35 chèvre.
2952 6442 46 6 —
3025 6421 55 34 La
3105 6421 126 34 fièvre
3259 6421 48 34 de
3335 6420 135 34 Malte.
3496 6439 46 5 —
3569 6420 114 32 Com-

2763 6473 113 31 ment
2904 6468 82 35 s'en
3015 6467 206 44 protéger.
3247 6487 47 6 —
3321 6466 53 35 Le
3404 6466 67 35 606
3499 6474 50 27 ne
3578 6474 103 25 vau-

2974 6514 110 35 drait
3109 6523 73 35 pas
3207 6514 37 35 le
3272 6521 201 28 mercure.

2770 6581 59 38 On
2858 6580 74 37 sait
2963 6580 22 36 à
3016 6580 142 36 l'heure
3188 6580 160 36 actuelle
3377 6591 72 32 que
3478 6578 38 36 la
3544 6577 115 37 fièvre
3688 6577 46 35 de

2720 6627 128 44 Malte,
2872 6639 48 24 ou
2944 6626 114 37 fièvre
3080 6625 364 42 méditerranéenne,
3467 6627 55 36 est
3546 6623 187 45 d'origine

2718 6674 168 44 caprine.
2913 6673 99 37 C'est
3036 6676 151 32 surtout
3213 6673 35 35 la
3272 6672 135 38 chèvre
3431 6670 187 44 d'origine
3641 6670 93 35 mal-

2720 6721 94 36 taise
2842 6719 64 45 qui
2936 6724 55 31 est
3019 6719 160 36 atteinte
3207 6720 45 35 de
3280 6722 97 32 cette
3405 6717 174 41 maladie,
3609 6719 123 33 trans-

2719 6767 167 36 missible
2909 6765 23 37 à
2956 6765 174 36 l'homme
3154 6768 36 33 et
3214 6765 65 44 qui
3303 6764 89 36 s'est
3417 6763 197 44 répandue
3638 6763 96 34 dans

2721 6819 83 30 tous
2827 6814 52 35 les
2902 6824 98 32 pays
3024 6811 332 37 méditerranéens.
3382 6808 200 38 Toutefois
3605 6809 51 35 les
3679 6808 54 35 ré-

2719 6861 110 43 gions
2848 6860 51 35 du
2917 6858 107 36 Nord
3045 6870 46 24 ne
3108 6861 86 32 sont
3215 6869 70 33 pas
3304 6856 139 39 restées
3462 6855 214 41 indemnes;
3696 6860 32 30 et

2764 6935 8 7 .
2807 6906 128 36 Widal
2969 6905 118 36 relate
3119 6903 220 45 justement,
3372 6907 107 32 entre
3510 6904 139 38 autres,
3685 6912 46 24 un

2720 6965 63 24 cas
2807 6953 45 35 de
2876 6954 97 34 cette
2998 6949 179 37 affection
3205 6949 156 38 observé
3385 6949 24 35 à
3434 6947 111 37 Paris
3569 6947 88 35 chez
3683 6958 48 23 un

2719 7011 141 28 garçon
2882 6999 45 36 de
2946 6996 231 36 laboratoire
3195 6996 64 39 qui
3280 6996 36 35 la
3334 6997 196 35 contracta
3549 7004 45 24 en
3615 6992 119 36 mani-

2724 7046 134 39 pulant
2890 7045 65 35 des
2988 7043 166 35 cultures
3187 7042 46 36 de
3266 7042 141 43 l'agent
3440 7038 227 46 pathogène,
3702 7038 32 35 le

2723 7094 248 33 micrococcus
2998 7090 217 35 melitensis.
3243 7088 92 36 Cela
3362 7098 144 33 prouve
3532 7097 83 31 que,
3640 7084 31 35 si
3699 7084 32 37 la

2723 7137 112 36 fièvre
2862 7137 46 35 de
2937 7135 119 35 Malte
3085 7139 53 30 est
3169 7134 203 35 transmise
3401 7133 32 37 le
3462 7132 86 43 plus
3576 7133 152 33 souvent

2723 7195 71 28 par
2817 7184 32 35 le
2871 7181 68 37 fait
2962 7182 46 34 de
3029 7179 146 41 chèvre,
3197 7191 41 25 ce
3261 7179 94 36 n'est
3376 7190 72 30 pas
3469 7178 33 36 le
3523 7176 80 37 seul
3626 7175 109 37 mode

2721 7230 45 35 de
2785 7226 300 38 contamination
3106 7226 46 35 de
3170 7230 97 31 cette
3285 7224 162 36 maladie
3466 7222 121 37 exttê
3587 7222 143 37 nement

2721 7274 254 44 contagieuse.
3001 7271 117 37 Aussi
3143 7271 51 35 M.
3220 7271 129 36 Widal
3374 7268 209 38 insiste-t-il
3609 7279 66 24 sur
3699 7267 35 35 la

2724 7320 178 37 nécessité
2926 7320 46 35 de
2997 7318 164 41 prendre
3183 7318 65 35 des
3272 7328 166 25 mesures
3464 7326 97 32 pour
3584 7324 152 25 assurer

2722 7368 36 34 la
2781 7365 256 40 prophylaxie
3059 7364 45 35 de
3127 7364 34 35 la
3183 7363 114 37 tièvre
3317 7364 46 35 de
3385 7362 137 38 Malte;
3546 7371 44 24 en
3616 7358 119 44 parti-

2722 7413 129 39 culier,
2875 7412 24 35 il
2925 7415 54 32 est
3005 7409 210 36 nécessaire
3239 7410 46 35 de
3308 7408 101 36 faire
3431 7405 155 38 bouillir
3610 7405 33 36 le
3667 7404 64 36 lait

2722 7460 46 35 de
2789 7459 144 35 chèvre.
2955 7456 52 35 M.
3030 7455 128 36 Widal
3181 7455 196 42 demande,
3399 7466 45 23 en
3466 7456 120 38 outre,
3607 7463 72 32 que
3700 7451 34 34 la

2722 7503 233 37 déclaration
2986 7503 45 35 de
3062 7502 33 35 la
3126 7501 163 35 maladie
3317 7500 72 36 soit
3422 7499 141 36 rendue
3591 7496 145 44 ob'iga-

2714 7550 106 36 toire.
2842 7550 31 34 Il
2893 7552 55 32 est
2968 7546 200 45 approuvé
3187 7557 72 32 par
3277 7544 96 37 MM.
3392 7542 221 46 Benjamin,
3630 7540 107 37 Vail-

2723 7596 82 36 lard
2829 7598 36 33 et
2890 7600 150 36 ii.osnv,
3065 7596 35 32 et
3126 7591 231 36 l'Académie
3381 7590 123 37 ratifie
3526 7601 41 24 ce
3591 7600 94 25 vœu.

2773 7643 174 33 Mercure
2976 7631 34 43 et
3040 7640 82 34 606.
3151 7658 49 4 —
3230 7638 50 35 M.
3311 7637 175 36 Gaucher
3512 7639 54 31 est
3597 7646 137 24 revenu

2721 7699 66 22 sur
2808 7687 36 34 la
2863 7685 174 42 question
3058 7685 52 35 du
3130 7684 82 35 606.
3234 7683 76 35 Des
3332 7682 216 36 recherches
3568 7681 46 35 de
3634 7680 102 36 labo-

2724 7732 141 36 ratoire
2891 7731 49 35 lui
2967 7734 64 32 ont
3060 7729 147 35 montré
3233 7728 190 36 l'extrême
3448 7726 154 37 toxicité
3626 7726 46 35 de
3695 7736 41 24 ce

2723 7777 157 40 produit
2901 7788 99 27 pour
3020 7777 33 34 le
3071 7775 64 35 syt
3135 7775 80 35 ème
3235 7786 164 24 nerveux
3429 7785 8 23 :
3459 7782 72 26 une
3551 7771 182 40 injection

2723 7825 46 35 de
2797 7823 180 41 quelques
3008 7821 285 42 milligrammes
3322 7821 96 34 dans
3448 7820 32 35 le
3509 7818 141 42 liquide
3679 7816 57 38 cé-

2723 7867 331 42 phalo-rachidien
3077 7866 111 36 suffit
3213 7877 99 28 pour
3335 7869 84 31 tuer
3443 7865 33 36 le
3498 7864 108 35 chien
3631 7874 48 24 ou
3705 7863 31 35 le

2722 7914 120 41 lapin.
2874 7913 62 35 Au
2967 7913 106 40 point
3105 7912 45 35 de
3181 7924 69 23 vue
3279 7910 175 42 clinique,
3484 7910 25 35 il
3540 7908 195 37 considère

2723 7972 72 29 que
2827 7960 32 35 le
2889 7959 83 42 606,
3007 7969 69 32 pas
3109 7958 86 43 plus
3226 7969 72 31 que
3330 7956 173 36 l'hectine
3534 7968 45 23 ne
3609 7954 125 45 guérit

2724 8005 174 41 l'avarie;
2925 8004 24 35 il
2976 8003 80 44 agit
3079 8003 206 37 seulement
3309 8014 66 25 sur
3398 8001 185 37 certaines
3608 8000 46 35 de
3676 8011 60 25 ses

2723 8049 311 39 manifestations
3065 8049 52 37 les
3149 8048 87 43 plus
3266 8051 245 41 apparentes.
3542 8046 99 37 C'est
3673 8057 63 24 en-

2723 8108 86 24 core
2836 8108 47 22 au
2911 8106 169 24 mercure
3106 8106 72 24 oue
3206 8093 72 35 l'on
3307 8093 77 35 doit
3415 8091 101 37 faire
3541 8091 116 41 appel
3686 8103 48 23 au

2715 8141 112 47 point
2845 8142 47 37 de
2910 8153 70 25 vue
2997 8139 303 46 thérapeutique.
3316 8159 50 8 —

3381 8136 30 40 —
3411 8136 136 40 Etienne
3563 8136 173 39 MAIGRE.

4147 727 74 35 AU
4249 726 174 37 SENAT

3774 816 108 74 M.
3948 814 480 78 Cazeneuve
4486 818 292 76 défend

3968 916 108 74 les
4126 916 476 76 instituteurs

3865 1064 45 42 Il
3948 1073 60 33 se
4046 1065 183 52 plaint
4273 1066 70 43 de
4387 1067 55 43 la
4479 1067 226 44 lenteur

3864 1125 280 57 apportée
4187 1126 34 45 à
4257 1129 55 44 la
4360 1129 344 54 liquidation

4000 1191 70 43 de
4102 1191 153 44 leurs
4288 1194 279 44 retraites.

3829 1315 80 37 Dès
3937 1317 36 35 le
4000 1316 126 37 début
4151 1317 50 37 de
4227 1318 38 35 la
4291 1318 157 38 séance,
4478 1320 49 35 M.
4553 1321 237 33 Cazeneuve

3780 1370 95 36 pose
3896 1371 80 27 une
3999 1363 191 41 question
4213 1374 52 26 au
4288 1365 193 36 ministre
4503 1366 48 36 de
4574 1367 213 37 l'Instruc-
4818 1354 6 55 j

3780 1408 85 36 tion
3895 1409 199 44 publique
4121 1419 72 27 sur
4221 1410 37 36 la
4288 1411 162 36 lenteur
4477 1414 197 42 apportée
4702 1414 23 36 à
4753 1415 35 35 la

3781 1455 248 45 liquidation
4068 1456 69 36 des
4177 1457 194 36 retraites
4412 1458 70 36 des
4523 1459 266 38 instituteurs

3778 1502 39 36 et
3861 1501 68 37 des
3977 1502 289 37 institutrices.
4313 1505 164 36 120.000
4523 1505 266 38 instituteurs

3780 1548 165 36 versent
3978 1550 24 35 8
4038 1549 293 44 millions-par
4367 1560 51 26 an
4453 1560 106 35 pour
4595 1552 89 36 leur
4720 1562 85 28 re-

3780 1594 135 36 traite.
3956 1594 108 37 Celle
4102 1596 104 35 ci-ci
4246 1596 90 36 doit
4372 1597 115 44 donc,
4528 1598 130 40 dit-il,
4701 1600 89 35 leur

3778 1640 87 36 être
3890 1641 196 36 accordée
4110 1641 69 36 dès
4204 1643 122 45 qu'ils
4349 1653 26 35 y
4398 1644 73 35 ont
4494 1644 121 36 droit.

3832 1688 47 34 M.
3909 1688 181 36 Maurice
4118 1688 136 36 Faure
4280 1689 159 39 répond
4466 1691 97 43 qu'il
4593 1691 96 35 s'est
4716 1702 72 26 en-

3779 1733 126 36 tendu
3930 1743 98 27 avec
4052 1744 75 26 son
4153 1735 184 44 collègue
4362 1736 68 36 des
4458 1737 201 36 Finances
4686 1748 104 32 pour

3778 1779 164 37 obtenir
3973 1781 37 36 le
4040 1781 134 36 crédit
4202 1781 357 46 supplémentaire
4590 1783 70 45 qui
4693 1794 96 34 per-

3781 1827 149 36 mettra
3960 1827 37 35 la
4026 1827 249 46 liquidation
4302 1828 49 37 de
4378 1838 66 27 ces
4474 1830 193 36 retraites
4696 1841 94 26 sans

3782 1873 148 37 retard.
3961 1872 62 38 Un
4051 1874 156 46 régime
4237 1884 189 28 nouveau
4453 1875 183 37 donnera
4663 1878 126 36 satis-

3781 1919 155 37 faction
3987 1929 52 27 au
4088 1922 219 39 personnel
4357 1921 49 38 de
4456 1922 337 43 l'enseignement

3782 1965 210 46 primaire.

3832 2013 48 35 M.
3911 2012 167 38 Strauss
4112 2013 218 47 interpelle
4359 2024 73 27 sur
4463 2016 57 36 les
4552 2026 186 28 mesures
4770 2018 23 37 à

3782 2059 175 41 prendre
3984 2069 106 31 pour
4118 2060 192 37 atténuer
4337 2062 57 36 les
4422 2063 121 37 effets
4571 2063 70 37 des
4671 2064 121 36 inon-

3780 2105 175 37 dations.

3782 2218 94 51 Les
3909 2218 231 50 troubles
4174 2218 260 53 habituels
4459 2231 93 40 ont
4577 2227 221 57 marqué

3848 2293 49 51 le
3922 2313 153 31 cours
4095 2294 72 51 du
4192 2295 301 63 professeur
4520 2298 207 50 Nicolas

3831 2427 146 37 C'était
4007 2428 104 43 hier,
4146 2429 23 36 à
4199 2431 149 40 quatre
4379 2430 162 41 heures,
4576 2432 36 35 le
4643 2432 148 36 serond

3781 2483 120 27 cours
3931 2474 250 38 d'amateurs
4214 2476 187 44 professé
4429 2477 23 35 à
4481 2478 39 35 la
4548 2478 170 38 Faculté
4745 2480 49 35 de

3781 2521 207 37 Médecine
4019 2531 75 34 par
4125 2523 48 34 M.
4207 2523 174 36 Nicolas.
4414 2524 165 36 Comme
4610 2535 51 26 au
4696 2536 95 33 pre-

3782 2568 114 42 mier,
3926 2568 57 36 les
4008 2569 93 42 cris,
4130 2570 55 35 les
4211 2570 152 36 sifflets
4389 2571 72 36 ont
4485 2571 116 36 salué
4628 2572 166 37 l'entrée

3780 2615 54 36 du
3862 2615 241 46 professeur
4128 2616 84 45 qui,
4242 2617 338 44 imperturbable,
4609 2628 23 25 a
4656 2619 135 36 conti-

3782 2661 79 36 nué
3891 2671 74 26 son
3995 2671 133 32 cours,
4160 2662 181 37 entendu
4370 2664 233 35 seulement
4633 2675 73 33 par
4737 2667 55 35 les

3782 2707 209 38 étudiants
4032 2709 70 35 des
4141 2710 202 44 premiers
4383 2720 135 36 rangs.
4556 2711 236 37 L'obstruc-

3781 2755 86 35 tion
3899 2755 97 37 s'est
4028 2755 103 37 donc
4163 2756 198 44 montrée,
4396 2766 159 27 comme
4588 2767 51 27 au
4673 2768 119 27 cours

3780 2802 47 36 de
3853 2801 175 47 l'agrégé
4053 2802 215 42 Rouvière,
4295 2803 292 36 relativement
4614 2804 177 46 impuis-

3782 2849 127 41 sante,
3935 2849 41 36 et
3998 2849 26 36 il
4049 2849 62 36 est
4133 2849 301 38 extrêmement
4457 2850 196 45 probable
4675 2852 119 44 qu'on

3783 2904 47 27 ne
3855 2904 92 34 serji
3976 2905 72 36 pas
4075 2895 146 47 obligé,
4250 2905 158 28 comme
4436 2897 77 37 l'an
4541 2897 175 44 dernier,
4745 2899 48 36 de

3784 2941 196 46 procéder
4008 2942 22 35 à
4058 2942 38 37 la
4124 2943 248 47 suspension
4399 2944 55 36 du
4481 2953 134 28 cours.

3786 3055 304 50 Dernières
4107 3056 312 48 Nouvelles
4444 3058 353 58 Mondaines,

3904 3131 344 63 Artistiques
4277 3131 45 49 &
4341 3132 341 51 Théâtrales

3823 3242 85 26 Mort
3937 3241 44 28 du
4008 3241 132 35 peintre
4169 3243 118 27 Exner.
4315 3258 34 7 —
4377 3244 41 28 Le
4446 3244 132 32 peintre
4606 3244 118 31 Exner,
4754 3250 43 22 un

3781 3277 58 27 des
3877 3277 94 29 chefs
4009 3277 39 27 de
4096 3277 117 29 l'école
4259 3278 138 28 danoise
4436 3280 283 31 contemporaine,
4746 3282 52 25 est

3787 3314 86 26 mort
3918 3313 18 26 à
3980 3312 232 35 Copenhague,
4258 3312 18 28 à
4320 3312 86 33 l'âge
4460 3314 40 27 de
4553 3316 246 31 quatre-vingt-

3787 3347 74 33 cinq
3884 3353 70 21 ans.

3825 3406 85 28 Mort
3938 3406 38 27 de
4004 3406 40 26 M.
4072 3406 160 29 Machaïn.
4260 3421 34 6 —
4321 3407 91 27 Nous
4439 3411 190 31 apprenons
4656 3407 32 28 la
4713 3411 87 27 mort

3798 3441 27 27 le
3860 3442 37 26 M.
3932 3441 145 27 Eusebio
4109 3441 163 33 flfachaïn,
4304 3442 130 31 envoyé
4467 3443 268 27 extraordinaire
4768 3446 30 25 et

3784 3476 150 27 :ninif'tre
3969 3476 294 32 plénipotentiaire
4298 3477 44 27 du
4378 3478 174 32 Paraguay
4586 3484 40 21 en
4663 3479 133 32 France,

3786 3511 124 27 décédé
3935 3511 72 27 hier
4032 3512 18 27 à
4076 3512 104 28 Paris.

3826 3546 38 26 M.
3889 3546 148 27 Machaïn
4060 3546 81 27 était
4163 3547 237 27 commandeur
4423 3548 39 27 de
4486 3547 31 28 la
4540 3547 121 33 Légion
4685 3549 115 27 d'hon-

3788 3587 92 25 neur,
3915 3581 134 27 officier
4082 3581 40 28 de
4156 3581 229 28 l'instruction
4418 3582 162 34 publique
4614 3585 33 26 et
4681 3584 122 27 décoré

3794 3616 26 27 le
3851 3616 123 27 l'ordre
4004 3616 176 28 d'Isabelle
4209 3617 31 28 la
4269 3617 204 31 Catholique.
4504 3618 23 26 Il
4558 3619 87 27 avait
4673 3619 125 32 épousé

3800 3650 55 28 tIle
3891 3651 138 32 Médina,
4064 3651 67 29 tille
4164 3652 44 29 du
4240 3652 153 28 ministre
4426 3653 294 32 plénipotentiaire
4754 3655 42 26 du

3787 3686 197 32 Nicaragua.

3824 3745 47 27 Un
3907 3746 106 33 grand
4048 3746 158 33 mariage.
4242 3761 34 5 —
4310 3746 88 32 Hier,
4435 3752 18 22 a
4486 3747 54 28 été
4574 3747 144 31 célébré,
4753 3754 40 22 en

3788 3780 127 33 l'église
3948 3781 40 27 de
4021 3781 31 27 la
4084 3781 195 32 Madeleine,
4312 3782 29 27 le
4375 3782 147 32 mariage
4554 3783 41 26 de
4628 3784 38 26 M.
4699 3783 100 27 Tibor

3791 3816 164 31 Kurauda,
3986 3816 141 28 docteur
4157 3822 40 21 en
4227 3817 99 32 droit,
4357 3817 52 28 fils
4439 3818 43 27 du
4514 3818 117 28 consul
4663 3819 135 32 général

3797 3851 27 26 le
3851 3852 115 27 Serbie
3992 3853 33 25 et
4049 3852 43 27 du
4121 3852 116 32 Brésil,
4261 3858 80 21 avec
4366 3852 75 28 Mlle
4468 3853 118 28 Berthë
4612 3854 40 27 de
4679 3855 114 32 Frays-

3785 3886 235 33 seix-Bonnin,
4044 3887 67 27 fille
4135 3888 42 26 du
4206 3888 158 31 marquis,
4388 3889 166 31 capitaine
4578 3889 40 27 de
4644 3890 151 27 vaisseau

3787 3927 39 21 pn
3849 3922 149 31 retraite,
4020 3923 131 26 officier
4171 3923 40 27 de
4232 3923 31 27 la
4285 3923 123 32 Légion
4430 3924 202 33 d'honneur,
4654 3927 33 25 et
4708 3925 41 28 de
4769 3926 30 27 la

3788 3957 179 32 marquise,
3995 3958 60 26 née
4083 3958 213 32 d'Hautpoui.

3827 3993 59 26 Les
3909 3992 146 28 témoins
4077 3994 44 26 du
4146 3994 104 26 marié
4273 3994 125 27 étaient
4422 3996 37 26 M.
4483 3995 173 32 Vesnitch,
4680 3997 115 27 minis-

3788 4031 48 24 tre
3857 4028 41 27 de
3920 4028 127 32 Serbie.,
4068 4031 33 24 et
4121 4029 29 27 le
4171 4030 149 31 marquis
4344 4031 139 26 Pescara
4503 4031 40 27 de
4566 4031 232 32 Castelluccio;

3797 4069 72 20 '('ux
3894 4064 39 26 de
3958 4064 30 26 la
4012 4064 124 27 mariée
4165 4073 6 18 :
4197 4065 29 26 le
4249 4068 108 24 comte
4381 4066 99 27 Louis
4505 4066 39 27 de
4570 4067 175 31 Fraysseix
4769 4070 33 25 et

3800 4104 15 21 e
3838 4101 107 24 comte
3969 4099 123 27 Robert
4114 4100 215 32 d'Hautpoul,
4352 4106 54 21 ses
4428 4102 149 26 cousins.

3827 4134 23 27 A
3877 4133 120 28 l'issue
4024 4135 39 27 de
4091 4134 31 29 la
4150 4135 202 33 cérémonie,
4382 4142 44 21 un
4455 4136 100 27 lunch
4584 4143 19 21 a
4629 4137 53 28 été
4710 4139 88 27 servi

3801 4170 71 26 lans
3894 4169 49 27 les
3966 4169 115 28 salons
4103 4170 40 28 de
4167 4170 29 27 la
4219 4171 126 31 galerie
4365 4172 60 27 des
4449 4172 309 34 Champs-Elysées.

3856 4288 278 80 TOPICS
4186 4288 100 82 OF
4338 4290 164 80 THE
4556 4292 180 80 DAY

3844 4452 78 36 The
3944 4453 107 36 Seine
4071 4455 129 41 to-day
4219 4454 29 35 is
4268 4456 176 41 expected
4464 4462 37 29 to
4522 4457 108 35 reach
4644 4469 20 23 a
4678 4458 121 42 height

3794 4500 35 33 1f
3852 4511 42 24 20
3917 4501 74 33 feet
4019 4511 31 23 n
4077 4501 135 40 inches,
4236 4502 106 34 while
4367 4503 60 34 for
4452 4501 133 45 Friday
4608 4516 42 22 or
4675 4504 125 36 Satur-

3792 4547 76 41 day,
3904 4547 198 42 according
4136 4555 38 27 to
4209 4549 59 33 the
4303 4549 249 41 hydrometric
4589 4549 157 42 Service,
4783 4563 19 22 a

3795 4594 142 34 further
3971 4594 71 34 rise
4076 4594 41 34 of
4152 4596 138 33 several
4328 4595 73 34 feet
4435 4607 82 30 may
4549 4596 42 34 be
4625 4598 174 41 expected

3804 4652 29 22 >n
3857 4647 152 28 account
4029 4640 42 35 of
4090 4641 60 34 ihe
4171 4641 148 34 swollen
4339 4642 186 35 condition
4546 4642 43 34 of
4607 4643 62 34 the
4688 4654 113 32 upper

3807 4687 204 35 ributaries.
4050 4685 79 37 The
4167 4687 174 35 situation
4379 4688 84 34 thus
4502 4689 167 34 becomes
4706 4690 95 34 alar-

3792 4733 107 42 ming.

3842 4804 57 34 An
3924 4808 153 38 attempt
4102 4815 74 24 was
4200 4803 106 35 made
4328 4809 40 29 to
4391 4804 121 35 wreck
4535 4804 62 35 the
4620 4805 177 35 midnisrlv

3793 4862 159 31 express,
3987 4851 161 34 between
4201 4851 173 34 Mazeran
4424 4851 71 34 and
4545 4852 258 40 Rambouillet,

3794 4896 160 42 Alonday
3986 4897 113 41 night.
4135 4896 64 36 Six
4234 4898 99 40 large
4363 4896 151 36 timbers
4547 4909 95 23 were
4674 4899 126 42 placed

3791 4954 123 24 across
3950 4944 61 34 the
4047 4943 95 34 rails.
4181 4943 151 42 Luckily
4365 4954 22 23 a
4421 4943 90 34 slow
4549 4944 138 42 freight
4721 4956 80 32 pre-

3792 4990 132 35 ceeded
3949 4990 60 36 the
4033 5001 151 30 express
4206 4989 45 41 by
4274 5001 21 25 a
4320 4989 73 35 few
4416 4989 159 36 minutes
4598 4991 71 33 and
4693 4991 110 34 knoc-

3792 5037 67 34 ked
3884 5037 60 35 the
3969 5036 226 37 obstruction
4223 5035 97 35 from
4345 5036 60 34 the
4430 5037 114 35 track.
4570 5034 78 37 The
4673 5037 130 41 engine

3793 5095 71 23 was
3888 5090 61 37 put
3975 5089 63 30 out
4061 5082 42 35 of
4127 5082 236 36 commission
4386 5083 47 41 by
4455 5082 61 36 the
4540 5083 177 36 collision.
4744 5083 59 34 No

3791 5142 68 23 one
3886 5141 74 23 was
3987 5129 95 35 hurt.

3845 5194 139 35 Bakers
4021 5192 194 36 assistants
4252 5204 63 24 are
4351 5192 235 42 threatening
4622 5198 38 29 to
4695 5193 106 34 make

3806 5241 135 34 rouble.
3971 5239 102 43 They
4100 5239 72 34 will
4201 5246 94 28 meet
4323 5246 228 28 to-niorrow.
4580 5237 103 44 They
4709 5238 91 35 wish

3790 5299 19 22 a
3840 5287 70 42 day
3942 5287 42 34 of
4016 5287 88 34 each
4138 5287 101 35 week
4271 5286 70 34 and
4374 5286 106 35 other
4511 5285 146 35 smaller
4688 5285 112 43 privi-

3792 5336 107 40 lèges,
3918 5334 71 34 and
4010 5334 122 34 unless
4151 5333 61 34 the
4231 5339 59 35 get
4310 5333 97 33 what
4426 5332 86 42 they
4530 5337 107 34 want,
4657 5331 144 35 declare

3809 5381 67 42 hev
3908 5380 71 34 will
4013 5378 86 36 hold
4133 5378 299 36 manifestations
4465 5377 34 34 in
4534 5377 103 35 front
4668 5377 42 35 of
4743 5378 61 34 the

3790 5426 181 36 obstinate
3997 5425 215 45 employers'
4239 5424 304 36 establishments.

3842 5491 101 42 King
3976 5491 108 34 Peter
4114 5489 42 35 of
4190 5488 128 36 Servia
4348 5487 30 36 is
4407 5487 177 43 expected
4616 5493 38 28 to
4682 5498 70 32 pay
4780 5498 22 24 a

3792 5538 81 35 visit
3897 5544 38 28 to
3959 5536 193 35 President
4176 5535 174 36 Fallières
4372 5535 112 33 about
4508 5534 95 34 Nov.
4624 5543 53 32 29.

3843 5600 79 36 The
3946 5601 99 43 ships
4068 5599 43 36 of
4135 5599 60 35 the
4219 5599 83 34 fleet
4326 5597 42 35 of
4392 5597 136 36 United
4556 5597 121 35 States
4700 5608 100 25 men-

3792 5648 136 34 of-war
3951 5658 62 25 are
4036 5646 175 42 expected
4235 5652 37 28 to
4294 5651 102 27 enter
4418 5644 61 35 the
4499 5650 102 36 ports
4622 5643 43 36 of
4688 5643 113 35 Cher-

3793 5706 122 31 bourg,
3943 5695 105 35 Brest
4076 5692 51 42 (in
4154 5690 167 41 France),
4349 5690 240 35 Portsmouth
4612 5688 72 36 and
4708 5688 92 36 Gra-

3794 5740 133 36 vesend
3953 5739 51 42 (in
4029 5737 185 43 England)
4240 5737 127 43 to-day
4391 5742 36 30 at
4450 5736 61 34 the
4534 5736 117 35 latest.

3846 5802 252 37 Ambassador
4129 5802 122 35 Bacon
4281 5811 92 32 gave
4402 5811 22 23 a
4453 5798 184 43 reception
4664 5803 139 37 yester-

3792 5852 69 40 day
3888 5857 35 28 at
3951 5850 60 34 the
4040 5849 43 35 U.
4112 5847 36 37 S.
4176 5847 182 40 Ambassy
4384 5845 120 36 which
4530 5855 74 24 was
4629 5843 172 36 attended

3792 5910 41 30 jy
3860 5908 22 23 a
3906 5906 201 25 numerous
4134 5893 71 36 and
4235 5892 230 36 fashionable
4493 5890 203 43 gathering.

3828 6028 170 78 Avis
4048 6044 64 60 et
4172 6022 596 78 Communications

3838 6178 116 40 Voici
3985 6177 65 45 qui
4081 6174 177 46 réjouira
4289 6172 55 38 les
4374 6172 219 43 chasseurs,
4624 6169 56 40 les
4711 6170 91 39 châ-

3790 6232 139 38 telains
3965 6236 39 31 et
4041 6229 53 38 les
4130 6226 186 38 touristes
4361 6236 8 24 :
4407 6222 118 48 grâce
4562 6221 23 37 à
4624 6222 178 43 Prunier,

3792 6284 62 44 qui
3891 6283 107 37 vient
4030 6281 48 37 de
4113 6278 185 38 résoudre
4332 6288 43 24 ce
4409 6275 79 37 très
4522 6274 162 39 difficile
4718 6285 105 35 pro--

3792 6337 133 42 blême,
3966 6334 150 37 chacun
4155 6341 146 36 pourra
4339 6326 217 40 désormais
4596 6332 207 43 emporter,

3794 6386 182 45 préparés
4002 6395 90 27 sous
4120 6394 74 26 une
4222 6381 126 38 forme
4377 6378 168 48 spéciale
4571 6378 65 47 qui
4663 6389 141 36 garan-

3794 6443 44 34 tit
3895 6439 85 38 leur
4035 6432 277 40 conservation
4382 6431 172 49 pendant
4622 6429 184 50 quelques

3788 6494 125 46 jours,
3940 6496 88 30 tous
4057 6487 55 36 les
4139 6485 179 48 poissons
4347 6482 98 38 frais
4473 6482 47 38 de
4548 6493 70 26 son
4646 6481 107 48 goût.

3846 6614 116 60 LA
4016 6594 734 76 TEMPÉRATURE

4219 6750 21 24 A
4267 6747 104 28 PARIS

3822 6805 188 31 Aujourd'hui.
4035 6817 32 6 —
4090 6802 191 28 Probabilité:
4306 6802 125 27 Quelques
4455 6804 103 20 averses
4581 6803 100 20 encore.
4708 6798 94 26 Temps

3790 6839 73 23 frais.

3826 6873 70 24 Hier.
3922 6884 32 6 —
3978 6872 80 23 Assez
4083 6871 83 23 doux;
4191 6867 131 28 pluvieux.

3826 6904 100 23 Vitesse
3950 6902 38 23 du
4012 6901 68 24 veut,
4107 6900 58 24 iutv
4188 6896 75 30 après
4288 6896 74 26 midi,
4390 6893 17 26 à
4431 6894 14 25 4
4469 6894 107 24 heures:
4601 6892 14 23 4
4639 6897 35 18 m,
4700 6891 32 23 05
4754 6896 49 21 par

3790 6932 118 24 seconde.

3824 6961 133 23 Direction
3980 6960 37 23 du
4038 6960 72 23 vcnt:
4132 6957 83 24 ouest.
4585 6969 12 3 --

3946 7738 150 28 ;BUREAU
4124 7735 161 26 CENTRAL
4310 7733 318 26 METEOROLOGIQUE

3827 7792 84 24 Mardi
3940 7792 25 23 15
3990 7789 144 26 novembre.
4159 7800 31 7 —
4212 7789 35 23 Le
4268 7790 88 21 centre
4378 7788 32 23 de
4433 7787 27 23 la
4481 7785 150 27 dépressIon
4655 7792 16 17 a
4693 7784 110 27 persIsté

3793 7828 44 17 sur
3862 7822 98 25 l'Allgll
3969 7822 79 23 terre,
4073 7820 21 22 il
4117 7825 15 21 y
4157 7824 16 18 a
4197 7824 33 17 eu
4255 7817 155 23 relèvement
4433 7821 32 18 en
4490 7815 116 25 Irlande,
4633 7816 26 22 et
4683 7815 117 24 abaisse-

3791 7853 71 22 ment
3888 7857 45 17 sur
3960 7851 36 21 Us
4023 7850 102 25 Açores.

3826 7881 67 22 Vent
3917 7885 92 16 encore
4032 7877 53 23 très
4108 7878 61 23 fClt,
4194 7876 33 23 de
4250 7876 103 24 l'ouest,
4378 7879 48 19 sur
4447 7874 27 22 la
4497 7873 114 24 Manche
4632 7874 27 22 et
4681 7873 11 22 1
4703 7873 95 24 Occan,

3790 7915 61 17 avec
3875 7914 53 17 nier
3950 7913 86 20 grosse
4061 7912 33 16 ou
4118 7905 52 23 très
4195 7905 132 22 tioulçtise.

3824 7938 91 21 Pluies
3945 7937 163 23 abondantes
4136 7940 46 17 sur
4210 7934 96 22 l'oti(,t
4334 7933 32 22 do
4394 7932 125 25 I'Furope
4552 7931 43 25 (48
4624 7931 67 24 m/ro
4720 7930 80 23 d'ean

3791 7967 15 22 à
3828 7968 63 21 Pau.
3915 7966 29 22 21
3967 7965 15 23 à
4004 7965 141 26 Boulogne.
4170 7963 28 23 1G
4219 7962 16 24 à
4258 7962 146 24 Bordeaux,
4427 7962 14 21 9
4461 7960 17 23 à
4498 7961 85 25 Brest.
4607 7960 13 23 1
4640 7959 17 24 à
4676 7959 78 23 Paris
4774 7960 26 21 et

3789 7995 16 26 à
3827 7996 851 26 Nancy)..

3824 8025 36 22 La
3889 8023 175 27 température
4093 8028 15 20 4
4136 8020 88 24 monté
4252 8021 68 22 dans
4348 8020 36 23 les
4414 8018 101 28 réglons
4543 8018 37 23 du
4609 8018 80 23 Nord.

3823 8053 38 24 tn
3883 8053 109 23 I*rance.
4016 8057 34 17 un
4072 8053 84 28 tepjps
4176 8049 65 24 frais
4261 8051 40 21 est
4320 8046 132 29 probable,
4475 8052 61 18 avec
4556 8052 109 17 ai7(rrEs.

3825 8094 39 22 (1)
3891 8091 221 24 BAROMETRE,
4133 8103 39 7 —
4192 8091 40 25 La
4255 8088 93 25 flèche
4367 8085 153 31 pointillée
4539 8087 119 27 indigue
4680 8086 28 24 la
4729 8086 68 24 hau-

3792 8123 64 21 teur
4008 8120 95 22 lr'o"f
4137 8117 16 24 à
4190 8118 65 22 virlt
4272 8123 6 6 -
4313 8117 28 26 la
4373 8115 98 31 f!èç/r,(¡
4503 8115 82 28 noire
4616 8115 119 28 indiquQ
4769 8115 28 25 ig

3789 8150 127 26 hauteur
3933 8146 215 31 barométriquo
4165 8145 19 27 à
4201 8145 118 26 minuit.

4999 467 64 39 LE
5088 470 157 37 LIVRE
5270 471 70 37 DE
5365 475 64 35 LA
5457 475 237 43 SEMAINE

4852 576 994 126 Marie-Claire

4929 755 102 46 par
5059 743 345 61 Marguerite
5430 749 332 53 AUDOUX

5059 743 345 61 Marguerite
5430 749 332 53 AUDOUX

4898 905 65 40 On
4992 907 64 40 dit
5083 920 84 40 que
5196 911 105 40 c'est
5328 925 59 27 un
5416 913 182 44 miracle
5621 931 8 27 :
5660 921 107 40 c'est
5793 935 57 28 au

4847 967 162 38 moins,
5026 971 58 28 un
5119 962 261 42 événement
5411 968 133 46 digne
5578 971 273 41 d'attention.

4850 1015 91 33 Une
4979 1013 248 41 couturière
5264 1016 121 40 vient
5421 1020 183 41 d'écrire
5641 1036 58 25 un
5738 1026 114 36 beau

4850 1060 120 39 iivre.
4995 1063 349 44 Aimeriez-vous
5371 1071 147 41 mieux
5545 1085 83 32 que
5653 1077 63 39 les
5744 1077 113 40 fem-

4850 1123 90 33 mes
4962 1115 53 38 de
5038 1116 148 40 lettres
5210 1119 158 40 fissent
5389 1122 52 39 de
5462 1124 146 37 bonne
5631 1132 182 34 couture
5835 1131 18 22 '*

4849 1164 282 51 Qu'importe,
5159 1170 36 39 si
5222 1171 41 39 le
5291 1171 110 41 livre
5431 1177 65 37 est
5523 1177 112 40 beau
5658 1179 9 37 !

4901 1216 31 39 Il
4958 1217 140 42 l'est..

4902 1267 56 40 Ce
4990 1269 122 49 livre,
5142 1272 323 52 Marie-Claire,
5496 1289 25 29 a
5552 1283 161 40 suscité
5744 1284 105 51 déjà

4845 1320 12 37 >!
4879 1320 332 43 enthousiasme
5245 1327 234 41 véhément
5510 1331 202 38 d'Octave
5746 1337 106 36 Mip-

4852 1371 125 47 beau,
5011 1374 75 48 qui
5134 1375 154 42 écrivit
5335 1391 113 33 pour
5494 1392 51 29 sa
5578 1386 273 41 publication

4852 1433 84 29 une
4969 1425 175 50 préface
5174 1429 99 48 plus
5301 1431 127 40 émue
5457 1443 158 31 encore
5646 1447 83 33 que
5758 1440 95 38 fou-

4853 1484 165 39 gueuse
5050 1478 42 39 et
5122 1478 30 39 il
5196 1482 205 41 convient
5444 1484 52 39 de
5541 1486 122 40 noter
5694 1490 155 39 qu'Oc-

4853 1527 95 38 lave
4976 1528 200 42 Mirbeau
5205 1534 177 46 semble,
5410 1547 55 29 en
5493 1537 115 43 effet,
5637 1541 123 38 avoir
5787 1543 67 37 été

4852 1578 87 38 très
5004 1581 296 51 simplement,
5363 1585 87 43 très
5516 1591 340 41 profondément

4851 1630 98 40 ému
4979 1643 83 40 par
5088 1633 188 41 l'auteur
5305 1648 86 29 non
5420 1640 144 40 moins
5594 1653 84 31 que
5707 1656 80 29 .par
5815 1646 39 38 le

4852 1683 121 48 iivre,
5010 1695 82 38 par
5129 1687 38 37 le
5200 1687 111 39 livre
5348 1700 87 30 non
5472 1692 144 40 moins
5654 1706 84 29 que
5775 1708 80 27 par

4852 1734 200 41 l'auteur-

4901 1787 219 50 L'auteur,
5143 1791 269 50 Marguerite
5432 1797 199 47 Audoux,
5655 1799 67 39 est
5743 1800 113 40 donc

4853 1850 84 27 une
4979 1842 252 40 couturière
5285 1845 197 47 toujours
5537 1851 188 47 malade,
5769 1852 87 39 très

4855 1901 176 39 pauvre,
5075 1905 191 38 presque
5310 1897 247 42 misérable.
5602 1903 90 40 ElJe
5736 1904 133 39 souf-

4854 1941 102 41 l'rait
4978 1947 76 37 des
5078 1957 116 35 yeux
5219 1959 7 26 :
5253 1947 29 39 il
5306 1949 63 38 lui
5394 1949 65 40 fut
5483 1951 180 41 interdit
5686 1955 52 37 de
5762 1956 96 39 lire,

4854 1993 180 42 interdit
5066 1998 53 39 de
5151 1999 230 41 travailler
5410 2025 52 5 —
5495 2002 180 42 interdit
5707 2007 52 39 de
5792 2008 87 40 vi--

4854 2057 85 27 vre.
4966 2048 61 38 Ne
5052 2052 197 46 pouvant
5274 2053 100 48 plus
5402 2053 241 48 travailler,
5668 2068 54 29 ne
5748 2070 109 31 pou-

4855 2099 104 38 vant
4984 2100 100 48 plus
5111 2102 94 47 lire,
5230 2104 82 39 elle
5337 2104 169 40 écrivit.

4907 2150 41 39 E,I
4959 2151 37 38 le
5024 2153 218 40 charmait
5269 2167 49 28 sa
5345 2158 296 40 douloureuse
5669 2162 188 40 solitude

4853 2211 54 29 en
4932 2202 211 41 écrivant.
5170 2206 90 38 Elle
5285 2219 53 28 ne
5363 2210 213 45 comptait
5601 2212 124 44 point
5750 2219 107 30 met-

4857 2254 62 38 tre
4955 2254 43 40 la
5034 2255 116 40 foule
5185 2258 111 39 dans
5330 2261 44 38 la
5407 2263 259 39 confidence
5700 2265 52 37 de
5788 2273 69 32 ses

4857 2306 185 47 pensées
5080 2309 42 37 et
5158 2309 53 38 de
5247 2320 69 29 ses
5354 2314 277 39 sentiments.
5670 2315 112 39 Mais
5821 2318 38 38 le

4854 2358 145 39 destin
5035 2359 121 39 avait
5190 2363 181 48 marqué
5420 2365 51 38 de
5517 2367 120 41 toute
5673 2367 187 40 éternité

4853 2409 272 47 Marguerite
5151 2412 186 40 Audoux
5363 2426 111 37 pour
5500 2414 111 44 être.
5631 2430 56 28 au
5715 2420 144 44 moins

4856 2463 198 47 pendant
5083 2465 211 45 quelques
5323 2467 111 37 mois
5464 2469 51 37 de
5544 2469 173 40 l'année
5749 2472 112 43 1910,

4856 2525 56 28 un
4941 2513 198 42 écrivain
5168 2516 183 40 célèbre.
5379 2519 269 50 Marguerite
5673 2523 189 40 Audoux

4854 2567 168 38 connut
5069 2578 58 28 un
5175 2579 83 37 peu
5307 2580 81 38 par
5437 2571 162 40 hasard
5629 2569 42 46 Je
5705 2575 155 39 tendre

4854 2619 41 36 et.
4922 2618 326 50 mélancolique
5276 2621 338 41 Charles-Louis
5644 2625 218 47 Philippe.

4858 2670 87 39 Elle
4981 2672 168 37 connut
5182 2671 40 39 le
5257 2673 224 48 généreux
5516 2675 182 40 Francis
5730 2678 132 38 Jour-

4855 2722 117 39 dain.
5007 2723 91 38 Elle
5134 2725 167 38 connut
5334 2724 160 40 Octave
5528 2727 213 40 Mirbeau.
5774 2729 88 39 Au-

4853 2773 238 49 jourd'hui,
5130 2786 110 28 nous
5279 2777 295 40 connaissons
5613 2780 96 38 tous
5746 2779 117 42 Mar-

4855 2827 171 45 guerite
5051 2827 190 40 Audoux
5265 2828 7 37 !

4906 2878 205 40 Tâchons
5145 2880 52 39 de
5229 2891 55 29 ne
5316 2892 81 36 pas
5429 2881 214 49 l'oublier,
5674 2893 77 30 car
5780 2884 83 41 elle

4856 2940 25 27 a
4911 2929 109 40 écrit
5051 2943 59 28 un
5144 2932 110 39 livre
5286 2932 187 40 sincère.

4909 2980 112 40 C'est
5051 2983 215 40 l'histoire
5299 2985 132 39 d'une
5465 2986 133 47 petite
5631 2998 232 37 paysanne

4856 3033 308 49 abandonnée,
5193 3037 74 50 qui
5300 3038 67 38 est
5398 3038 225 39 recueillie
5654 3050 81 38 par
5761 3039 103 40 J'or-

4859 3086 211 47 phelinat.
5097 3087 89 38 Elle
5213 3100 27 36 y
5266 3089 125 39 coule
5417 3090 53 38 de
5496 3089 261 40 délicieuses
5785 3102 80 29 an-

4862 3137 102 40 nées
4992 3138 248 48 d'enfance,
5267 3140 101 48 près
5397 3141 52 38 de
5477 3141 43 39 la
5548 3141 127 40 Sœur
5701 3142 162 41 Marie-

4857 3189 162 40 Aimée.
5045 3191 89 39 Elle
5158 3203 26 27 a
5206 3193 136 40 douze
5366 3204 96 30 ans.
5486 3194 32 38 Il
5544 3195 67 39 est
5635 3194 233 50 inclispen-

4858 3242 123 38 sable
5009 3243 157 49 qu'elle
5195 3245 125 50 parte
5349 3256 113 40 pour
5489 3246 143 38 servir
5660 3247 112 39 dans
5798 3248 68 41 les

4861 3294 172 40 fermes.
5070 3295 88 41 Elle
5193 3307 101 28 sera
5327 3297 197 48 bergère,
5558 3298 42 38 et
5634 3296 112 42 voici
5782 3308 85 40 que

4856 3357 48 29 sa
4933 3346 134 50 jeune
5096 3347 97 39 âme
5221 3347 171 41 s'ouvre
5420 3361 87 28 aux
5534 3350 182 39 beautés
5744 3350 52 39 de
5825 3351 42 38 la

4862 3399 169 40 nature.
5062 3399 172 41 Autour
5266 3400 140 47 d'elle,
5439 3401 62 39 les
5537 3403 330 48 paysans-sont-

4859 3451 51 39 de
4933 3451 158 39 braves
5113 3462 124 38 gens.
5259 3452 308 39 Marie-Claire
5590 3464 26 28 fi
5637 3454 230 38 confiance

4856 3504 115 40 dans
5006 3504 63 38 les
5104 3504 115 38 êtres
5255 3514 167 30 comme
5456 3504 112 39 dans
5602 3505 63 39 les
5699 3505 168 40 choses.

4861 3555 116 46 Puis,
5015 3555 64 38 les
5119 3555 203 39 fermiers
5362 3556 101 38 sont
5502 3556 246 49 remplacés
5788 3567 73 41 pai

4860 3607 207 48 d'autres,
5124 3607 282 39 indifférents
5453 3608 43 39 et
5541 3618 110 29 secs.
5709 3608 159 39 Marie-

4859 3659 143 40 Claire
5033 3670 46 28 se
5110 3659 141 49 replie
5282 3670 78 29 sur
5388 3659 262 40 elle-même.
5684 3660 89 38 Elle
5803 3658 65 42 est

4858 3711 141 39 aimée
5016 3711 314 39 délicatement
5351 3721 81 39 par
5453 3723 57 27 un
5530 3711 133 49 jeune
5685 3712 182 39 homme.

4858 3763 62 40 On
4958 3764 43 39 la
5035 3763 172 47 chasse,
5243 3763 217 49 coupable
5496 3763 167 39 d'avoir
5699 3762 163 50 inspirt'

4859 3816 67 38 cet
4947 3826 157 28 amour
5127 3815 223 39 innocent.
5376 3815 89 39 Elle
5491 3816 207 38 retourne
5722 3814 25 39 à
5769 3815 94 39 l'or-

4861 3868 211 49 phelinat,
5101 3867 55 39 où
5186 3868 84 39 elle
5300 3867 73 47 vit,
5403 3868 189 45 dolente,
5622 3878 132 39 parce
5783 3877 83 41 que

4861 3921 43 38 la
4934 3920 129 40 Sœur
5092 3919 335 47 Marie-Aimée,
5458 3918 91 40 s'en
5579 3919 66 38 est
5675 3918 122 40 allée.
5828 3918 37 42 A

4864 3973 122 47 vingt
5019 3972 41 39 et
5094 3983 60 27 un
5190 3982 95 36 ans,
5318 3972 83 38 êlle
5436 3971 65 38 est
5534 3970 245 39 contrainte
5813 3971 51 38 de

4861 4025 160 50 quitter
5042 4024 283 49 l'orphelinat
5345 4034 111 39 pour
5476 4023 213 50 toujours.
5711 4023 60 38 La
5791 4034 73 27 su-

4864 4077 199 50 périeure
5095 4077 76 38 des
5203 4076 260 50 religieuses
5495 4076 60 39 lui
5590 4076 137 39 remet
5759 4087 99 38 qua-

4864 4131 122 39 rante
5013 4130 165 39 francs.
5203 4129 310 39 Marie-Claire
5537 4128 119 40 vient
5679 4128 25 39 à
5727 4128 134 40 Paris.
5890 4174 16 9 '

4863 4183 65 39 Où
4954 4183 287 39 voulez-vous
5268 4181 157 51 qu'elle
5452 4181 102 39 aille
5578 4181 9 39 !

5126 4268 108 43 Une
5266 4267 143 41 belle
5444 4277 180 31 œuvre

4916 4364 52 39 Et
4989 4363 118 42 voilà
5130 4364 39 38 le
5192 4362 121 49 livre,
5335 4362 93 39 tout
5450 4362 151 40 entier.
5624 4362 37 39 11
5683 4362 68 38 est
5770 4361 95 42 tou-

4864 4417 134 39 chant
5022 4417 100 48 plus
5149 4427 82 39 que
5255 4416 45 48 je
5325 4427 54 27 ne
5404 4415 174 38 saurais
5605 4415 106 47 dire,
5735 4424 133 39 parce

4865 4470 104 51 qu'il
5000 4469 111 39 n'est
5139 4480 82 39 que
5251 4469 51 39 de
5330 4468 45 39 la
5402 4468 135 38 vérité
5566 4468 42 39 et
5635 4467 53 48 de
5716 4467 44 38 lt,
5787 4466 68 40 vie

4862 4522 270 50 Marguerite
5160 4522 188 39 Audoux
5378 4520 211 51 rapporte
5618 4531 70 28 ses
5717 4529 148 35 souve-

4866 4575 89 38 nirs
4988 4575 250 38 seulement
5261 4584 8 35 ;
5304 4573 83 39 elle
5420 4572 71 50 n'y
5524 4572 147 49 ajoute
5703 4572 93 38 rien
5827 4572 38 39 et

4863 4638 69 28 ses
4964 4626 233 39 souvenirs
5228 4626 101 39 sont
5358 4625 135 47 naïfs,
5524 4634 188 40 presque
5744 4623 123 50 ingé-

4866 4691 97 36 nus,
4984 4679 115 40 mais
5120 4679 84 39 elle
5224 4679 64 38 les
5309 4680 177 37 raconte
5508 4687 103 29 avec
5635 4687 56 28 un
5714 4677 66 38 art
5800 4676 67 38 in-

4863 4732 287 50 comparable
5207 4731 74 51 qui
5337 4729 246 40 étonnerait
5638 4729 224 50 beaucoup

4864 4785 216 39 d'habiles
5121 4783 234 46 écrivains,
5395 4783 39 39 et
5476 4781 73 51 qui
5590 4780 184 50 stupéfie
5814 4780 51 39 de

4864 4839 109 38 cette
4999 4837 131 50 petite
5154 4835 257 47 couturière,
5435 4834 139 39 tantôt
5599 4833 169 39 faisant
5791 4833 80 41 des.

4863 4890 209 49 journées
5106 4888 281 51 bouigeoises
5420 4897 111 38 pour
5562 4896 169 39 gagner
5760 4885 104 41 trois

4868 4943 161 41 francs,
5058 4941 138 39 tantôt
5224 4939 257 40 travaillant
5509 4939 105 38 chez
5643 4938 83 41 elle
5755 4938 111 38 dans

4867 5006 84 28 une
4975 4992 212 42 chambre
5212 4992 38 39 si
5277 4992 158 49 exiguë
5461 4991 105 50 qu'il
5595 4990 97 40 faut
5717 4990 151 53 dépla-

4864 5058 71 28 cer
4959 5048 38 38 le
5023 5045 278 51 mannequin
5328 5055 112 39 pour
5464 5043 217 40 atteindre
5705 5044 45 38 la
5774 5054 86 31 ma-

4863 5099 130 41 chine
5019 5099 24 41 à
5066 5098 174 39 coudre.
5266 5098 56 38 Le
5346 5096 317 41 croiriez-vous
5688 5095 8 39 !
5724 5105 55 30 on
5805 5095 66 39 est

4863 5162 189 40 presque
5083 5151 174 39 enclins
5291 5150 25 38 à
5345 5150 177 39 trouver
5552 5148 170 50 parfois
5754 5148 112 38 dans

4863 5205 67 39 cet
4952 5205 66 39 art
5041 5203 336 50 incomparable
5398 5202 97 49 trop
5517 5201 52 39 de
5592 5200 240 40 littérature
5855 5208 8 28 :

4913 5276 30 36 Il
4978 5284 102 27 nous
5113 5274 140 36 arriva
5283 5282 56 27 un
5368 5272 97 45 jour
5495 5271 49 37 de
5575 5279 101 27 nous
5708 5268 153 37 arrêter

4864 5323 92 40 près
4985 5322 95 37 d'un
5112 5322 199 36 immense
5340 5319 149 40 champ
5519 5318 49 36 de
5597 5317 64 36 blé
5689 5316 99 37 dont
5815 5325 51 27 on

4863 5378 47 27 ne
4934 5369 142 39 voyait
5100 5376 72 33 pas
5198 5367 37 35 la
5262 5367 65 34 tin.
5352 5366 79 35 Des
5457 5364 173 37 milliers
5655 5362 49 37 de
5729 5362 133 43 papil-

4863 5417 85 35 ions
4972 5415 138 37 blancs
5134 5412 269 44 voltigeaient
5425 5410 223 37 au-dessus
5672 5408 70 37 des
5766 5408 88 46 épis

4866 5463 121 36 Henri
5013 5460 163 37 Derlois
5202 5469 49 27 ne
5277 5457 151 45 parlait
5454 5466 81 34 pas,
5561 5457 41 35 et
5626 5456 82 35 moi
5731 5455 42 45 je
5798 5463 68 27 re-

4861 5508 164 40 gardais
5055 5508 55 35 les
5139 5506 87 42 épis
5254 5505 70 43 qui
5352 5514 44 26 se
5423 5501 210 47 ployaient
5659 5501 42 37 et
5725 5511 44 26 se
5798 5510 67 26 re-

4862 5554 230 38 dressaient
5127 5561 159 28 comme
5321 5551 84 35 s'ils
5442 5548 213 37 voulaient
5692 5547 175 45 prendre

4863 5603 88 37 leur
4974 5602 92 35 élan
5090 5608 105 34 pour
5219 5598 98 35 fuir.
5343 5597 60 35 On
5426 5596 70 36 eùt
5520 5595 62 36 dit
5604 5604 79 36 que
5708 5595 57 36 les
5790 5603 74 36 pa-

4864 5649 148 39 pillons
5042 5647 89 35 leur
5158 5643 265 43 apportaient
5450 5642 70 36 des
5548 5642 100 36 ailes
5678 5650 104 36 pour
5811 5641 54 35 les

4861 5694 115 36 aider
4995 5703 9 27 ;
5033 5692 103 36 mais
5166 5692 55 35 les
5249 5690 88 40 épis
5365 5689 166 36 avaient
5557 5688 104 36 beau
5688 5687 174 43 s'agiter,

4864 5741 47 36 ils
4944 5749 49 27 ne
5026 5737 271 47 parvenaient
5329 5742 72 39 pas
5433 5735 23 36 à
5487 5735 157 47 quitter
5676 5734 37 36 la
5745 5733 122 38 terre.

4910 5787 49 35 Je
4994 5787 35 35 le
5063 5785 62 36 dis
5160 5784 24 36 à
5218 5784 125 36 Henri
5379 5782 173 41 Derlois,
5589 5780 69 47 qui
5695 5780 170 47 regarda

4862 5833 228 42 longtemps
5120 5832 36 37 le
5182 5831 95 41 blé;
5306 5829 105 43 puis,
5440 5837 157 27 comme
5624 5827 61 36 s'il
5715 5826 150 46 parlait

4862 5889 104 37 pour
4996 5879 231 41 lui-même,
5259 5877 28 35 il
5316 5876 71 42 dit,
5417 5884 51 27 en
5496 5873 184 37 traînant
5707 5882 72 27 sur
5809 5873 58 36 les

4861 5927 104 36 mots
4988 5935 9 27 :

4914 5973 30 37 Il
4974 5983 51 26 en
5053 5970 62 38 est
5142 5969 49 38 de
5219 5969 132 37 même
5380 5976 105 36 pour
5515 5964 192 40 l'homme
5727 5975 8 33 ;
5764 5973 100 38 par-

4863 6021 91 37 fois,
4985 6028 82 25 une
5095 6018 129 35 douce
5253 6015 192 37 créature
5473 6014 116 36 vient
5617 6013 23 35 à
5670 6012 56 36 lui
5749 6021 9 25 :
5788 6011 73 37 elle

4861 6067 62 35 est
4956 6064 224 38 semblable
5214 6072 80 27 aux
5331 6061 205 43 papillons
5570 6060 139 36 blancs
5744 6057 48 36 de
5828 6057 35 35 la

4862 6113 148 37 plaine,
5043 6111 25 35 il
5098 6120 50 27 ne
5174 6109 82 36 sait
5280 6108 35 38 si
5344 6103 78 40 elle
5450 6106 137 36 monte
5615 6114 47 28 ae
5691 6105 36 35 la
5755 6104 111 36 terre.

4860 6170 52 25 ou
4933 6159 35 35 si
4993 6158 77 36 elle
5091 6155 174 39 descend
5287 6154 89 36 d'en
5398 6152 111 42 haut,
5536 6152 26 35 il
5586 6150 90 36 sent
5698 6149 159 46 qu'avec

4861 6206 76 36 elle
4966 6205 25 37 il
5022 6202 190 39 pourrait
5237 6201 117 35 vivre
5381 6200 53 36 du
5460 6197 97 36 vent
5582 6196 68 46 qui
5680 6204 118 37 passe
5824 6194 40 37 et

4860 6252 53 36 du
4939 6251 94 37 miel
5061 6250 68 35 des
5156 6249 137 35 fleurs.
5320 6245 111 41 Mais,
5459 6243 128 45 pareil
5613 6243 24 35 à
5663 6242 37 34 la
5726 6241 134 36 racine

4861 6298 69 37 qui
4959 6296 152 37 retient
5138 6295 92 38 l'épi
5257 6293 23 36 à
5306 6293 36 35 la
5369 6292 118 39 terre,
5516 6298 55 27 un
5599 6288 80 37 lien
5705 6287 158 46 mysté-

4862 6345 118 36 vieux
5013 6342 191 36 l'attache
5235 6339 24 37 à
5290 6348 73 26 son
5394 6335 152 42 devoir,
5580 6334 71 47 qui
5685 6334 63 36 est
5779 6334 83 36 fort

4859 6398 158 29 comme
5042 6390 38 34 la
5105 6388 122 35 terre.

4915 6455 34 39 Il
4972 6465 28 32 y
5021 6464 26 27 a
5068 6452 111 39 dans
5202 6449 109 38 cette
5332 6445 148 50 poésie
5502 6445 53 39 de
5577 6445 45 39 la
5643 6444 222 51 grandeur

4863 6507 41 39 et
4962 6506 52 38 de
5067 6504 45 38 la
5170 6499 245 50 préciosité.
5450 6497 314 50 L'inspiration
5799 6495 65 39 est

4864 6569 132 29 grave
5027 6557 41 36 et
5100 6555 130 38 noble
5261 6563 55 27 en
5349 6562 51 28 sa
5430 6551 210 38 candeur.
5672 6547 114 40 Mais
5819 6548 45 37 la

4866 6621 109 32 page
4994 6608 66 39 est
5077 6606 131 39 écrite
5227 6613 105 30 avec
5352 6614 87 28 une
5460 6600 269 47 application
5750 6596 112 42 d'ar-

4864 6663 96 39 tiste
5039 6656 410 50 prodigieusement
5526 6651 301 50 expérimenté
5851 6651 9 38 !

4865 6716 213 42 Etranges
5122 6709 246 40 contrastes
5393 6709 7 38 !
5460 6704 268 49 Marguerite
5772 6704 91 39 Au-

4862 6768 115 41 doux
4998 6764 65 39 est
5084 6759 182 49 femme,
5286 6762 42 38 et
5347 6761 95 38 cela
5461 6757 126 40 suffit
5606 6767 107 29 sans
5735 6756 126 39 doute

4863 6819 23 39 à.
4910 6817 89 40 tout
5019 6814 245 49 expliquer,
5286 6812 115 41 mais
5423 6811 82 38 elle
5528 6819 26 29 a
5576 6820 58 28 un
5659 6808 206 51 puissant

4864 6869 181 41 instinct
5079 6866 222 45 littéraire,
5337 6874 58 29 un
5431 6863 86 38 don
5555 6861 186 41 naturel,
5778 6870 83 32 une

4861 6922 112 39 sorte
5010 6920 52 38 de
5097 6919 129 49 génie
5261 6916 74 52 qui
5372 6914 82 38 fait
5486 6913 293 49 comprendre
5813 6920 45 29 ce

4861 6984 83 39 que
4970 6972 87 40 l'on
5085 6982 55 30 ne
5166 6967 198 54 pourrait
5388 6977 80 39 pas
5494 6966 268 51 expliquer...

4912 7026 67 37 On
5015 7024 63 39 dit
5111 7034 82 34 que
5227 7018 270 42 l'Académie
5532 7019 75 37 des
5643 7017 219 39 Goncourt

4860 7078 176 39 réserve
5070 7087 25 27 à
5128 7072 270 47 Marguerite
5430 7071 187 40 Audoux
5651 7078 77 29 son
5765 7066 102 49 prix

4862 7130 179 39 annuel.
5080 7125 115 42 Tant
5234 7122 182 41 mieux!
5461 7117 283 44 L'Académie
5785 7117 75 41 des

4863 7179 222 41 Concourt
5145 7177 66 40 est
5245 7176 40 38 le
5320 7175 95 38 seul
5452 7181 164 41 groupe
5653 7168 211 40 littéraux

4862 7232 179 42 qualifié
5075 7239 111 36 pour
5222 7242 19 21 «
5278 7234 247 32 couronner
5553 7237 25 23 .»
5615 7231 106 29 sans
5756 7230 106 28 t'lOI.

4862 7286 97 40 cule
4997 7294 58 28 un
5106 7280 196 41 écrivain
5365 7285 172 31 comme
5587 7273 186 38 l'auteur
5809 7274 53 38 de

4862 7334 322 44 Marie-Claire,
5222 7332 42 39 et
5299 7330 82 40 elle
5418 7326 90 39 doit
5543 7324 244 50 compléter
5823 7326 38 36 le

4862 7389 118 39 geste
5013 7385 205 38 d'Octave
5250 7381 212 40 Mirbeau.
5494 7376 130 47 Mais,
5656 7387 85 30 une
5775 7376 84 40 fois

4861 7437 263 46 couronnée,
5155 7429 324 52 récompensée,
5510 7429 251 46 consacrée,
5790 7426 68 39 cé-

4864 7492 129 42 lèbre,
5026 7500 83 34 que
5140 7482 266 52 Marguerite
5437 7481 189 39 Audoux
5658 7484 200 36 retourne

4862 7540 264 42 doucement
5145 7539 25 38 à
5189 7547 79 28 son
5290 7532 220 41 obscurité
5534 7533 8 39 !
5570 7533 91 40 Elle
5683 7543 52 28 ne
5755 7540 103 28 COIl-

4862 7596 174 38 tinuera
5090 7602 54 27 ou
5200 7598 54 28 ne
5310 7594 361 30 recommencera
5697 7580 161 41 Marie-

4861 7646 143 36 Claire
5036 7653 83 35 que
5150 7640 37 38 si
5221 7639 82 38 elle
5335 7636 109 39 écrit
5475 7647 158 29 encore
5664 7636 109 37 dans
5807 7643 50 27 sa

4857 7696 210 41 chambre
5116 7692 53 39 de
5217 7688 263 48 couturière,
5530 7689 102 48 près
5679 7686 52 38 de
5779 7695 83 28 sou

4860 7744 273 51 mannequin
5155 7742 41 39 et
5217 7742 53 38 de
5291 7751 51 28 sa
5364 7741 205 39 machine
5592 7740 25 38 à
5637 7736 174 41 coudre.

5361 7804 33 36 J.
5417 7799 348 41 Ernest-Charles.

4880 7918 302 51 Dernières
5211 7915 308 49 Nouvelles
5552 7912 287 61 Sportives

4896 8028 42 27 Le
4959 8026 90 29 bilan
5071 8026 44 27 du
5135 8024 146 31 meeting
5303 8024 39 27 de
5365 8022 187 29 Baltimore.
5573 8035 33 6 —
5628 8020 88 28 C'est
5736 8025 59 27 par
5816 8022 41 22 un

4855 8062 113 26 déficit
4989 8061 38 28 de
5050 8060 114 29 200,000
5187 8059 111 28 francs
5319 8064 64 26 que
5405 8063 35 23 se
5462 8056 91 28 solde
5576 8054 29 30 le
5629 8055 90 28 bilan
5741 8055 43 25 du
5805 8056 50 22 ré-

4855 8099 76 28 cent
4960 8095 155 33 meeting-.
5146 8094 132 29 Latliam
5306 8094 33 26 et
5369 8093 40 27 de
5437 8092 152 31 Lesseps,
5619 8090 69 29 fort
5714 8089 142 27 heureu-

4855 8133 139 30 sement.
5018 8130 77 30 n'en
5119 8128 147 35 pâtiront
5289 8132 74 29 jpaa.
