6314 8632
836 604 544 156 Notre
1504 604 1064 184 Programme

665 959 38 24 "
727 951 302 52 Excelsior
1050 951 28 16 "
1104 964 71 33 ne
1198 949 133 47 veut
1349 962 106 49 pas
1477 949 118 45 être
1624 958 70 36 un
1714 962 255 33 nouveau
1986 947 250 62 journal,
2262 963 149 35 mais
2432 964 70 34 un
2519 950 236 61 journal

766 1048 272 35 nouveau.
1070 1059 47 9 --
1141 1031 57 48 Il
1219 1045 69 33 ne
1316 1029 223 64 copiera
1556 1043 303 49 personne.
1891 1056 47 8 --
1974 1028 57 48 Il
2054 1030 269 48 demande
2355 1046 70 33 au
2447 1031 200 62 public

873 1130 70 34 un
962 1129 112 49 peu
1102 1114 65 47 de
1198 1112 254 64 patience
1486 1112 56 46 et
1571 1110 385 63 d'indulgence
1991 1113 174 46 avant
2200 1113 172 47 d'être
2399 1112 142 63 jugé

978 1195 454 50 définitivement.
1476 1220 47 8 --
1574 1191 57 48 Il
1667 1192 324 48 s'efforcera
2030 1193 65 47 de
2144 1193 291 49 satisfaire

1116 1292 94 33 ses
1254 1276 246 48 lecteurs
1539 1274 212 62 chaque
1785 1274 136 62 jour
1957 1275 332 62 davantage.

716 1520 246 40 EXCELSIOR
992 1519 89 39 doit
1110 1520 25 38 à
1163 1531 69 27 ses
1264 1519 186 38 lecteurs
1482 1529 57 26 un
1571 1527 99 39 pro-

663 1585 201 38 gramme
886 1574 154 48 rapide
1062 1573 40 38 el
1123 1573 85 46 net,
1229 1573 40 37 le
1290 1572 114 37 voici
1434 1582 7 26 :

713 1626 65 38 En
816 1625 151 39 créant
1000 1625 261 46 EXCELSIOR,
1296 1634 112 26 nous
1445 1631 137 29 avons
1618 1632 54 27 eu

663 1679 36 37 le
728 1678 191 47 dessein,
948 1688 86 26 non
1067 1687 80 38 pas
1177 1676 51 38 de
1257 1675 115 38 faire
1402 1685 59 27 un
1490 1673 181 49 journal

664 1731 51 37 de
748 1729 101 49 plus
880 1752 53 4 —
964 1740 111 26 ceux
1109 1728 73 49 qui
1216 1726 191 39 existent
1439 1726 100 37 sont
1570 1736 102 37 par-

664 1782 105 38 faits
804 1792 53 27 en
893 1781 95 38 leur
1022 1791 134 38 genre
1188 1802 52 4 —
1272 1778 115 39 mais
1423 1777 249 50 d'apporter

663 1846 58 27 LUI
752 1834 182 49 journal
964 1832 224 38 vraiment
1217 1840 217 29 nouveau.

715 1887 246 37 EXCELSIOR
994 1884 286 38 n'accordera
1310 1883 163 48 qu'une
1506 1882 165 47 impor-

665 1940 124 36 tance
816 1937 259 39 secondaire
1103 1936 25 38 il
1153 1937 44 37 la
1223 1934 228 50 politique,
1477 1934 107 37 dont
1607 1933 64 37 les

664 1991 302 38 controverses
991 1989 40 38 et
1053 1989 64 37 les
1142 1987 279 49 polémiques
1448 1985 99 38 sont
1571 1995 101 27 sou-

665 2042 98 38 vent
790 2040 279 47 excédantes,
1098 2040 40 38 et
1166 2039 106 38 dont
1298 2039 63 37 les
1392 2037 152 38 débats
1575 2037 98 37 sont

662 2094 170 48 parfois
859 2092 285 39 inutilement
1169 2090 218 44 irritants;
1418 2090 28 37 il
1473 2089 53 37 do
1535 2099 54 27 un
1599 2098 75 28 ara

663 2156 105 28 avec
800 2156 86 27 une
919 2142 288 50 impartialité
1239 2142 259 48 rigoureuse
1531 2140 140 38 toutes

659 2200 64 37 les
748 2197 318 39 informations
1090 2195 281 40 nécessaires
1390 2203 75 28 sur
1488 2193 62 37 les
1574 2192 97 47 évé-

662 2250 205 38 nements
908 2249 39 37 et
989 2258 75 28 sur
1104 2248 63 37 les
1209 2247 217 38 hommes.
1467 2245 110 38 Rien
1620 2244 52 38 de

665 2303 36 51 pl
712 2311 63 31 us.

709 2352 31 39 Il
792 2352 180 39 réduira
1023 2350 24 39 à
1096 2352 76 37 des
1224 2349 285 50 proportions
1561 2359 116 27 som-

663 2406 162 38 maires
868 2406 39 37 le
948 2404 173 49 compte
1162 2403 143 38 rendu
1347 2403 76 37 des
1465 2401 103 38 faits
1612 2400 65 38 di-

664 2469 95 27 vers
817 2457 234 48 sanglants
1109 2466 53 27 ou
1222 2454 287 39 scandaleux,
1568 2452 106 38 dont

661 2510 215 38 l'horreur
921 2509 39 38 et
1002 2509 45 38 la
1091 2506 242 50 vulgarité
1357 2505 99 38 sont
1501 2504 32 38 si
1583 2503 89 38 fré-

662 2560 261 50 quemment
953 2559 250 39 blessantes
1236 2568 112 39 pour
1380 2557 63 38 les
1478 2566 108 40 gens
1620 2555 52 39 de

662 2614 114 48 goût.

712 2665 127 46 Mais,
895 2675 54 27 en
1005 2663 236 46 revanche,
1298 2672 111 28 nous
1465 2661 210 38 suivrons

663 2727 102 28 avec
799 2727 87 28 une
917 2715 290 49 impartialité
1238 2714 261 48 rigoureuse
1531 2712 140 39 toutes

660 2770 64 37 les
758 2767 397 39 transformations
1188 2766 234 38 brillantes
1456 2765 41 37 et
1529 2763 142 39 diver-

660 2820 220 39 tissantes-
880 2820 80 39 de
993 2818 241 39 l'actualité
1268 2817 75 49 qui
1376 2827 144 39 passe.
1556 2816 119 38 Nous

661 2873 216 37 mettrons
907 2873 113 37 donc
1048 2882 57 27 au
1133 2870 195 49 premier
1355 2870 107 48 plan
1486 2869 68 37 .les
1583 2878 93 27 ma-

660 2924 285 38 nifestations
970 2922 324 40 intéressantes
1320 2923 40 37 et
1385 2920 230 46 aimables,
1639 2918 38 40 si

660 2977 229 48 multiples
925 2976 42 37 et
1003 2974 36 39 si
1073 2974 188 47 variées,
1296 2974 51 38 de
1383 2974 43 37 la
1459 2972 68 38 vie
1562 2971 113 39 dans

660 3030 127 37 notre
818 3027 161 39 société
1011 3026 377 49 contemporaine.

712 3081 62 37 La
802 3079 275 46 Littérature,
1107 3079 64 37 les
1201 3077 226 47 Théâtres,
1458 3077 44 37 la
1531 3074 140 39 Musi-

662 3143 97 37 que,
796 3133 63 36 les
896 3132 115 44 Arts,
1047 3131 64 38 les
1150 3130 223 46 Sciences,
1411 3138 104 29 avec
1553 3128 119 37 leurs

661 3184 124 38 mille
817 3184 40 37 et
888 3194 85 27 une
1006 3182 299 49 applications
1337 3180 229 50 pratiques
1597 3178 76 49 qui

660 3236 250 38 traduisent
943 3235 37 38 si
1012 3234 347 39 heureusement
1391 3233 44 38 la
1466 3231 205 39 merveil-

661 3288 122 38 leuse
819 3287 167 38 vitalité
1023 3288 52 37 de
1111 3286 123 38 notre
1270 3285 130 49 génie
1435 3283 200 40 national
1661 3294 8 34 ;

661 3340 74 45 ]('s
762 3340 259 48 Elégances,
1056 3339 64 38 les
1155 3338 214 38 réunions
1406 3336 266 39 mondaines

663 3392 52 37 oii
749 3393 44 37 la
823 3392 129 38 mode
985 3402 46 27 se
1063 3390 255 38 renouvelle
1349 3390 41 37 et
1421 3400 45 27 se
1498 3388 173 49 perfec-

664 3444 150 38 tionne
867 3442 355 39 incessamment
1273 3452 113 39 pour
1439 3440 235 50 perpétuer

665 3506 87 28 une
786 3496 75 38 des
897 3495 167 38 formes
1099 3495 62 37 les
1196 3493 101 50 plus
1333 3493 253 49 gracieuses
1623 3492 51 38 de

664 3548 124 39 notre
811 3547 272 49 suprématie
1109 3558 8 36 ;
1142 3547 63 39 les
1228 3546 167 49 Sports,
1418 3544 257 39 infiniment

664 3601 145 38 divers
832 3601 40 37 et
892 3600 51 38 de
964 3600 101 49 plus
1087 3610 55 27 en
1163 3599 101 48 plus
1287 3598 255 49 ingénieux,
1560 3597 112 38 dans

662 3654 195 48 lesquels
889 3653 62 38 les
983 3652 255 50 sportsmen
1268 3651 271 38 deviennent
1569 3650 103 38 cha-

664 3716 84 37 que
781 3705 103 46 jour
918 3704 250 48 davantage
1202 3704 64 37 les
1302 3703 259 38 auxiliaires
1597 3702 76 38 des

567 3772 17 23 \
664 3758 272 40 inventeurs,
961 3757 104 37 c'est
1089 3756 52 38 de
1166 3756 103 42 quoi
1293 3755 248 38 EXCELSlOR
1567 3754 107 38 s'oc-

582 3796 33 60 \
667 3819 164 36 cupera
858 3819 104 27 avec
990 3807 291 50 prédilection
1309 3807 172 49 chaque
1508 3806 113 48 jour.

620 3872 7 24 \
717 3861 246 38 EXCELSIOR
1004 3860 198 39 essaiera
1241 3859 132 39 d'être
1413 3860 40 38 le
1492 3858 181 50 journal

631 3914 9 42 \
666 3913 250 40 nécessaire
945 3924 87 27 aux
1059 3912 161 49 jeunes
1249 3911 296 49 générations.

632 3960 6 51 ;
716 3965 29 38 11
780 3966 39 37 le
851 3975 101 28 sera
982 3964 201 38 d'autant
1212 3965 150 37 mieux
1393 3963 101 49 qu'il
1530 3962 148 50 dispo-

665 4028 102 27 sera
793 4017 52 38 de
873 4027 184 38 moyens
1087 4015 333 40 d'information
1450 4015 227 49 incompa-

665 4069 159 38 rables.
864 4069 89 36 Son
992 4068 139 37 union
1169 4079 105 26 avec
1311 4068 38 37 le
1384 4066 132 50 Daily
1550 4066 123 38 Mail.

665 4120 38 38 le
739 4121 100 47 plus
865 4120 219 48 -puissant
1118 4120 75 38 des
1228 4120 226 48 journaux
1490 4119 189 49 anglais,

663 4172 60 39 lui
759 4183 156 26 assure
947 4173 63 37 les
1044 4172 413 48 correspondances
1491 4181 82 39 par
1607 4171 71 37 câ-

663 4223 70 38 ble
768 4224 167 48 spécial
971 4235 106 28 avec
1108 4225 197 37 Londres
1340 4224 41 37 et
1416 4221 263 49 N&V-Ytrt'R,

662 4276 10 36 1
689 4286 15 26 l
731 4275 376 37 communication
1133 4287 82 36 par
1238 4276 71 36 fils
1335 4275 214 48 spéciaux
1574 4285 104 28 avec

664 4325 144 40 toutes
839 4328 64 36 les
935 4327 194 48 grandes
1162 4327 228 49 capitales.

909 4415 178 37 NOTRE
1124 4415 311 39 REDACTION

718 4483 32 37 A
778 4484 39 37 la
843 4483 199 49 quantité
1066 4484 40 38 et
1129 4483 22 39 à
1177 4483 40 39 la
1243 4483 164 49 qualité
1432 4483 75 39 des
1534 4483 140 38 infor-

666 4536 86 38 mât
766 4536 107 38 ions.
913 4536 248 38 EXCELSIOR
1197 4536 186 48 prétend
1421 4536 177 48 joindre
1636 4535 39 37 le

667 4587 155 37 mérite
860 4587 51 38 de
947 4588 44 37 la
1025 4587 241 39 rédaction.
1302 4588 120 38 Vous
1461 4587 104 39 lirez
1602 4583 83 42 de-'

668 4639 137 37 main.
824 4640 111 37 dans
963 4641 122 37 notre
1112 4640 186 38 numéro
1323 4640 51 38 de
1393 4640 114 38 seize
1514 4650 161 38 IHlgCS,

666 4692 41 38 ID,
730 4692 99 38 liste
854 4693 53 37 de
930 4703 80 27 nos
1034 4692 352 40 collaborateurs
1411 4691 193 50 réputé,
1628 4692 51 38 de

666 4755 108 26 ceux
823 4745 71 46 qui
944 4745 286 47 apporteront
1274 4744 25 38 à
1344 4744 247 37 ExcHLsion.
1637 4744 39 37 le

668 4807 214 26 concours
913 4796 149 38 assidu
1094 4796 51 38 de
1173 4796 95 38 leur
1293 4796 139 38 talent
1466 4807 6 25 :
1504 4796 104 37 <''c.sL
1636 4796 41 37 la

668 4848 97 37 liste
792 4848 137 37 même
954 4849 50 37 de
1030 4859 192 37 presque
1249 4848 95 39 lous
1369 4848 62 37 les
1457 4848 222 38 écrivains

666 4900 62 37 les
755 4901 96 46 plus
873 4900 196 39 célèbres
1091 4901 41 37 et
1152 4902 62 36 les
1235 4901 102 48 plus
1358 4900 179 38 estimés
1559 4899 122 39 d'au-

666 4951 238 47 jourd'hui.
937 4953 83 37 Par
1046 4963 97 30 cu\,
1170 4952 248 38 Ex(:KLs]()K
1446 4951 231 40 obtiendra

665 5003 112 38 celle
801 5003 189 38 autorité
1017 5004 316 38 intellectuelle
1357 5005 38 37 et
1422 5005 167 37 morale
1615 5003 65 38 iu-

666 5055 263 48 dij'cusahtc
957 5055 23 39 il
1006 5068 56 25 JUI
1091 5056 178 46 journal
1296 5055 246 39 ambitieux
1566 5054 115 40 d'ac-

667 5106 187 49 c'(i!m)iir
878 5108 35 37 la
940 5109 170 47 grande
1133 5108 127 37 tâche
1283 5107 73 50 qui
1380 5107 62 39 lui
1465 5107 216 38 incom!.)C.

720 5159 65 36 Au
814 5160 124 41 reste,
964 5170 112 27 nous
1106 5159 181 38 n'avons
1313 5171 80 37 pas
1419 5160 135 37 voulu
1579 5158 98 38 réu-

667 5210 71 38 nir
783 5212 245 37 seulement
1075 5212 112 37 dans
1233 5222 80 26 nos
1358 5211 212 38 colonnes
1614 5210 62 37 les

669 5273 129 27 noms
840 5263 75 37 des
955 5263 222 38 écrivains
1231 5263 235 38 consacrés
1520 5262 157 49 depuis

668 5313 267 49 longtemps.
992 5316 24 35 Il
1072 5325 112 28 nous
1235 5325 20 27 a
1309 5314 168 39 semblé
1542 5314 136 48 (j11'JIll

668 5366 176 46 journal
889 5377 204 27 nouveau
1132 5366 146 38 devait
1317 5367 122 37 avoir
1477 5367 117 37 enfin
1636 5366 43 37 la

668 5418 230 38 hardiesse
935 5418 153 38 d'aller
1125 5417 244 39 an-devant:
1403 5418 77 38 des
1521 5418 157 38 talents

668 5481 249 26 nouveaux.

725 5521 114 37 Sans
872 5521 202 48 puérilité
1108 5522 41 37 ni
1184 5521 217 49 pruderie.
1434 5520 246 39 EXCELSIOR

671 5585 46 26 se
745 5575 118 36 natte
892 5575 112 37 donc
1035 5574 49 38 de
1116 5574 181 38 devenir
1326 5574 38 38 le
1393 5574 176 47 journal
1604 5573 76 37 des

671 5625 215 39 honnêtes
921 5637 120 35 gens.
1074 5627 123 38 Nous
1228 5625 213 49 espérons
1475 5637 84 37 que
1591 5626 90 37 tout

673 5677 38 38 le
738 5678 162 37 monde
927 5672 37 42 le
992 5677 82 38 lira
1100 5689 103 26 avec
1232 5678 157 46 attruit,
1417 5688 131 37 parce
1577 5677 103 49 (jn'il

673 5740 99 27 sera
816 5729 315 38 franchement;
1188 5730 317 48 indépendant,
1550 5740 130 38 parce

674 5793 83 38 que
794 5782 92 37 rien
925 5782 110 37 dans
1074 5793 69 26 ses
1180 5783 209 37 colonnes
1415 5787 68 32 "ne
1520 5793 162 36 pourra

672 5833 230 49 offusquer
935 5845 231 37 personne,
1197 5845 83 37 que
1311 5835 39 36 la
1384 5834 212 47 publicité
1628 5845 53 27 ne

673 5896 46 28 se
769 5887 168 37 mêlera
983 5886 167 48 jamais
1188 5886 19 37 à
1246 5887 38 37 la
1322 5886 240 42 rédaction,
1599 5897 98 38 que.

673 5938 140 38 toutes
840 5938 62 38 les
928 5948 227 28 annonces
1180 5938 40 38 et
1242 5937 230 47 réclames,
1496 5938 185 38 canton-

676 5990 104 38 nées
804 6002 50 26 en
881 5991 158 37 dehors
1063 5990 75 38 des
1163 5990 188 39 articles,
1374 6002 53 26 ne
1449 5991 235 37 constitue.-

675 6043 99 37 ront
802 6053 172 27 aucune
1004 6043 111 48 gène
1144 6042 44 38 ni
1217 6053 111 37 pour
1356 6043 62 37 les
1448 6042 234 38 écrivains.

677 6095 43 37 ni
741 6105 62 37 pUll
803 6105 51 37 l'
876 6096 61 36 les
962 6096 199 36 lecteurs.

732 6148 25 35 Il
794 6147 65 38 !i'a
889 6147 124 47 point
1039 6147 261 38 l\(mlntion.
1330 6158 53 26 en
1413 6147 134 37 onfre.
1572 6146 111 38 d'at-

678 6198 168 38 teindre
877 6199 35 36 le
942 6199 139 47 tirage
1115 6199 266 37 formidable
1411 6198 83 38 de.
1494 6198 189 38 l'cdnins

676 6250 223 48 journaux
928 6250 72 47 qui
1030 6251 93 36 sont
1154 6251 41 37 la
1222 6250 137 48 gloire
1386 6250 51 38 de
1464 6251 42 37 la
1533 6260 151 37 presse

675 6301 240 46 française,
915 6301 66 46 h
1022 6301 230 43 s'adresse,
1288 6302 51 37 de
1376 6312 161 37 propos
1575 6301 106 37 déli-

674 6352 114 39 béré,
814 6352 19 37 à
864 6364 85 26 une
975 6353 99 37 élite
1108 6364 6 26 :
1145 6354 107 37 celle
1277 6353 52 37 de
1355 6353 327 46 l'intelligence,

674 6405 55 37 du
760 6405 171 39 trayaiL
960 6405 55 36 du
1047 6405 157 45 savoil',
1234 6405 57 37 du
1321 6405 114 47 gutll,
1465 6406 50 37 de
1548 6405 132 37 l'édu-

674 6456 160 37 calibn.
866 6456 50 37 de
948 6455 252 47 l'élégance,
1231 6457 43 37 et
1298 6478 52 4 —
1379 6456 213 48 pourquoi
1628 6467 54 26 ne

677 6518 81 37 pas
793 6508 37 36 le
865 6507 90 37 dire
992 6507 281 37 nettement?
1304 6530 53 3 —
1389 6508 107 37 celle
1530 6508 71 47 qui
1640 6519 44 26 se

677 6558 170 49 répand
886 6560 112 37 dai-ls
1041 6559 136 37 toutes
1217 6559 62 37 les
1320 6559 363 38 manifestations

680 6610 50 38 de
758 6610 40 37 la
825 6611 169 37 culture
1010 6610 243 49 vphysique.

731 6660 129 39 Voila,
915 6662 39 36 le
1026 6672 284 38 programme
1364 6659 320 40 'd'Exclusion.

675 6712 116 39 Mais
834 6712 255 39 ExcELsioii.
1132 6725 107 35 pOlir
1277 6713 183 38 réaliser
1498 6725 46 26 ce
1581 6724 101 37 pro-

679 6775 214 38 gramme,
926 6765 191 48 dispose
1135 6765 52 37 de
1219 6776 185 36 moyens
1438 6770 246 34 nouveaux.

896 6851 105 37 NOS
1040 6850 434 38 ILLUSTRATIONS

730 6924 81 37 Les
836 6925 228 47 premiers,
1088 6936 111 25 nous
1223 6925 186 36 vouions
1433 6924 102 38 tirer
1558 6924 132 49 parti.

680 6986 110 38 pour
816 6973 170 39 l'utiJite
1013 6977 35 35 et
1078 6986 111 37 pour
1213 6976 39 37 le
1278 6976 157 47 plaisir
1460 6976 55 37 du
1545 6975 140 49 grand

680 7026 164 49 public,
884 7027 75 37 des
1000 7026 182 49 progrès
1223 7026 291 38 formidables
1554 7028 131 37 effec-

680 7077 95 39 tués
810 7078 156 47 depuis
1004 7089 84 26 une
1122 7078 173 37 dizaine
1330 7078 209 37 d'années
1574 7079 111 37 dans

678 7129 64 38 les
768 7128 242 38 industries
1037 7130 51 36 de
1113 7130 42 36 la
1181 7129 307 48 typogTttphic,
1513 7130 52 37 de
1592 7130 99 37 J'art

680 7180 386 49 photographique
1103 7182 42 35 et
1180 7181 52 36 de
1269 7181 42 36 la
1348 7181 341 47 photogravure.

680 7231 62 38 La
772 7231 192 37 création
996 7231 289 37 (I'EXCELSIOR
1316 7232 59 36 est
1409 7231 275 37 t'a!)outisse-

681 7283 121 37 ment
835 7283 167 36 normal
1040 7283 50 36 de
1125 7293 71 26 ces
1230 7282 197 49 propres.
1465 7283 39 36 Kl
1516 7283 36 36 le
1585 7282 106 38 duit

681 7335 112 37 donc
839 7333 263 37 nécessaire.
1160 7334 91 37 Elle
1308 7335 65 35 est
1421 7334 271 48 opportune.

682 7384 117 38 Nous
833 7394 136 28 avons
1004 7385 228 41 confiance
1265 7384 157 49 qu'eUe
1456 7395 100 27 sera
1588 7384 100 37 bien

684 7435 239 38 a,ccucinie.

735 7486 97 42 Oui,
861 7497 110 26 nous
1003 7497 137 27 avons
1169 7487 228 37 confiance
1427 7497 83 37 que
1539 7487 38 37 le
1607 7497 79 37 pu-

685 7537 85 38 blic
798 7538 245 37 favorisera
1072 7549 78 25 nos
1178 7539 150 36 efforts
1355 7549 131 37 parce
1514 7549 84 36 que
1627 7539 60 35 les

684 7588 292 38 illustrations
1039 7589 251 38 infiniment
1353 7589 170 38 variées
1585 7589 104 37 dont

686 7649 111 28 nous
823 7641 229 44 comptons
1078 7640 197 37 enrichir
1299 7641 42 37 et
1365 7640 201 37 embellir
1591 7640 103 37 eha-

682 7700 86 38 rpie
791 7690 101 48 jour
916 7690 245 38 EXCELSIOR
1187 7692 146 36 seront
1359 7691 251 47 présentées
1636 7691 51 37 de

686 7741 42 38 la
758 7743 128 43 façon
921 7742 40 36 la
992 7743 101 46 plus
1123 7742 217 47 <lgré'alJlc,
1376 7744 85 36 Nos
1491 7743 198 37 ententes

686 7792 366 37 internationale,s
1108 7803 111 26 nous
1276 7794 256 46 permettent
1576 7793 112 37 d'as-

688 7853 125 27 surer
854 7843 216 48 qu'aucun
1115 7843 261 37 événement
1419 7844 174 37 notable
1637 7855 52 28 ne

688 7894 311 46 s'accomplira
1034 7894 111 37 dans
1182 7895 220 37 l'Univers
1451 7906 105 26 sans
1608 7904 110 39 cille

686 7945 63 38 les
775 7946 184 37 lecteurs
986 7945 288 38 d'ExcELsioit
1301 7946 103 37 n'en.
1423 7946 272 42 de\iennent,

688 8006 191 37 presque
915 7997 377 38 instantanément
1330 7998 62 36 les
1428 7997 189 38 témoins
1649 7998 43 36 et

688 8046 64 38 le'-
786 8047 142 47 .jug'cs.

747 8097 101 37 Rien
875 8098 208 44 entendu..
1109 8110 109 26 nous
1244 8110 51 26 ne'
1324 8099 268 47 prétendons
1619 8110 76 36 pas

692 8147 218 38 atteindre
939 8149 42 36 Ja
1010 8151 161 35 finesse
1201 8151 215 36 luxueuse
1445 8151 75 36 des
1551 8151 146 47 publi-

691 8198 172 40 cations
912 8199 242 49 préparées
1204 8201 243 39 lentement
1486 8203 41 36 et
1568 8201 128 39 tirées

1731 1517 244 49 posément.
2016 1517 290 47 Néanmoins,
2344 1517 41 37 le
2425 1516 158 49 papier
2623 1516 126 39 (TEx-

1735 1578 192 38 CELSIOH,
1953 1569 415 49 particulièrement
2393 1568 155 47 choisi,
2573 1568 58 38 et
2631 1568 117 38 l'ou-

1733 1621 177 50 tillage
1910 1621 178 50 modèle
2117 1621 107 38 dont
2251 1631 113 28 nous
2393 1620 253 49 disposons,
2676 1630 71 28 as-

1735 1675 204 37 sureront
1969 1674 25 38 à
2022 1685 70 27 ses
2125 1673 165 39 clichés
2320 1673 117 38 toute
2469 1674 95 37 leur
2592 1672 155 39 valeur

1735 1726 40 38 et
1802 1727 116 37 toute
1946 1727 97 38 leur
2068 1725 109 39 vie...

1783 1779 140 38 Grâce
1957 1779 25 38 à
2016 1789 71 28 ces
2122 1778 215 39 éléments
2373 1777 377 50 inappréciables,

1734 1830 247 39 EXCELSIOR
2036 1840 101 28 sera
2191 1840 47 28 ce
2280 1828 107 51 qu'il
2429 1840 26 27 a
2495 1829 250 39 l'ambition

1732 1882 135 38 d'é.lre
1893 1894 7 26 :
1931 1883 41 37 le
2000 1882 397 50 cinématographe
2426 1883 52 37 de
2507 1881 243 39 l'actualité

1733 1935 282 38 universelle.

1784 1986 120 39 Nous
1928 1997 202 38 pouvons
2156 1986 96 39 dire
2276 1986 257 39 hardiment
2557 1997 7 27 :
2591 1986 41 38 le
2654 1985 97 49 lire,

1732 2049 47 27 ce
1811 2049 101 27 sera
1944 2054 17 19 «
1996 2038 91 39 tout
2116 2038 96 38 voir
2238 2038 6 38 !
2280 2054 18 19 »
2341 2065 6 6 ,

1785 2090 117 38 Mais
1925 2102 83 38 que
2029 2090 39 38 le
2089 2089 152 50 public
2262 2093 212 35 consente
2493 2090 26 38 à
2539 2099 113 29 nous
2674 2101 72 26 ac-

1736 2143 152 37 corder
1922 2154 59 26 un
2015 2143 137 38 crédit
2183 2142 54 38 de
2269 2142 215 51 quelques
2516 2142 139 49 jours.
2688 2142 59 39 Ce

1736 2195 137 37 crédit
1898 2195 51 38 de
1975 2195 215 50 quelques
2214 2195 141 49 jours,
2378 2206 115 27 nous
2520 2195 39 38 le
2584 2195 64 38 lui
2672 2195 74 38 de-

1736 2247 223 38 mandons
2004 2256 113 40 pour
2160 2248 182 45 al'l'iver,
2387 2247 358 38 d'amélioration

1736 2311 50 26 en
1812 2300 243 47 amélioralio
2055 2300 82 47 n,
2158 2300 27 38 à
2206 2300 43 38 la
2272 2299 259 39 réalisation
2551 2299 196 50 parfaite

1735 2352 53 38 de
1807 2353 44 37 la
1870 2352 198 49 formule
2088 2352 54 38 de
2161 2352 183 49 journal
2365 2363 84 39 que
2469 2363 114 27 nous
2607 2362 139 28 avons

1734 2416 179 36 COlleae.
1946 2404 47 38 Si
2024 2415 80 27 nos
2135 2404 191 39 lecteurs
2356 2405 180 38 veulent
2565 2405 104 41 bien
2701 2415 46 28 se

1731 2457 163 38 rendre
1928 2457 173 48 compte
2134 2456 76 38 des
2244 2456 275 39 nouveautés
2554 2458 52 37 de
2639 2458 112 38 cette

1731 2509 190 38 formule
1941 2509 42 37 et
2002 2509 52 38 de
2075 2519 48 28 ce
2139 2508 195 50 journal,
2355 2509 126 38 notre
2502 2509 249 39 effort-sera

1733 2560 303 50 récompensé.
2068 2560 58 39 Le
2160 2560 155 39 succès
2348 2560 293 41 d'ExcELSiOR
2659 2561 87 39 'de-

1732 2613 222 39 viendrait
1981 2612 125 45 donc,
2134 2612 53 38 de
2214 2613 109 38 cette
2349 2613 149 46 façon,
2523 2613 41 39 le
2591 2613 154 39 succès

1734 2664 147 39 même
1910 2664 58 38 du
1996 2663 164 49 public,
2190 2664 92 38 ami
2310 2664 75 39 des
2416 2664 119 39 idées
2566 2675 179 38 neuves,

1733 2717 159 39 ardent
1930 2717 25 38 à
1993 2727 277 38 encourager
2308 2717 64 38 les
2412 2716 151 40 saines
2602 2718 146 40 entre-

1733 2769 157 49 prises.

2266 2822 152 37 Pierre
2454 2823 243 40 LAFITTE.

1887 3017 251 42 Demain
2172 3030 13 27 :
2248 3020 65 41 16
2356 3019 238 42 PAGES

1888 3095 106 41 Une
2015 3105 139 41 page
2183 3094 62 41 de
2275 3106 259 40 gravures
2557 3098 49 39 et

1882 3182 95 29 une
1997 3181 133 42 page
2150 3170 60 42 de
2229 3173 138 39 texte
2385 3171 61 41 de
2461 3173 139 50 plus.

1988 3360 504 158 Échos

1792 3651 40 44 A
1856 3668 74 27 nos
1957 3652 186 44 lecteurs.

1735 3724 103 38 Sous
1862 3724 102 36 l'aile
1991 3725 45 36 de
2061 3725 38 36 la
2123 3725 169 47 nymphe
2316 3722 124 49 Echo,

1735 3777 192 36 Abritons
1953 3776 58 39 ici
2027 3778 37 36 la
2088 3777 198 48 rubrique,

1738 3829 61 37 Où
1828 3842 92 24 salis
1947 3842 95 37 gros
2069 3835 113 38 mots,
2211 3842 93 25 sans
2333 3836 119 41 coups
2481 3830 46 38 de
2556 3831 138 48 trique)

1738 3881 58 37 On
1829 3894 89 24 sera
1946 3883 175 46 gaîment
2151 3883 201 47 satirique,

1736 3934 72 36 Fin
1841 3935 33 36 si
1905 3935 75 36 l'on
2011 3940 102 40 petit.
2144 3935 100 38 mais
2271 3936 146 47 jamais
2448 3949 62 24 co-

1998 3988 171 47 lh'iqllc!

1736 4075 116 37 Point
1880 4073 46 38 de
1952 4082 211 40 pompeuse
2191 4076 248 47 rhétorique!

1736 4128 94 36 Aux
1867 4134 228 40 trompettes
2118 4128 58 36 :de
2211 4129 157 39 Jéricho
2408 4162 9 8 ,

1736 4181 216 47 Préférons
1983 4181 33 35 te
2047 4181 97 47 fifre
2177 4180 176 47 ironique
2559 4206 12 12 ,■

1846 4233 113 47 ■siffle
2002 4248 18 20 «
2056 4234 77 35 Zut
2205 4234 163 46 f:êphfait

1735 4286 94 37 AILS
1844 4283 381 49 jpédants\,(Hiiiiyzd
2248 4287 109 35 aind^
2369 4283 114 50 C'a).,.,
2515 4304 7 17 ;
2655 4296 82 28 ûè-a

1735 4372 46 38 S:
1804 4373 163 47 quelque
1990 4373 109 46 potin
2125 4385 139 25 rococo

1736 4426 53 38 Se
1823 4426 153 46 glissait
2012 4426 96 36 dans
2144 4431 100 31 cette
2280 4426 218 46 chtoniqnc,
2498 4426 40 46 '

1737 4478 92 38 Sois
1866 4479 214 46 indulgent,
2118 4490 100 25 mon.
2243 4479 74 36 bon
2355 4479 177 46 critique,

1735 4531 107 37 Pour
1882 4529 200 39 l'échotier
2122 4536 167 31 ouvrant
2331 4531 206 48 boutique!

1887 4581 12 17 %
2033 4581 141 40 Ecco...

2000 4635 113 38 Voici
2147 4633 122 40 l'écho
2283 4639 12 33 !

2385 4689 150 37 Xavier
2562 4691 133 36 Roux.

1797 4791 163 43 Encore
1988 4809 54 26 un
2066 4792 252 46 Chartreux.

1791 4865 64 35 Un
1889 4877 148 35 groupe
2070 4863 214 39 d'hommes
2318 4865 46 36 de
2398 4865 132 36 lettres
2563 4878 24 24 a
2618 4865 131 37 résolu

1738 4915 168 38 d'élever
1943 4930 51 23 un
2032 4924 225 29 monument
2294 4917 22 36 à
2354 4918 201 44 Stendhal,
2592 4916 22 38 à
2650 4916 97 38 l'im-

1738 4970 135 36 mortel
1904 4970 179 36 créateur
2109 4970 51 35 (hi
2185 4971 139 45 Rouge
2351 4975 36 31 et
2414 4970 34 35 le
2475 4970 136 37 Noir...
2637 4976 39 30 et
2702 4970 47 37 de

1738 5022 36 35 la
1809 5021 238 37 Chartreuse
2080 5020 45 37 de
2156 5022 156 36 Parllle.
2346 5023 53 38 Le
2432 5029 227 30 monument
2692 5028 57 30 est

1725 5073 108 47 prêt.
1871 5075 31 34 11
1938 5074 211 45 comprend
2184 5087 50 23 un
2271 5074 209 37 médaillon
2515 5086 70 35 par
2620 5075 130 37 Rodin

1739 5132 37 30 et
1801 5139 73 23 une
1902 5127 92 35 stèle
2020 5128 73 34 due
2120 5126 22 36 à
2169 5127 54 36 M.
2251 5127 164 37 Plumet.

1792 5179 282 46 Qu'attend-on
2097 5191 98 34 pour
2218 5179 139 35 rendre
2379 5191 52 23 un
2453 5179 207 47 hommage
2681 5191 68 36 pu-

1738 5231 75 36 blic
1837 5231 21 36 à
1883 5232 37 36 la
1943 5232 186 36 mémoire
2154 5232 46 35 de
2227 5231 186 38 Stendhal
2429 5232 14 36 ?
2469 5232 66 36 Un
2558 5232 191 47 emplace-

1739 5290 104 30 ment
1870 5285 96 35 dans
1994 5296 52 24 un
2073 5296 141 34 square
2242 5283 182 47 parisien.
2454 5284 296 36 Malheureuse-

1739 5343 116 37 ment,
1896 5336 157 37 Conseil
2092 5336 212 46 municipal
2343 5342 38 30 et
2418 5336 333 37 Administration

1741 5389 260 45 préfectorale
2037 5401 39 23 se
2111 5388 86 36 font
2231 5389 96 35 tirer
2362 5388 160 37 l'oreille
2557 5389 85 46 plus
2677 5401 73 35 que

1739 5442 44 35 de
1813 5441 140 36 raison.

1794 5492 59 39 En
1890 5494 103 39 vain,
2030 5493 55 37 M.
2123 5492 208 44 Chéramy,
2369 5493 197 46 président
2602 5494 50 35 du
2689 5506 61 24 co-

1740 5545 104 40 mité,
1879 5545 190 46 multiplie
2105 5557 60 24 ses
2200 5544 239 37 démarches.
2477 5546 87 46 Que
2598 5545 153 47 signifie

1741 5604 99 29 cette
1874 5597 240 37 résistance?
2147 5596 111 37 Nous
2292 5603 221 40 regrettons
2545 5597 152 37 d'avoir
2729 5596 23 37 à

1741 5649 244 47 l'apprendre
2022 5662 78 23 aux
2134 5649 192 36 membres
2361 5650 51 35 du
2448 5648 154 38 Comité
2638 5649 113 38 Sten-

1741 5703 101 35 dhal.
1882 5703 69 41 Le.
1974 5702 125 46 grand
2138 5701 203 36 dilettante
2380 5702 66 35 des
2483 5701 269 37 Promenades

1742 5755 97 35 dans
1865 5755 124 35 Rome
2018 5760 68 31 est,
2113 5754 51 35 lui
2196 5754 116 38 aussi,
2342 5753 22 36 à
2392 5766 43 23 sa
2462 5754 185 43 manière,
2675 5766 76 23 une

1744 5806 157 36 victime
1929 5806 179 36 de-MM.
2139 5805 109 36 Ducz
2279 5812 37 28 et
2346 5806 274 37 consorts.-M.
2652 5805 100 36 Ché-

1743 5871 119 29 ramv,
1919 5870 144 23 ouvrez
2119 5859 33 34 le
2205 5857 174 36 Bulletin
2434 5857 214 45 lllllllicipal
2700 5857 52 36 du

1749 5911 48 42 10
1797 5911 99 42 juin
1925 5921 102 35 J909,
2052 5910 110 36 Vous
2185 5923 24 32 y
2232 5909 255 36 découvrirez
2512 5915 99 30 cette
2635 5909 116 46 perle,

1743 5964 73 34 duc
1848 5962 20 36 à
1900 5961 76 37 l'un
2009 5963 67 34 des
2107 5961 111 36 chefs
2249 5962 46 35 de
2325 5962 147 36 bureau
2506 5961 164 46 chargés
2702 5962 50 36 du

1744 6022 151 39 compte
1924 6015 132 35 rendu.

1793 6095 199 30 Pétitions...

1792 6141 53 29 Du
1873 6141 131 29 Comité
2031 6139 164 31 Stendhal
2224 6139 186 30 sollicitant
2436 6149 44 20 un
2508 6139 247 37 emplacement

1745 6191 84 25 pour
1859 6192 19 24 y
1910 6181 113 29 élever
2051 6191 44 19 un
2130 6185 198 25 monument
2358 6190 41 19 ail
2430 6179 189 38 fondateur
2649 6180 41 30 de
2722 6181 31 29 la

1746 6222 206 30 Chartreuse
1977 6222 40 29 de
2044 6222 133 29 Panne.

1794 6267 181 37 Renvoyée
2003 6267 18 29 à
2051 6267 31 30 la
2111 6270 29 34 3''
2168 6266 230 31 commission.

1795 6360 50 4 —
1874 6336 153 40 Encore
2064 6351 51 22 un
2151 6337 245 37 Chartreux!
2437 6336 91 38 s'est
2564 6339 103 36 écrié
2701 6351 53 23 un

1745 6391 45 35 de
1822 6402 70 24 nos
1923 6391 118 35 édiles
2072 6391 54 35 les
2158 6391 85 44 plus
2275 6390 220 36 farouches.
2528 6388 130 49 Qu'on
2688 6403 65 23 en-

1746 6443 86 35 voie
1864 6452 69 27 son
1964 6448 226 29 monument
2221 6442 21 35 à
2274 6440 230 47 Tarragone
2519 6442 7 36 !
2558 6443 37 35 A
2629 6442 124 44 Paris,

1745 6493 166 47 jamais!

1800 6544 47 39 Et
1880 6547 36 35 la
1929 6545 204 47 majorité
2165 6546 46 34 de
2245 6546 35 35 la
2313 6547 34 43 3"
2380 6545 251 37 commission
2664 6543 90 38 s'est

1749 6597 131 36 ralliée
1914 6598 21 35 à
1968 6604 61 29 cet
2063 6597 95 36 avis.
2193 6597 54 36 Ce
2280 6596 160 47 jour-là,
2475 6598 54 37 M.
2565 6596 190 40 Escudier

1746 6649 94 36 était
1864 6650 146 36 absent.
2039 6649 48 37 lit
2112 6649 23 35 il
2161 6655 69 34 est,
2255 6661 47 23 au
2329 6648 170 41 Conseil,
2525 6661 52 24 un
2601 6650 67 35 des
2694 6661 60 23 ra-

1748 6713 61 24 res
1835 6701 21 36 à
1882 6701 142 39 savoir,
2051 6701 114 45 qu'en
2191 6700 73 36 fait
2289 6700 46 36 de
2363 6701 250 38 Chartreuse,
2641 6701 113 37 Sten-

1747 6754 88 35 dhal
1862 6754 62 35 n'a
1948 6753 142 47 jamais
2118 6752 118 37 fondé
2261 6764 71 34 que
2359 6753 94 36 celle
2477 6754 46 35 de
2550 6755 36 35 la
2613 6753 141 39 Sanse-

1746 6805 146 37 verina.
2064 6820 42 31 y.
2211 6810 17 30 >•'

1808 6906 69 43 Un
1905 6910 24 39 à
1962 6910 201 49 peu-près
2189 6906 199 43 d'enfant.

1801 6978 34 35 A
1862 6979 36 35 la
1924 6990 226 35 campagne,
2177 6991 51 26 un
2253 6977 91 46 jour
2369 6979 45 35 de
2442 6978 112 46 pluie.
2583 6976 99 48 Cinq
2706 6990 48 23 au

1749 7030 61 35 six
1847 7030 198 35 Parisiens
2080 7036 67 30 ont
2180 7030 52 38 dû
2268 7042 38 22 se
2343 7029 174 46 réfugier
2551 7030 96 35 dans
2680 7041 75 24 une

1749 7081 243 36 chaumière,
2021 7087 37 30 et
2109 7081 209 46 regardent
2368 7081 388 46 mélancoliquement

1749 7132 151 36 tomber
1936 7133 175 36 l'averse.
2152 7133 31 34 Il
2222 7146 23 33 y
2283 7145 22 23 a
2334 7132 44 38 là
2417 7144 74 24 une
2529 7133 226 35 charmante

1750 7184 141 36 ft-mme
1918 7197 94 23 avec
2039 7196 42 24 sa
2107 7184 118 47 petite
2252 7182 27 45 fi
2279 7182 64 45 Jle;:
2365 7184 95 46 âgée
2485 7184 47 35 de
2559 7183 88 46 cinq
2673 7195 81 25 ans.

1749 7236 183 38 L'averse
1962 7237 193 35 continue.
2467 7243 15 31 \

1801 7287 65 35 Un
1899 7288 46 34 de
1980 7300 70 23 nos
2087 7287 202 37 confrères
2324 7285 221 48 joue''avec
2579 7286 175 38 l'enfant.

1750 7338 31 36 Il
1819 7339 36 35 la
1893 7338 72 36 fait
2003 7345 132 30 sauter
2171 7339 98 35 dans
2307 7349 60 24 ses
2405 7339 100 36 bras.
2544 7339 56 36 La
2638 7339 118 46 petite

1749 7396 138 30 trouve
1911 7402 42 24 ce
1977 7390 66 46 jeu
2067 7390 215 36 délicieux..
2299 7389 48 38 Et
2372 7402 158 30 comme,
2555 7389 21 36 à
2599 7401 52 24 un
2674 7401 82 25 cer-

1749 7442 79 35 tain
1852 7448 181 35 moment,
2056 7441 174 43 l'enfant,
2254 7441 110 36 lancé
2387 7453 46 24 en
2455 7441 95 43 l'air,
2573 7453 22 25 a
2616 7441 141 37 touché

1750 7494 33 35 le
1812 7493 160 46 plafond
2000 7494 45 34 de
2075 7505 60 23 ses
2162 7493 93 35 bras1
2281 7492 104 36 levés
2412 7506 6 22 :
2499 7513 21 22 .y

1801 7571 48 4 —
1879 7550 74 36 Oh.
1985 7550 158 37 dit-eiïe.
2177 7550 120 38 ravie,
2330 7548 22 37 à
2383 7561 70 25 son
2485 7550 124 46 grand
2642 7549 112 38 ami...

1750 7600 60 37 Tu
1841 7602 95 35 m'as
1967 7601 133 36 lancée
2130 7599 214 48 jusqu'aux
2374 7601 241 37 étoiles...

1804 7658 103 42 Puis,
1936 7659 210 46 regardant
2173 7670 60 24 se's
2248 7655 138 39 'iiiatlis
2411 7671 53 22 un
2490 7670 72 35 peu
2590 7658 166 37 noircies

1751 7722 69 32 par
1849 7711 53 34 les
1932 7709 208 46 poutrelles
2168 7710 50 35 du
2249 7709 161 42 plafond
2436 7722 7 23 :

1800 7787 50 5 —
1877 7765 216 46 Jusqu'aux
2122 7764 136 37 étoiles
2288 7766 258 45 d'araignée...

1804 7819 52 37 Le
1882 7817 123 46 grand
2032 7818 73 34 ami
2131 7830 29 23 a.
2177 7816 100 36 failli
2303 7818 35 35 la
2363 7818 137 35 laisser
2524 7817 131 36 choir!

1812 7929 266 42 L'éducation
2107 7930 55 40 du
2191 7932 100 47 petit
2317 7929 111 41 chah
2456 7928 53 43 de
2539 7929 132 42 Perse.

1806 8000 52 37 Le
1890 8000 94 44 petit
2017 8000 98 34 chah
2146 8000 46 36 de
2227 7999 122 37 Perse.
2379 8000 189 36 travaille.
2603 7999 36 36 Il
2666 8005 101 32 veut,

1753 8051 161 34 devenir
1947 8050 77 35 très
2058 8057 137 29 savant
2227 8056 36 30 et
2297 8063 69 24 son
2399 8050 186 36 assiduité
2618 8050 72 35 fait
2723 8051 52 37 la.

1753 8101 78 46 joie
1866 8100 187 36 d'Hakim
2087 8102 32 34 el
2155 8102 125 40 l'lulk,
2316 8114 69 23 son
2420 8101 239 46 précepteur.
2697 8101 63 36 On

1754 8153 49 34 lui
1846 8166 22 22 a
1907 8153 127 35 donné
2074 8165 97 33 pour
2211 8165 245 34 compagnon
2497 8151 152 37 d'étude
2689 8164 70 24 son

1755 8204 115 44 frère,
1909 8202 250 38 Mohammed
2197 8203 162 38 Hassan
2396 8204 129 36 Mirza
2563 8210 37 32 et
2636 8204 121 37 douze

2806 537 117 47 petits
2942 550 171 36 garçons
3133 539 48 37 de
3202 552 71 26 son
3293 541 84 47 âge,
3397 542 95 36 tirés
3512 543 67 36 des
3599 543 220 37 meilleures

2807 590 170 36 familles
2998 603 200 35 persanes,
3220 605 98 37 pour
3340 594 35 35 le
3396 594 138 46 piquer
3555 593 263 39 d'émulation.

2860 643 57 37 La
2942 642 194 38 direction
3162 644 48 36 de
3236 645 36 36 la
3304 658 20 22 «
3353 645 123 39 classe
3503 646 132 46 royale
3663 661 20 20 »
3712 659 22 24 a
3759 647 60 36 été

2808 693 146 38 confiée
2993 694 23 36 à
3056 707 53 24 un
3149 696 141 36 ancien
3330 696 108 38 élève
3478 698 47 36 de
3564 696 147 41 l'Ecole
3752 699 67 36 des

2808 746 257 37 Beaux-Arts
3098 747 48 36 de
3181 747 126 45 Paris,
3340 749 186 38 Mozaien
3559 751 34 35 el
3625 751 193 39 Daouleh.

2808 797 55 38 Ce
2883 798 120 36 vieux
3023 799 116 46 rap'm
3159 811 141 35 persan
3322 800 252 47 fréquentait,
3595 802 26 38 il
3642 808 58 30 est
3721 803 98 44 vrai,

2807 851 36 35 le
2868 850 90 47 quai
2986 851 226 46 Malaquais
3238 852 25 35 il
3289 864 25 35 y
3340 865 23 24 a
3388 859 190 40 quarante
3604 866 81 25 ans.
3713 854 33 36 Il
3771 868 48 23 ne

2808 902 82 37 doit
2924 914 70 34 pas
3029 902 83 37 être
3148 903 335 39 révolutionnaire
3518 917 43 25 ce
3597 905 150 47 peintre
3782 912 39 30 et

2808 954 185 48 enseigne
3018 955 285 37 certainement
3327 956 23 36 à
3375 969 71 25 son
3471 958 109 46 royal
3606 957 108 37 élève
3737 958 83 47 plu-

2807 1005 58 37 tôt
2889 1005 34 37 le
2946 1005 97 48 goût
3066 1006 48 37 de
3139 1007 276 49 Bouguereau,
3439 1020 73 36 que
3537 1009 100 38 celui
3661 1009 48 37 de
3733 1010 88 37 Ma-

2807 1057 107 38 tisse.

2860 1110 55 38 -Le
2946 1110 170 47 premier
3150 1109 245 40 chambellan
3427 1113 207 47 Loghman
3665 1114 35 36 el
3733 1114 88 37 Ma-

2808 1162 129 36 malek
2967 1162 139 37 assiste
3139 1175 80 25 aux
3248 1164 145 46 leçons.
3426 1163 169 39 Celui-là
3626 1166 106 35 aussi
3763 1172 59 31 est

2808 1225 54 25 un
2896 1214 120 37 vieux
3050 1214 193 39 Parisien.
3278 1216 39 36 Il
3346 1217 95 36 était
3476 1217 172 44 carabin,
3680 1218 27 36 il
3739 1231 25 33 y
3798 1231 23 24 a

2808 1278 77 24 une
2924 1266 204 47 vingtaine
3168 1267 185 38 d'années
3394 1275 38 30 'et
3472 1269 213 47 disséquait
3726 1282 95 25 avec

2808 1318 156 37 entrain
2991 1319 23 36 à
3041 1320 37 35 la
3106 1316 163 40 Faculté
3296 1320 47 37 de
3369 1320 220 38 Médecine.

2862 1369 306 45 Certainement,
3199 1372 36 36 le
3265 1372 114 47 rapiit
3410 1378 37 33 et
3477 1374 35 35 le
3544 1373 160 37 carabin
3733 1386 86 34 per-

2808 1434 91 25 sans
2936 1435 49 24 ne
3023 1424 205 46 pensaient
3265 1437 80 34 pas,
3382 1426 131 45 quand
3550 1425 48 36 ils
3633 1426 188 37 buvaient

2807 1476 104 35 leurs
2950 1476 121 37 bocks
3111 1476 97 37 dans
3248 1476 55 37 les
3344 1477 108 37 cafés
3493 1477 235 38 d'étudiants
3769 1480 52 36 du

2807 1527 175 47 quartier
3013 1528 130 44 Latin,
3175 1528 119 47 qu'un
3324 1529 93 46 jour
3448 1530 25 35 il
3506 1531 315 38 surveilleraient

2806 1579 235 38 l'éducation
3065 1580 51 37 du
3139 1580 98 47 petit
3261 1581 101 37 chah
3386 1581 46 37 de
3457 1582 132 37 Perse.

2867 1681 60 45 La
2949 1685 139 42 manie
3114 1683 55 43 de
3195 1683 300 55 l'autographe.

2858 1760 88 37 Une
2974 1767 205 31 amusante
3208 1762 189 38 anecdote
3423 1762 24 37 à
3473 1775 144 36 propos
3645 1763 51 38 du
3724 1764 95 37 'maî-

2805 1818 59 31 tre
2895 1812 164 39 Sardou.

2856 1865 33 36 Il
2919 1865 106 45 était,
3055 1878 149 25 comme
3234 1872 88 32 tous
3352 1867 55 36 les
3436 1867 175 37 hommes
3642 1868 182 45 célèbres,

2806 1918 147 36 assailli
2974 1918 47 37 de
3041 1919 212 36 demandes
3274 1918 296 48 d'autographe,
3591 1921 228 47 auxquelles

2807 1969 25 37 il
2867 1970 164 37 donnait
3064 1970 294 47 généralement
3393 1972 261 40 satisfaction,
3690 1985 67 25 car
3793 1973 26 36 il

2808 2021 94 38 était
2927 2022 81 38 fort
3034 2023 259 47 complaisant
3318 2030 37 30 et
3380 2024 81 36 très
3488 2025 203 38 serviable.

2858 2075 76 38 Les
2955 2075 212 37 demandes
3189 2077 219 45 cependant
3429 2077 207 36 devinrent
3657 2078 32 36 si
3712 2090 108 25 nom-

2806 2126 159 38 breuses
3001 2127 92 47 qu'il
3128 2127 151 39 résolut
3312 2126 65 49 d'y
3413 2141 145 35 couper
3594 2136 123 32 court.
3752 2131 67 36 Un

2807 2179 104 47 jour,
2935 2192 77 25 une
3038 2180 167 37 aimable
3233 2181 112 37 dame
3371 2181 54 36 lui
3453 2181 140 37 écrivit
3619 2194 99 34 pour
3745 2183 74 36 sol-

2808 2231 127 37 liciter
2961 2232 47 37 de
3034 2232 55 37 lui
3115 2244 54 26 un
3195 2233 257 48 autographe,
3477 2245 54 26 un
3565 2247 20 22 «
3613 2240 85 31 tout
3724 2235 96 47 petit

2807 2285 243 48 autographe
3081 2299 35 23 M.

2862 2336 154 38 Sardou
3040 2337 78 47 prit
3141 2350 76 24 une
3242 2338 135 37 feuille
3402 2338 47 37 de
3473 2339 135 48 papier
3633 2345 47 39 et,
3706 2340 46 37 de
3777 2353 43 25 sa

2807 2389 200 38 meilleure
3037 2390 170 37 écriture
3233 2403 6 24 :

2867 2455 19 22 «
2918 2440 107 38 Tous
3055 2454 81 25 mes
3166 2448 163 41 regrets,
3359 2444 191 44 madame,
3580 2444 238 48 répondit-il,

2808 2494 98 37 mais
2939 2494 70 48 j'ai
3040 2494 136 38 décidé
3208 2496 47 36 de
3288 2508 48 24 ne
3369 2497 85 46 plus
3487 2497 150 37 donner
3669 2495 149 41 d'auto-

2807 2547 180 47 graphes.
3018 2561 20 22 »

2860 2598 61 45 Et,
2947 2599 113 49 après
3084 2599 112 39 avoir
3221 2600 111 48 signé
3355 2601 38 44 ,il
3417 2601 42 37 fit
3482 2607 140 37 mettre
3645 2603 38 36 la
3706 2603 113 37 lettre

2806 2651 23 37 à
2854 2652 38 37 la
2918 2658 121 43 poste.

2859 2722 57 40 La
2937 2722 111 38 dame
3071 2722 160 38 l'ouvrit
3252 2736 97 24 avec
3369 2736 76 25 une
3466 2724 81 47 joie
3569 2724 121 38 émue.
3714 2726 105 37 Mais

2807 2775 71 37 elle
2903 2774 248 49 appartenait
3174 2775 295 47 probablement
3492 2776 23 37 à
3538 2777 38 37 la
3601 2777 148 37 famille
3773 2779 46 37 de

2808 2825 140 39 Calino
2973 2839 79 33 car,
3076 2827 115 48 après
3214 2828 113 37 avoir
3350 2829 39 37 lu
3412 2828 55 38 les
3491 2829 104 37 deux
3618 2830 126 48 lignes
3768 2831 51 37 du

2806 2880 139 37 maître
2972 2893 7 24 :

2857 2960 49 5 —
2936 2938 101 48 Quel
3062 2938 220 48 dommage,
3306 2939 288 49 soupira-t-elle
3609 2941 7 36 !
3644 2941 84 38 Moi
3754 2942 65 47 qui

2808 2990 133 39 aurais
2972 2996 86 33 tant
3088 2996 94 32 tenu
3214 2991 23 37 à
3269 2992 113 37 avoir
3412 3004 54 26 un
3497 2995 244 46 autographe
3772 2995 47 37 de

2807 3044 53 37 lui
2876 3044 46 38 !...

2854 3095 63 46 Et,
2947 3101 108 34 toute
3085 3096 165 45 désolée,
3279 3096 74 38 elle
3382 3097 161 39 déchira
3572 3098 35 38 le
3636 3099 187 47 précieux

2807 3150 147 49 papier.

2867 3235 77 46 Les
2963 3238 267 43 économes...

2859 3307 66 40 Un
2951 3308 150 39 célèbre
3128 3309 202 38 comédien
3354 3322 52 25 va
3430 3309 190 47 déjeuner
3646 3323 96 25 avec
3767 3323 53 25 un

2806 3362 118 48 jeune
2950 3368 140 31 auteur
3115 3362 246 47 dramatique
3387 3362 64 46 qui
3478 3362 82 37 doit
3586 3362 101 38 faire
3711 3363 107 38 bien-

2807 3414 57 38 tôt
2894 3426 61 25 ses
2983 3414 138 37 débuts
3152 3427 67 24 sur
3247 3426 77 25 une
3355 3415 114 36 scène
3499 3415 318 39 subventionnée.

2857 3489 50 6 —
2935 3467 139 38 Allons
3098 3467 192 46 déjeuner
3315 3479 51 25 au
3390 3467 94 38 Bois
3510 3473 38 31 et
3571 3480 169 35 prenons
3766 3481 53 24 un

2808 3521 209 43 taxi-auto,
3048 3520 57 36 dit
3135 3518 179 39 l'auteur.

2861 3573 65 38 On
2960 3573 123 48 prend
3119 3570 130 40 l'auto.
3288 3572 65 38 On
3388 3572 143 38 arrive.
3567 3574 55 40 Le
3657 3573 163 38 fameux

2807 3626 118 47 jeune
2960 3625 169 49 premier
3164 3625 137 37 fouille
3336 3625 225 38 vainement
3597 3637 71 27 son
3701 3638 116 35 gous-

2807 3684 95 32 set...

2858 3752 47 6 —
2934 3731 45 47 Je
3020 3742 98 25 vous
3159 3730 191 37 demande
3390 3730 162 47 pardon,
3595 3731 92 37 cher
3728 3732 89 44 ami,

2809 3784 98 37 mais
2936 3783 39 48 je
3004 3783 78 37 n'ai
3111 3795 74 35 que
3213 3783 68 37 des
3311 3783 139 44 billets,
3479 3795 71 36 par
3578 3783 125 38 même
3733 3790 87 31 cent

2807 3849 91 24 sous
2920 3837 47 36 de
2989 3835 218 38 monnaie...

2842 3888 204 40 .L'auteur
3082 3900 98 36 paye
3217 3888 35 36 le
3289 3887 209 38 taxi-auto.
3537 3889 65 36 On
3637 3888 179 47 déjeune,

2810 3946 50 33 OfÍ
2894 3942 162 43 discute,
3091 3953 51 24 on
3177 3940 172 44 s'anime,
3385 3953 51 24 on
3470 3941 106 47 règle
3611 3942 37 36 la
3682 3941 53 37 fin
3769 3942 50 36 du

2807 3994 199 38 troisième
3031 3999 97 31 acte.

2859 4068 49 5 —
2937 4044 51 42 Et
3012 4046 30 38 si
3069 4046 39 47 je
3134 4045 144 48 réglais
3303 4044 230 39 l'addition?
3559 4046 56 36 dit
3640 4046 177 38 l'auteur.

2860 4121 49 5 —
2936 4099 77 44 Ah,
3038 4099 174 47 pardon!
3241 4098 93 36 cher
3360 4098 90 44 ami,
3478 4098 42 36 fit
3544 4099 35 36 le
3606 4099 212 44 comédien,

2808 4166 48 23 en
2890 4151 113 38 veine
3039 4151 45 37 de
3118 4150 232 48 générosité.
3387 4149 55 39 Ce
3477 4162 88 26 sera
3599 4150 23 37 à
3656 4151 76 47 pile
3767 4164 50 25 ou

3046 4224 65 32 ê-Jâ
3133 4231 72 29 j'no
3232 4225 171 32 '¡¡,'YSJ'Yb
3428 4226 178 32 ^Hémori
3696 4227 118 33 ^'ie®

2807 4276 32 30 y
2862 4258 50 38 Et
2936 4258 162 43 iLsortit
3121 4258 48 44 eje
3192 4258 37 38 la
3253 4258 124 46 poche,
3399 4258 47 35 de
3471 4267 70 26 son
3564 4258 96 50 gilet
3681 4269 53 25 un
3757 4258 61 36 bel

2809 4310 154 42 étu^de,
2978 4309 248 47 cinq,francs
3241 4309 31 35 L

2867 4414 77 46 Les
2969 4412 214 44 cafetières
3199 4411 8 42 !

2805 4472 19 48 j
2867 4480 144 36 Relevé
3041 4480 97 36 dans
3170 4479 37 36 la
3238 4478 88 37 liste
3356 4478 68 38 des
3456 4478 176 38 cadeaux
3663 4478 46 38 de
3737 4490 84 26 ma-

2813 4534 31 36 ri
2850 4544 72 37 age
2949 4523 170 47 (ïe'MHû
3147 4531 47 41 dé
3221 4527 70 43 T'„!
3318 4543 7 25 :
3620 4518 24 28 l

2812 4597 82 35 Une
2923 4596 368 39 cafetière.........
3341 4595 51 34 M.
3414 4595 33 34 le
3468 4595 162 41 marquis
3651 4595 45 35 de
3716 4596 67 34 V...

2811 4644 83 34 Une
2923 4642 176 42 çafetière
3338 4641 287 39 La,connétable
3646 4642 44 33 de
3711 4642 64 34 R...

2812 4690 81 34 Une
2923 4689 176 34 cafetière
3342 4688 50 33 M.
3417 4693 35 29 et
3475 4688 101 35 Mme
3598 4688 44 35 de
3665 4688 60 35 C...

2814 4734 58 37 Un
2935 4735 138 38 service
3133 4735 21 34 à
3214 4734 82 34 café
3585 4744 11 6 -

2865 4782 111 37 Louis
3007 4780 90 37 XVI
3341 4781 50 38 Le
3413 4786 118 30 comte
3555 4781 73 35 M...

2814 4826 57 38 Un
2935 4828 138 36 service
3133 4828 21 33 à
3213 4827 83 34 café

2864 4874 112 38 Louis
3009 4873 129 35 XVI11
3340 4874 52 37 La
3428 4873 217 36 vicomtesse
3681 4874 44 35 de
3762 4875 61 35 B...

2816 4918 56 38 Un
2935 4920 139 34 service
3133 4920 21 34 à
3213 4920 83 34 café

2866 4966 164 34 Premier
3052 4964 148 45 Empire
3261 4993 28 7 ..
3341 4966 102 35 Mme
3464 4972 34 28 et
3522 4967 90 34 Mlle
3633 4967 66 34 D...

2811 5013 82 35 Une
2923 5012 176 35 cafetière
3108 5039 182 8 .........
3341 5013 52 34 M.
3423 5014 107 33 P.-II.
3559 5014 60 36 L...

2862 5083 171 45 Pourvu,
3062 5096 90 24 mon
3180 5081 113 47 Dieu,
3322 5096 72 34 (lue
3423 5084 55 37 les
3507 5083 137 47 jeunes
3674 5084 142 36 mariés

2808 5136 147 38 aiment
2979 5137 34 36 le
3039 5136 88 37 café
3141 5136 7 37 !

2866 5238 73 54 Qù
2967 5252 90 31 sont
3077 5239 57 44 les
3159 5238 115 45 Caro
3296 5238 168 45 d'antan
3485 5239 18 43 ?

2862 5313 57 40 Là
2952 5312 133 36 chaire
3118 5312 45 36 de
3197 5312 220 36 littérature
3451 5312 175 47 anglaise
3660 5317 59 31 est
3752 5324 67 24 va-

2809 5371 113 30 cante
2950 5364 22 36 à
2998 5364 255 37 l'Université
3279 5365 46 36 de
3354 5365 244 36 Melbourne.
3628 5365 75 38 Les
3730 5376 88 34 pro-

2811 5417 173 38 fesseurs
3013 5418 64 46 qui
3109 5417 209 37 sollicitent
3348 5422 100 31 cette
3479 5417 133 36 chaire
3643 5422 88 31 sont
3760 5416 57 36 in-

2811 5466 99 40 vités
2943 5469 22 36 à
2997 5470 157 46 joindre
3185 5469 84 36 leur
3302 5468 286 48 photographie
3620 5468 23 36 à
3676 5468 141 36 l'envoi

2809 5522 48 36 de
2879 5522 104 42 leurs
3005 5522 111 36 titres
3139 5527 37 30 et
3196 5521 201 47 diplômes.
3422 5520 198 47 Pourquoi
3651 5520 16 36 ?
3691 5520 126 37 Voici.

2811 5573 276 41 L'Université
3118 5574 47 36 de
3197 5571 233 39 Melbourne
3463 5578 59 31 est
3553 5577 154 32 surtout
3740 5572 78 36 fré-

2811 5627 164 46 quentée
3004 5638 71 35 par
3101 5626 74 42 des.
3196 5624 230 38 étudiantes.

2865 5677 104 40 Elles
3000 5691 39 24 se
3069 5684 88 30 sont
3185 5678 175 47 plaintes,
3390 5676 187 48 paraît-il,
3607 5677 51 36 du
3687 5676 131 47 précé-

2812 5731 91 36 dent
2929 5730 227 47 professeur
3180 5730 76 47 qui,
3283 5735 137 34 certes,
3446 5729 85 36 leur
3556 5729 143 47 parlait
3724 5741 95 24 avec

2814 5795 73 24 une
2925 5783 196 36 érudition
3158 5782 130 36 infinie
3326 5781 47 36 de
3413 5780 247 47 Shakspeare
3698 5787 37 30 et
3773 5781 46 36 de

2812 5835 156 40 Milton,
2993 5835 97 36 mais
3115 5835 64 46 qui
3204 5847 47 24 ne
3276 5835 84 35 leur
3384 5833 162 37 donnait
3570 5832 140 48 qu'une
3736 5833 83 36 idée

2811 5888 194 36 vraiment
3031 5887 245 36 insuffisante
3300 5887 47 35 de
3371 5886 37 36 la
3431 5885 138 36 beauté
3593 5885 225 37 masculine.

2864 5939 365 39 L'administration
3251 5937 276 38 universitaire
3550 5950 22 24 a
3595 5938 118 36 voulu
3736 5938 84 35 leur

2811 5992 150 37 donner
2989 5991 258 37 satisfaction.

2864 6043 33 37 Il
2920 6043 85 37 faut
3026 6044 156 45 espérer
3202 6040 115 49 qu'on
3338 6054 47 24 ne
3407 6053 88 25 sera
3516 6054 68 34 pas
3604 6042 126 36 moins
3752 6054 67 34 ga-

2813 6097 83 36 lant
2915 6109 48 22 en
2986 6094 150 38 France
3158 6101 37 30 et
3215 6107 72 34 que
3309 6100 112 30 notre
3442 6106 179 24 nouveau
3642 6094 178 36 ministre

2812 6149 46 36 de
2883 6147 270 37 l'Instruction
3179 6146 180 47 publique
3385 6158 48 24 ne
3459 6157 201 25 nommera
3685 6146 85 45 plu-s
3797 6145 23 35 à

2814 6202 36 35 la
2891 6200 217 43 Sorbonne,
3149 6199 50 36 où
3241 6198 249 46 .fréquentent
3531 6196 201 48 beaucoup
3773 6197 47 36 de

2813 6252 139 46 jeunes
2985 6251 96 36 filles
3114 6257 37 30 et
3185 6250 46 36 de
3264 6249 137 48 jeunes
3437 6249 174 44 femmes,
3645 6260 73 35 que
3752 6249 67 36 des

2813 6304 165 47 agrégés
3016 6301 93 38 d'un
3146 6300 188 48 physique
3374 6301 211 43 séduisant,
3623 6301 68 36 des
3730 6300 90 37 doc-

2810 6362 108 30 teurs
2946 6355 114 36 d'une
3095 6368 20 20 «
3146 6353 197 37 académie
3375 6367 18 20 »
3426 6352 247 47 impeccable.

2866 6408 63 36 On
2952 6406 177 47 pourrait
3151 6406 166 45 charger
3338 6405 55 36 M.
3418 6404 196 38 Lintilhac
3637 6404 47 36 de
3707 6404 112 43 faire,

2813 6472 22 24 a
2856 6472 42 23 ce
2919 6459 108 46 point
3046 6459 47 35 de
3114 6470 85 31 vue,
3219 6469 75 24 une
3315 6456 173 37 revision
3507 6456 46 36 de
3575 6462 111 31 notre
3707 6468 113 35 corps

2812 6511 243 45 enseignant.

2873 6595 133 43 Barbe
3025 6607 40 31 et
3087 6593 263 44 Moustache.

2862 6666 195 45 Lorsqu'il
3112 6666 94 36 était
3261 6665 178 36 ministre
3481 6663 22 36 à
3548 6663 276 47 Copenhague,

2813 6719 53 36 M'.
2895 6718 174 46 Philippe
3090 6717 175 43 Crozier,
3286 6716 138 37 ancien
3447 6716 195 36 directeur
3663 6716 51 35 du
3735 6727 88 35 pro-

2813 6771 136 40 tocole,
2983 6770 117 36 laissa
3131 6781 162 35 pousser
3325 6781 42 23 sa
3397 6768 130 36 barbe.
3563 6767 53 37 Sa
3648 6768 175 35 fameuse

2812 6822 227 37 moustache
3070 6822 46 35 de
3147 6822 89 35 chat
3266 6832 48 23 ne
3345 6819 165 36 trancha
3541 6816 89 49 plus'
3657 6830 65 24 sur
3753 6831 69 24 son

2812 6874 135 46 visage
2981 6872 86 37 rasé
3098 6878 38 31 et
3167 6871 188 38 souriant.
3389 6870 55 37 Ce
3476 6870 61 36 fut
3567 6882 76 24 une
3674 6870 148 46 grande

2811 6925 188 37 tristesse.
3030 6925 94 35 Aux
3153 6921 115 49 jolies
3297 6922 163 37 femmes
3487 6921 66 47 qui
3578 6921 58 35 lui
3665 6922 158 35 deman-

2813 6977 131 36 daient
2974 6976 46 35 de
3050 6976 157 35 revenir
3236 6975 22 35 à
3288 6974 177 36 l'illustre
3494 6972 188 37 tradition
3710 6973 47 35 de
3787 6972 36 36 la

2812 7028 239 42 moustache,
3070 7040 73 32 (tue
3163 7027 178 39 Léandre
3360 7024 268 43 immortalisa,
3650 7024 55 37 M.
3727 7022 96 38 Cro-

2812 7078 81 37 zier
2921 7079 190 45 répondit,
3138 7078 210 36 malicieux
3374 7090 6 23 :

2795 7131 36 37 H:.
2860 7152 49 4 —
2941 7130 46 46 Je
3021 7130 182 46 couperai
3237 7141 63 24 ma
3332 7128 118 36 barbe
3483 7127 129 46 quand
3645 7126 41 46 je
3720 7127 102 36 serai

2812 7181 154 38 nommé
2998 7178 343 39 ambassadeur....

2864 7233 54 39 Le
2947 7237 308 42 gouvernement
3283 7243 47 24 ne
3358 7235 172 42 pouvant
3559 7229 158 37 résister
3745 7242 79 25 aux

2813 7284 227 37 démarches
3115 7284 47 35 de
3224 7283 132 36 dames
3419 7280 184 49 éplorées,
3667 7293 156 25 nomma

2814 7337 66 36 M.'
2904 7334 163 38 Crozier
3099 7334 278 37 ambassadeur
3408 7334 22 36 à
3463 7333 152 36 Vienne
3646 7353 49 5 —
3726 7338 38 30 et
3796 7332 26 35 il

2813 7399 124 34 coupa
2965 7399 42 23 sa
3033 7386 129 36 barbe.

2817 7440 7 16 f
2845 7440 7 10 "
2864 7439 68 40 Or,
2956 7450 51 24 un
3032 7437 251 46 télégramme
3306 7437 47 36 de
3378 7436 153 37 Vienne
3556 7447 175 25 annonce
3755 7447 67 24 au-

2816 7489 196 43 juurcl"hui
3039 7500 72 35 que
3138 7489 54 37 M.
3220 7487 163 38 Crozier
3408 7488 114 36 laisse
3549 7498 206 34 repousser
3780 7498 42 24 sa

2813 7542 118 35 barbe
2959 7542 7 34 !
2991 7566 6 7 .

2865 7593 85 46 Que
2977 7591 151 47 signifie
3152 7591 15 36 ?

3150 7705 314 27 INFORMATIONS

2870 7796 87 35 Fête
2982 7798 19 33 à
3024 7797 189 34 souhaiter
3230 7808 10 22 :
3256 7793 260 38 Saint-Edme.

2870 7893 274 40 L'Université
3166 7895 66 36 des
3255 7895 174 35 Annales
3453 7895 189 44 inaugure
3665 7893 154 35 demain

2818 7947 121 50 jeudi,
2953 7946 45 44 ..à
3028 7956 26 35 5,
3081 7947 152 45 heures,
3265 7958 42 23 sa
3339 7946 178 36 nouvelle
3550 7945 141 43 maison,
3724 7955 95 24 avec

2817 8010 74 24 une
2916 7996 302 39 conférence.de
3243 8003 110 32 notre
3378 7997 148 41 illustre
3550 7996 270 36 (:úlaborateur

2817 8049 99 46 Jean
2946 8043 202 50 Richepin.
3181 8048 74 37 Les
3285 8048 167 34 lecteurs
3484 8044 245 40 d'Excelsior
3759 8057 60 24 sa-

2818 8106 92 29 vent
2952 8099 239 36 l'admirable
3234 8097 186 39 écrivain,
3463 8105 34 27 le
3540 8097 110 46 j-.ète
3692 8097 124 44 qu'est

2817 8152 99 45 Jean
2953 8150 201 45 Richepin.
3194 8149 107 36 C'est
3335 8149 104 35 aussi
3478 8160 51 25 un
3576 8148 243 37 uerveilieu;'

2817 8209 158 31 orateur
3009 8208 37 31 et
3080 8200 312 48 improvisateur.

3930 545 58 38 La
4025 547 172 37 semaine
4234 549 182 36 suivante
4453 563 41 23 se
4531 551 132 37 feront
4701 554 187 36 entendre

3878 594 185 43 Frédéric
4093 599 176 44 Masson,
4300 599 181 40 Edmond
4512 604 266 45 Haraucourt,
4809 604 79 41 Eu-

3877 648 99 46 gène
4004 649 161 45 Brieux,
4193 657 97 32 etc...

3931 751 120 36 Lever
4077 753 49 34 du
4151 755 107 34 soleil
4275 767 12 22 :
4317 765 19 32 7
4363 756 32 34 h.
4426 767 49 32 13.
4504 756 168 37 Coucher
4691 771 10 22 :
4730 770 21 31 4
4776 760 33 33 h.
4839 760 48 35 18.

3930 839 302 48 Rumpelmayer
4253 856 47 23 ne
4322 844 238 37 considérait
4580 857 69 36 pas
4670 846 92 47 qu'il
4783 848 106 36 avait

3879 901 108 26 assez
4017 892 91 46 gâté
4137 893 56 36 les
4223 894 199 47 élégantes
4453 896 263 46 Parisiennes,
4747 898 27 36 il
4804 899 85 37 leur

3880 941 191 39 réservait
4116 957 76 26 une
4238 948 181 37 nouvelle
4466 949 173 46 surprise
4686 962 96 25 avec
4828 963 60 25 ses

3886 1007 20 22 «
3950 995 98 46 light
4088 997 215 39 luncheons
4345 1013 22 21 »
4410 1000 65 46 qui
4516 1001 85 36 leur
4642 1007 246 41 permettent,

3879 1047 100 36 ainsi
4004 1048 145 45 qu'aux
4174 1049 228 49 étrangères
4428 1064 49 24 en
4501 1053 115 36 visite
4642 1053 23 37 à
4691 1054 125 44 Paris,
4842 1056 46 36 de

3879 1098 189 47 déjeuner
4099 1101 97 37 dans
4226 1115 53 24 un
4309 1103 68 37 des
4407 1104 86 46 plus
4522 1104 130 39 beaux
4681 1106 207 46 quartiers,

3880 1151 88 45 près
3996 1151 52 37 du
4073 1154 157 39 Louvre
4257 1160 39 31 et
4323 1167 50 25 au
4401 1161 133 32 centre
4560 1157 52 36 du
4639 1158 176 46 quartier
4841 1159 48 37 de

3878 1203 38 36 la
3941 1204 122 37 mode.

3932 1256 276 40 L'innovation
4233 1264 58 32 est
4316 1260 179 47 pratique
4519 1266 39 31 et
4581 1261 48 37 de
4652 1262 98 47 plus,
4777 1263 111 37 char-

3878 1313 143 32 mante.

3937 1392 259 45 Température
4233 1399 21 33 à
4288 1398 94 35 Nice
4402 1411 11 22 :
4453 1399 195 42 Moyenne,
4688 1404 37 37 +
4767 1401 71 35 18°.

3932 1472 75 39 Les
4043 1472 112 48 tapis,
4192 1480 155 31 surtout
4382 1476 55 36 les
4474 1476 103 47 tapis
4614 1477 159 38 anciens
4810 1491 80 25 aux

3879 1528 88 31 tons
4002 1525 146 36 chauds
4183 1532 37 29 et
4254 1527 185 44 nuancés,
4474 1528 181 46 ajoutent
4688 1542 75 24 une
4798 1537 90 32 note

3879 1573 102 38 d'art
4010 1588 79 25 aux
4116 1577 200 38 mobiliers
4345 1579 187 47 élégants.
4563 1580 33 36 Il
4626 1587 58 30 est
4713 1583 100 38 donc
4841 1584 47 36 de

3880 1626 168 39 l'intérêt
4073 1629 46 36 de
4144 1641 81 25 110S,
4241 1631 188 38 Lecteurs
4454 1632 48 35 de
4526 1632 138 37 visiter
4688 1634 35 36 le
4752 1635 43 36 16
4820 1648 68 25 no-

3879 1680 158 37 vembre
4062 1687 37 30 et
4125 1681 112 47 jours
4264 1683 178 37 suivants
4468 1682 264 50 l'Exposition
4758 1687 47 37 de
4831 1693 57 31 ta-

3879 1731 59 47 pis
3963 1733 170 44 anciens,
4158 1734 101 36 ainsi
4283 1735 117 46 qu'un
4424 1736 126 46 grand
4575 1736 119 38 choix
4716 1738 47 36 de
4786 1740 102 46 tapis

3879 1785 217 39 modernes,
4133 1786 47 36 de
4217 1792 128 31 toutes
4380 1799 282 36 provenances,
4700 1790 96 37 dans
4833 1793 55 36 les

3880 1837 168 45 galeries
4081 1838 46 36 de
4161 1838 39 36 la
4233 1839 152 37 maison
4418 1840 172 48 Waring
4624 1841 77 38 and
4736 1842 152 47 Gillow,

3878 1888 59 45 62,
3966 1901 150 26 avenue
4142 1891 67 36 des
4238 1889 365 50 Champs-Elysées.

4069 1995 303 42 NOUVELLE
4392 1998 36 36 A
4451 1997 70 41 LA
4545 1998 150 38 MAIN

3932 2093 113 39 Lisez
4075 2095 144 37 devant
4248 2095 184 47 quelques
4462 2097 99 37 amis
4589 2097 39 38 la
4656 2098 181 38 nouvelle
4867 2098 22 38 à

3879 2146 37 36 la
3944 2146 107 37 main
4079 2147 48 37 de
4155 2153 112 31 votre
4296 2148 171 47 journal.

3915 2231 64 6 —
4008 2208 105 39 C'est
4146 2223 109 25 assez
4289 2211 121 45 drôle,
4444 2213 87 37 dira
4562 2213 92 45 l'un,
4687 2215 99 37 mais
4818 2214 70 48 j'ai

3879 2263 169 36 entendu
4071 2276 56 34 ça,
4151 2276 49 24 au
4224 2264 137 42 cercle,
4384 2264 26 36 il
4432 2278 25 34 y
4480 2277 23 25 a
4525 2266 139 46 quinze
4686 2267 148 46 jours...

3929 2336 50 5 —
4008 2315 180 45 Parbleu,
4222 2317 86 36 dira
4341 2316 150 45 l'autre,
4524 2317 94 37 c'est
4649 2331 76 25 une
4757 2319 131 38 vieille

3878 2367 163 47 légende
4068 2368 98 36 tirée
4190 2369 95 36 d'un
4312 2369 159 47 journal
4500 2372 202 36 amusant!

3929 2441 50 5 —
4007 2421 111 36 Vous
4151 2419 65 48 n'y
4247 2421 80 36 êtes
4360 2433 81 35 pas,
4474 2421 202 39 déclarera
4708 2436 53 24 un
4792 2425 95 37 troi-

3880 2472 130 43 sième,
4047 2472 93 37 c'est
4175 2485 53 25 un
4262 2479 81 32 mot
4377 2473 81 37 très
4495 2486 128 25 connu
4659 2473 228 41 d'Aurélien

3879 2524 144 39 Scholl.

3929 2599 49 5 —
4006 2578 125 46 ...Que
4166 2577 133 39 Scholl
4331 2578 198 37 d'ailleurs
4563 2592 23 24 a
4618 2579 140 38 trouvé
4791 2581 96 37 dans

3878 2630 55 37 les
3970 2629 217 38 Mémoires
4223 2631 47 36 de
4307 2630 287 46 Saint-Simon,
4633 2632 182 47 ajoutera
4853 2634 35 37 le

3878 2682 227 47 quatrième.

3929 2733 210 40 Excelsior
4167 2747 23 24 a
4218 2735 125 44 envie,
4374 2748 71 35 par
4474 2736 209 48 prudence,
4714 2737 173 38 d'intitu-

3877 2788 58 37 ler
3964 2792 100 32 cette
4093 2787 186 47 rubrique
4303 2800 8 24 :

4072 2855 295 42 ANCIENNE
4387 2855 37 39 A
4447 2854 70 44 L'A
4541 2858 150 38 MAIN

4730 2921 97 37 Fun.

3876 3054 160 114 Une
4074 3054 176 112 Fête
4290 3070 48 96 à
4372 3050 516 120 l'Ambassade

4064 3224 128 114 des
4264 3204 438 134 États-Unis

3935 3438 72 41 M.
4048 3437 307 53 Choufleury
4391 3439 123 39 chez
4547 3439 73 40 M.
4654 3438 177 42 Bacon

3931 3543 58 39 La
4015 3542 155 40 Société
4196 3543 46 37 de
4268 3543 207 37 l'Histoire
4502 3543 52 37 dit
4582 3542 180 47 Théâtre,
4789 3558 99 35 pour

3877 3608 76 24 une
3982 3596 296 37 manifestation
4309 3596 173 37 destinée
4512 3596 23 36 à
4565 3603 230 40 augmenter
4825 3610 61 25 ses

3879 3659 167 26 revenus
4086 3654 37 30 et
4163 3654 210 41 permettre
4425 3646 319 40 l'établissement
4795 3650 91 37 d'un

3877 3699 140 38 Musée
4045 3701 51 36 dit
4125 3699 182 45 Théâtre,
4334 3701 164 37 donnait
4524 3714 53 24 un
4604 3707 159 32 concert
4789 3703 97 36 dans

3878 3752 55 37 les
3968 3753 131 37 salons
4137 3754 302 46 obligeamment
4474 3753 73 37 mis
4584 3753 22 37 à
4642 3766 43 25 sa
4720 3754 165 48 disposi-

3877 3805 85 37 tion
3987 3818 71 35 par
4085 3807 56 36 M.
4171 3807 145 37 Bacon.

3927 3857 112 38 Cette
4075 3859 89 44 fois,
4198 3859 87 46 plus
4319 3859 47 36 de
4398 3858 271 48 grand-croix,
4705 3859 46 36 de
4787 3872 102 25 com-

3877 3911 190 36 mandeur
4106 3910 175 48 gourmé,
4322 3911 214 37 d'attachés
4576 3911 205 37 militaires
4822 3924 68 34 ga-

3878 3962 146 45 lonnés,
4066 3963 171 37 corsetés
4276 3964 47 35 de
4361 3964 161 46 tunique
4560 3975 96 25 azur
4693 3976 51 24 ou
4784 3965 106 36 rubis

3877 4021 38 30 et
3941 4015 94 37 dont
4061 4016 35 35 le
4122 4021 105 32 torse
4255 4016 185 37 constellé
4468 4016 185 36 rehausse
4681 4016 32 35 si
4739 4017 151 46 magni-

3876 4067 209 47 fiquement
4113 4068 34 36 le
4177 4068 127 46 grand
4333 4067 187 38 décolleté
4550 4068 67 36 des
4647 4068 144 36 dames.

3926 4120 280 46 Aujourd'hui,
4238 4120 77 37 l'on
4346 4120 142 36 entend
4519 4120 84 36 dire
4633 4120 144 36 devant
4808 4133 82 24 cer-

3877 4172 102 36 tains
4015 4172 149 44 cadres,
4200 4172 194 36 certaines
4429 4172 165 36 vitrines
4628 4172 47 36 de
4711 4172 179 47 l'exposi-

3877 4225 95 44 tion,
3998 4225 67 36 des
4090 4224 206 38 souvenirs
4324 4225 46 35 de
4395 4224 152 36 théâtre
4574 4224 128 47 prêtés
4728 4233 87 38 par
4824 4225 66 36 des

3877 4283 198 30 amateurs
4101 4289 7 23 :
4149 4290 20 21 «
4205 4277 65 35 Ah
4297 4277 9 37 1
4352 4276 201 39 Hortense
4602 4275 221 37 Schneider
4843 4278 47 35 L.

3876 4329 60 38 La
3956 4328 207 38 Péricholc
4186 4331 50 34 'J...
4259 4350 49 5 —
4330 4328 97 48 -i\lbll,
4450 4327 78 36 l'un
4552 4328 48 36 de
4622 4340 81 23 mes
4729 4334 161 41 regrets,

3879 4381 93 37 c'est
4000 4381 47 36 de
4074 4380 153 37 n'avoir
4254 4392 51 35 pu
4334 4380 225 36 l'entendre.
4588 4401 49 5 —
4664 4380 70 36 Ma
4764 4380 125 44 chère,

3878 4433 73 37 elle
4005 4433 131 37 devait
4191 4432 82 40 être
4328 4431 233 47 bourgeoise
4588 4432 46 37 !...
4663 4453 49 5 —
4742 4432 146 46 Agar...

3877 4508 48 5 —
3958 4486 64 36 Ah
4050 4486 7 36 !
4091 4486 67 35 des
4189 4485 92 36 bras
4313 4484 267 47 magnifiques.
4612 4505 51 5 —
4694 4484 63 37 Oh
4784 4485 7 35 !
4827 4497 63 24 ces

3880 4539 204 47 chapeaux
4118 4538 46 35 de
4201 4537 111 47 singe
4348 4536 154 38 coiffé...
4538 4557 49 5 —
4622 4534 75 38 Ces
4733 4536 156 37 crinoli-

3877 4603 70 24 nes
3975 4591 45 37 !...
4047 4611 49 5 —
4125 4589 271 46 Croyez-vous
4424 4600 74 34 que
4526 4588 54 36 les
4609 4587 204 37 entravées
4842 4601 48 24 ne

3880 4649 132 31 seront
4046 4654 69 35 pas
4163 4642 105 36 aussi
4318 4640 195 42 ridicules,
4550 4640 95 36 dans
4682 4640 208 46 cinquante

3879 4708 70 24 ans
3974 4696 15 36 ?
4014 4717 50 4 —
4090 4694 138 48 Quelle
4256 4693 72 47 âge
4355 4698 92 41 peut
4474 4693 88 35 bien
4591 4692 111 36 avoir
4729 4692 160 47 aujour-

3879 4748 105 36 d'hui
4025 4752 135 32 cette...
4197 4767 50 5 —
4284 4746 65 37 Oh
4376 4745 6 36 !
4422 4756 99 26 vous
4557 4757 49 23 ne
4644 4756 138 35 croyez
4821 4757 69 34 pas

3878 4800 138 47 qu'elle
4050 4805 56 30 est
4140 4803 124 32 morte
4291 4798 7 35 !
4336 4811 20 21 »

3928 4853 58 39 La
4009 4852 94 37 voix
4129 4850 188 38 féminine
4341 4863 22 23 a
4386 4849 57 36 dit
4467 4861 64 24 ces
4555 4854 99 32 mots
4678 4861 94 24 avec
4797 4861 93 35 gen-

3878 4905 159 40 tillesse.
4068 4915 148 25 comme
4246 4902 32 35 si
4308 4902 37 36 la
4374 4907 103 31 mort
4506 4901 94 36 était
4631 4901 37 36 la
4696 4900 105 36 seule
4832 4900 58 37 ré-

3879 4968 207 36 compense
4121 4955 64 47 qui
4221 4954 131 48 puisse
4388 4953 134 37 échoir
4556 4965 81 24 aux
4673 4952 217 37 comédien-

3878 5021 81 29 nes,
3995 5008 22 37 à
4052 5007 147 37 l'heure
4233 5006 51 38 où
4319 5011 108 31 toute
4463 5004 183 47 jeunesse
4682 5004 54 37 les
4772 5004 117 37 aban-

3879 5062 139 36 donne.
4574 5074 7 2 -

3909 5114 135 39 -Mais,
4067 5112 166 37 laissons
4255 5111 33 36 le
4311 5109 131 38 musée
4464 5121 98 36 pour
4584 5109 33 36 le
4639 5114 168 38 concert,
4831 5107 58 37 ré-

3879 5165 219 47 trospectif,
4131 5163 53 37 lui
4217 5163 105 37 aussi
4349 5175 6 23 :
4391 5160 96 38 Mlle
4520 5161 153 36 Ariette
4706 5160 179 46 Dorgère

3877 5218 109 37 vient
4015 5218 161 36 chanter
4206 5214 162 40 l'Evohé
4397 5214 197 46 d'Orphée
4623 5225 79 24 aux
4730 5211 158 48 Enfers.

3879 5271 64 36 On
3975 5282 49 24 ne
4056 5281 116 35 pense
4205 5267 85 48 plus
4322 5279 80 24 aux
4433 5265 134 38 étoiles
4599 5265 46 36 de
4678 5264 75 37 l'an
4785 5264 102 37 mil...

3877 5322 85 36 huit
3999 5327 87 31 cent
4121 5319 299 45 soixante-cinq,
4457 5330 46 23 en
4541 5317 211 47 regardant
4788 5322 100 30 cette

3879 5375 118 42 jeune
4021 5374 146 36 artiste.
4192 5370 285 38 Avaient-elles
4501 5369 85 43 plus
4610 5368 204 43 d'entrain,
4839 5369 46 35 de

3877 5427 95 37 voix
4008 5432 37 30 et
4082 5426 46 36 de
4165 5415 171 46 fraîches
4374 5421 191 44 couleurs,
4602 5420 54 37 les
4692 5420 112 36 divas
4842 5421 46 36 de

3878 5479 36 36 ]
3914 5479 181 36 ancienne
4125 5476 172 47 opérette
4335 5475 52 36 ?...

3927 5531 80 35 Des
4058 5527 242 38 demoiselles
4350 5526 165 36 dansent
4566 5536 46 25 en
4664 5523 190 38 crinoline
4879 5536 7 24 :

3884 5596 20 19 «
3929 5582 105 36 Mais
4057 5581 91 36 elles
4173 5585 87 31 sont
4284 5579 247 36 charmantes
4558 5577 7 35 !
4589 5597 50 6 —
4661 5575 75 38 Ces
4760 5576 127 36 crino-

3878 5634 98 37 lines
4004 5633 185 37 faisaient
4214 5643 75 24 une
4317 5629 106 37 taille
4451 5629 6 36 !
4489 5640 158 25 susurre
4675 5628 139 47 auprès
4843 5628 46 36 de

3877 5686 77 37 moi
3993 5698 75 23 une
4105 5685 123 41 dame,
4266 5682 84 36 hier
4387 5692 140 25 encore
4571 5694 20 21 «
4631 5680 184 36 entravée
4853 5694 34 22 ».

3878 5738 106 42 Puis,
4014 5750 43 23 ce
4087 5742 87 31 sont
4203 5735 67 36 des
4301 5744 203 27 romances
4534 5732 46 36 de
4611 5731 168 37 Nadaud
4805 5744 7 23 :
4843 5731 46 38 Si

3876 5791 36 35 la
3941 5790 184 37 Garonne
4153 5779 106 46 avait
4286 5786 131 41 voulu,
4445 5784 172 36 lanturlu
4640 5787 20 36 !
4682 5784 74 39 Les
4784 5796 102 34 yeux

3878 5855 40 23 se
3955 5846 186 32 tournent
4176 5840 97 35 dans
4310 5838 36 35 la
4383 5836 191 37 direction
4612 5836 66 36 des
4717 5835 171 37 fenêtres

3878 5894 65 46 qui
3965 5894 172 36 donnent
4159 5903 66 25 sur
4246 5890 36 37 la
4305 5888 153 40 Seine...
4481 5888 169 37 Nadaud
4672 5893 58 31 est
4751 5885 138 39 trouvé

3877 5946 148 46 exquis.

3931 6009 116 44 Mais,
4068 6007 101 38 voici
4189 6006 96 37 Mlle
4305 6005 144 36 Berthe
4469 6002 142 49 Cerny,
4630 6015 75 25 une
4724 6002 159 47 exquise

3879 6067 37 31 et
3954 6061 90 37 bien
4080 6060 185 37 moderne
4305 6056 249 44 Parisienne;
4596 6056 96 37 Mlle
4733 6054 149 43 Géniat,

3879 6126 74 24 une
3987 6113 229 36 Parisienne
4249 6109 47 37 de
4328 6109 165 43 demain,
4527 6108 96 36 dans
4656 6108 56 35 les
4743 6106 140 36 Brebis

3880 6165 46 37 de
3948 6166 198 45 Panurge,
4171 6162 244 45 de.Meilhac
4440 6166 37 30 et
4502 6160 166 46 Halévy.
4695 6160 74 38 Les
4794 6157 89 47 grâ-

3880 6230 63 24 ces
3975 6218 52 36 du
4059 6217 181 45 dialogue
4286 6226 48 24 ne
4379 6212 220 48 paraissent
4642 6211 109 47 point
4794 6216 87 40 trop

3879 6270 246 36 vieillottes...
4161 6267 104 37 Mais
4300 6278 112 31 non,,,
4447 6265 37 35 A
4518 6263 147 47 peine...
4701 6260 180 41 Evidem-

3879 6327 116 37 ment,
4032 6321 35 36 le
4103 6320 151 36 théâtre
4303 6318 46 36 de
4400 6317 55 36 M.
4493 6314 160 38 Tristan
4705 6312 176 38 Bernard

3879 6373 179 37 n'exhale
4089 6384 69 34 pas
4191 6376 98 31 cette
4321 6369 118 47 petite
4470 6373 156 31 senteur
4657 6366 46 36 de
4736 6365 145 47 poudre

3880 6426 46 36 de
3953 6425 55 36 riz
4034 6424 151 37 oubliée
4208 6423 96 37 dans
4328 6434 75 24 une
4428 6419 168 39 armoire
4621 6418 22 36 à
4667 6418 37 36 la
4729 6429 153 35 campa-

3878 6490 111 34 gne...

3927 6540 100 37 ...Au
4064 6540 142 36 second
4242 6524 159 61 EAipire
4437 6536 46 37 de
4520 6534 171 37 Meilhac
4725 6538 38 30 et
4801 6533 83 36 Ha-

3877 6592 87 46 lévy
3989 6598 37 30 et
4049 6591 260 36 d'Offenbach
4336 6589 161 36 succède
4522 6587 242 36 maintenant
4789 6585 96 36 dans

3879 6645 37 35 1:1
3942 6644 94 36 salle
4061 6643 46 36 de
4134 6648 156 31 concert
4316 6641 98 37 celui
4440 6640 46 35 de
4511 6638 140 37 Victor
4676 6637 132 46 Hugo,
4835 6637 46 36 de

3878 6695 246 42 Baudelaire,
4157 6695 47 36 de
4238 6695 152 34 Musset
4423 6691 121 36 même
4579 6689 113 46 (avec
4725 6703 51 23 un
4810 6704 74 34 peu

3878 6748 46 36 de
3950 6747 126 36 bonne
4102 6745 156 37 volonté
4273 6746 26 46 !)
4330 6749 37 31 et
4392 6744 46 35 de
4466 6742 165 36 Berlioz.

3933 6810 114 37 Voici
4071 6810 55 35 M.
4149 6810 47 36 de
4218 6809 108 42 Max,
4349 6806 64 46 qui
4436 6807 159 35 incarne
4618 6811 84 31 tout
4724 6807 34 35 le
4781 6818 101 34 mys-

3880 6862 93 43 tère,
4003 6862 35 35 le
4068 6862 131 45 spleen
4228 6859 151 37 troublé
4409 6858 50 36 du
4489 6857 111 47 poète
4631 6858 51 35 du
4710 6858 171 43 Balcon;

3880 6914 106 36 Mme
4020 6913 136 36 Bartet
4187 6919 38 29 et
4258 6912 54 36 M.
4346 6910 137 36 Albert
4516 6910 195 43 Lambert,
4744 6910 37 36 la
4814 6922 67 34 pu-

3880 6965 92 43 reté,
4003 6965 55 36 les
4090 6964 132 36 nobles
4254 6963 138 41 forces,
4425 6961 54 36 les
4511 6961 185 36 attitudes
4728 6962 75 45 qui,
4832 6962 49 35 de

3881 7017 171 42 Phidias,
4086 7021 68 31 ont
4188 7028 44 24 su
4266 7027 46 24 ne
4348 7014 83 35 rien
4465 7013 139 45 perdre
4637 7012 151 37 d'avoir
4822 7012 60 36 été

3880 7080 137 24 revues
4046 7079 71 35 par
4146 7067 224 46 Clésinger;
4400 7064 102 37 voici
4534 7064 106 36 Mme
4669 7065 138 39 De!na,
4839 7077 42 22 ce

3878 7125 170 38 torrent;
4072 7119 107 36 Mme
4204 7119 169 41 Simone,
4396 7116 63 47 qui
4484 7115 73 36 fait
4579 7128 139 34 penser
4740 7115 22 36 à
4786 7116 95 35 Mlle

3879 7171 283 46 Reichemberg
4187 7170 23 36 à
4235 7177 152 29 travers
4415 7169 101 35 Rose
4543 7166 131 37 Chéri.
4691 7178 6 5 '

3931 7222 49 39 Et
4002 7222 97 47 puis,
4121 7223 125 45 quelle
4270 7220 170 47 surprise
4467 7232 6 23 :
4496 7231 74 23 une
4594 7218 172 36 comédie
4790 7216 90 38 d'un

3879 7276 84 35 duc.
3994 7275 64 36 On
4085 7279 58 31 est
4170 7273 181 47 toujours
4380 7270 145 38 affublé
4553 7269 91 36 d'un
4671 7269 133 37 besoin
4834 7270 46 35 de

3879 7326 204 42 snobisme,
4113 7322 161 38 n'est-ce
4303 7336 80 35 pas,
4412 7322 22 37 à
4464 7334 61 24 ces
4555 7321 99 36 fêtes
4683 7320 197 47 élégantes

3878 7384 37 30 et
3946 7377 170 36 chères...
4147 7377 56 35 M.
4238 7375 242 47 Clzolifleury
4509 7378 150 32 restera
4691 7373 93 35 chez
4814 7373 65 42 lui,

3878 7442 71 34 par
3975 7430 34 34 le
4036 7429 74 35 duc
4135 7428 47 36 de
4209 7429 155 43 Morny.
4392 7427 130 41 Alors,
4549 7425 34 35 le
4610 7423 198 47 président
4833 7424 47 36 de

3878 7483 34 35 la
3945 7479 192 37 Chambre
4166 7479 179 46 occupait
4376 7490 59 23 ses
4464 7477 130 36 loisirs
4623 7475 21 36 à
4675 7475 123 37 écrire
4827 7487 53 23 un

3878 7533 156 35 libretto
4071 7530 246 46 d'opérette...
4355 7530 64 35 On
4456 7528 133 36 faisait
4627 7527 150 46 répéter
4813 7526 66 36 des

3879 7585 229 34 chanteuses
4133 7582 149 45 légères
4306 7586 37 31 et
4367 7581 67 35 des
4459 7579 194 46 comiques
4679 7578 21 36 à
4726 7578 35 35 la
4788 7577 91 36 Pré-

3878 7635 155 38 sidence
4057 7634 46 36 de
4127 7634 37 35 la
4188 7632 206 37 Chambre.
4419 7633 54 37 Le
4497 7631 73 35 duc
4595 7629 191 36 n'avait-il
4812 7639 67 36 pas

3878 7698 98 35 pour
4001 7684 209 37 secrétaire
4237 7684 200 45 Alphonse
4465 7681 218 37 Daudet?...
4714 7681 84 45 Que
4825 7680 54 35 les

3877 7745 123 38 temps
4034 7741 88 31 sont
4156 7735 169 46 changés
4341 7735 6 34 !

3930 7790 53 37 Le
4013 7787 141 37 second
4184 7786 170 46 Empire,
4384 7785 94 36 dont
4505 7796 50 24 on
4585 7795 34 31 a,
4648 7783 169 46 pendant
4846 7781 31 35 si

3876 7840 230 46 longtemps,
4136 7843 84 30 tant
4250 7837 138 41 médit,,
4411 7835 58 35 s'il
4501 7835 106 35 avait
4637 7846 60 24 ses
4727 7833 154 36 défauts

3876 7891 107 36 avait
4019 7901 60 24 ses
4115 7888 175 48 qualités.
4328 7888 54 38 Le
4404 7898 6 3 '
4429 7885 151 36 théâtre
4629 7884 175 46 plaidera
4840 7895 41 23 sa

3878 7954 126 25 cause.
4033 7941 31 35 Il
4090 7953 24 33 y
4140 7952 23 24 a
4189 7940 45 35 de
4261 7939 103 44 pires
4391 7942 170 34 avocats.
4591 7935 104 36 Mais
4721 7935 35 35 le
4783 7934 94 46 plai-

3876 8000 87 32 sant
3987 7984 147 45 n'est-il
4160 8003 69 34 pas
4255 8002 72 34 que
4355 7994 99 31 cette
4480 7987 168 36 matinée
4667 7986 212 41 d'artistes,

3876 8044 187 37 féminine
4087 8049 37 29 et
4148 8041 233 47 parisienne,
4408 8044 99 31 cette
4532 8037 202 46 gracieuse
4760 8036 120 35 exhu-

3877 8097 158 37 mation,
4066 8095 104 35 aient
4198 8104 46 25 eu
4273 8103 98 35 pour
4400 8091 115 35 cadre
4545 8087 253 37 l'ambassade
4827 8087 51 35 du

3877 8160 93 30 eays
4001 8147 67 37 des
4100 8145 264 37 busiJ/csslllell
4387 8146 14 33 !

4454 8191 139 38 Albert
4625 8187 206 40 FLAMENT.
4901 8180 11 53 J

5108 579 214 42 VEILLES
5346 584 68 39 ET
5438 587 346 43 LENDEMAINS

5078 712 148 90 Le
5294 716 520 116 Mariage

5408 838 80 44 de

4966 904 468 96 Justine
5518 914 404 94 Poulet

5433 1078 18 38 I

4943 1140 34 38 A
5026 1140 93 39 Mlle
5163 1143 173 40 Jeanne
5382 1146 207 48 Bérigny,
5635 1150 125 44 place
5807 1154 124 34 d'An-

4998 1192 140 49 daola,
5172 1195 26 38 à
5233 1197 279 41 Tananarive
5546 1202 345 45 (Madagascar).

5152 1264 76 40 Ma
5251 1266 129 40 chère
5404 1267 245 52 Jeannotte,

4998 1326 66 39 Tu
5112 1338 77 29 vas
5239 1331 147 38 sauter
5434 1343 54 27 en
5536 1333 97 41 l'air
5680 1347 55 27 en
5785 1349 158 32 appre-

4948 1379 109 38 nant
5091 1380 46 38 la
5171 1383 167 46 grande
5375 1386 203 38 nouvelle
5615 1388 41 38 et
5692 1390 170 40 surtout
5896 1392 46 38 ttt

4946 1430 117 38 m'en
5088 1433 189 40 voudras
5302 1435 53 39 de
5377 1436 40 39 te
5440 1437 45 39 la
5509 1437 93 39 dire
5626 1439 38 38 si
5687 1440 109 40 tard,
5820 1439 128 45 près-!

4947 1492 83 38 que
5058 1482 26 38 à
5109 1484 45 38 la
5182 1484 199 41 dernière
5409 1489 183 43 minute,
5622 1491 53 40 de
5702 1492 100 40 telle
5830 1496 117 40 sortel

4947 1534 132 47 qu'au
5116 1539 200 38 moment
5353 1539 56 39 où
5446 1540 47 39 tu
5530 1542 45 39 la
5611 1543 122 41 liras,
5773 1555 105 29 sans
5916 1557 31 31 y

4948 1586 149 48 croire,
5138 1588 83 39 elle
5262 1600 98 29 sera
5399 1592 130 40 chose
5571 1596 245 46 accomplie
5840 1597 8 38 !
5893 1598 51 37 Je

4946 1640 202 46 pourrais
5177 1641 147 39 même
5352 1642 25 40 à
5405 1643 179 43 présent
5611 1658 72 27 me
5711 1648 234 43 dispenser

4947 1689 52 39 de
5024 1689 84 40 t'en
5135 1691 114 41 faire
5274 1695 109 43 part,
5411 1705 75 29 car
5510 1696 46 39 tu
5583 1708 48 28 as
5658 1699 103 44 déjà
5787 1701 159 41 devine

4947 1741 53 38 de
5029 1743 101 47 quoi
5159 1744 31 38 il
5220 1745 139 50 s'agit.
5386 1747 62 40 La
5477 1749 167 46 grande
5672 1753 216 42 nouvelle,
5918 1752 26 41 à

4947 1793 123 39 notre
5108 1795 92 48 âge,
5240 1797 211 49 qu'est-ce
5489 1811 85 38 que
5612 1812 52 36 ça
5700 1804 104 45 peut
5840 1805 103 39 bien

4947 1847 101 46 être,
5076 1847 129 39 sinon
5233 1861 52 35 ça
5305 1850 19 38 ?
5351 1850 161 41 Ecoute
5539 1853 113 38 donc
5680 1854 41 39 et
5746 1854 198 45 tiens-toi

4946 1908 112 38 pour
5093 1909 55 28 ne
5182 1911 80 38 pas
5297 1902 170 39 tomber
5501 1904 25 39 à
5559 1905 56 39 la-
5638 1916 219 30 renverse.
5893 1907 51 41 Je

4946 1960 72 28 me
5061 1951 139 39 marie
5244 1952 41 39 et
5326 1953 198 47 j'épouse
5567 1968 60 27 un
5672 1959 167 45 prince,
5883 1971 65 29 un

4946 2002 154 47 prince
5131 2003 164 47 italien,
5326 2006 115 39 mais
5472 2007 30 38 il
5531 2020 28 32 y
5588 2020 55 28 en
5675 2021 26 28 a
5729 2011 53 39 de
5811 2012 133 43 vrais,

4947 2053 40 38 et
5016 2054 46 39 io
5091 2056 120 38 mien
5245 2057 65 39 est
5343 2058 53 39 de
5430 2059 108 39 cette
5573 2061 296 46 catégorie-là,
5903 2065 43 35 le

4946 2105 153 48 prince
5131 2107 505 48 Evangelista-Gaétano
5668 2109 279 46 Barbarico.J

4946 2156 334 44 Parfaitement.

4999 2209 50 39 Je
5070 2211 201 41 m'arrête
5291 2224 113 36 pour
5423 2215 40 39 te
5483 2216 162 39 laisser
5664 2217 40 39 le
5725 2218 143 46 temps
5891 2216 55 44 aë

4947 2263 196 48 compter
5166 2264 105 39 trois
5297 2277 199 29 mesures
5522 2269 41 38 et
5586 2269 54 39 de
5664 2269 41 39 te
5728 2271 218 41 remettre]

4945 2312 227 42 tellement
5202 2317 45 45 je
5276 2318 41 39 te
5347 2319 95 38 vois
5476 2320 99 39 d'ici
5608 2331 173 30 comme
5814 2324 36 38 si
5881 2324 65 42 j'y

4946 2364 123 50 étais,
5091 2367 199 41 t'écriant
5319 2381 8 27 :
5357 2385 19 21 «
5400 2371 95 40 Elle
5518 2373 65 39 est
5605 2373 127 40 folle!
5761 2390 20 20 »
5808 2375 138 45 Quoi?;

4945 2428 106 28 mon
5072 2418 179 41 Poulet?
5272 2421 187 50 épouser
5480 2435 59 28 un
5561 2426 181 43 prince?
5758 2426 95 39 Elle
5870 2429 77 43 qui;

4945 2481 56 27 ne
5030 2470 143 50 bouge
5201 2484 81 38 pas
5312 2475 59 38 du
5401 2486 133 28 creux
5563 2477 52 38 de
5635 2475 60 42 'sa
5723 2479 224 40 Norman-'

4945 2522 70 39 die
5039 2522 9 38 !
5072 2524 75 48 qui
5168 2534 54 29 ne
5241 2526 89 38 voit
5348 2538 220 37 personne
5593 2529 7 38 !
5624 2530 115 38 Mais
5760 2530 54 39 où
5834 2531 112 39 l'au-

4945 2574 192 40 rait-elle
5165 2578 230 39 rencontré
5424 2590 79 28 son
5533 2581 237 39 Barbarico
5792 2584 18 37 ?
5837 2583 37 38 A
5901 2578 46 44 lai

4946 2626 112 39 foire
5082 2628 52 39 de
5158 2628 322 51 Croquebæuf?
5504 2631 25 39 à
5551 2632 179 41 Rouen?
5754 2635 59 43 Ça
5834 2635 112 41 n'est

4945 2689 81 38 pas
5050 2681 207 47 possible.
5286 2696 19 21 »
5376 2715 8 14 ,

4998 2730 52 39 Et
5080 2733 208 47 pourtant
5320 2734 37 39 si
5382 2734 8 38 !
5424 2734 131 41 Voilà
5588 2738 224 39 comment
5843 2724 103 55 c'est

4948 2783 153 39 arrivé.
5131 2785 51 39 Je
5209 2785 74 39 t'ai
5312 2786 107 40 écrit
5448 2798 97 35 que,
5575 2789 157 45 depuis
5761 2789 102 47 près
5893 2792 53 39 de

4946 2834 115 39 deux
5083 2847 94 37 ans,
5198 2849 184 28 maman
5406 2839 171 40 n'allait
5597 2852 81 36 pas
5701 2842 62 39 du
5781 2843 91 39 tout
5892 2844 54 39 de

4945 2886 226 41 l'estomac
5199 2890 42 37 et
5269 2901 84 36 que
5381 2891 97 39 tous
5508 2893 63 38 les
5600 2893 206 48 régimes,
5836 2893 109 45 secsj

4945 2939 149 47 lactés,
5135 2941 276 47 végétariens
5453 2955 55 28 ne
5548 2946 209 39 venaient
5796 2958 81 35 pas
5919 2942 26 45 àl

4944 2991 106 39 bout
5072 2992 51 39 de
5145 2993 45 38 la
5211 2995 217 42 soulager,
5450 2996 94 39 tant
5565 2997 42 38 et
5627 2998 38 38 si
5687 2999 104 41 mal,
5814 2999 131 46 qu'en

4945 3043 61 39 fin
5041 3044 52 39 de
5128 3046 173 50 compte
5335 3047 122 39 notre
5490 3049 132 38 vieux
5654 3050 217 48 médecin,
5906 3052 39 38 le

4945 3096 179 40 docteur
5168 3097 292 51 Bréchamiel,
5505 3100 200 40 d'accord
5751 3113 54 27 en
5852 3099 93 44 cela

4945 3158 105 29 avec
5080 3160 130 38 papa,
5241 3152 249 46 cependant
5518 3152 86 39 très
5635 3155 226 43 sceptique
5889 3167 55 28 en

4946 3210 71 29 ces
5045 3203 220 48 matières,
5292 3216 27 26 a
5345 3203 150 40 décidé
5523 3215 85 39 que
5634 3217 183 28 maman
5846 3196 99 51 irait

4945 3252 25 38 h
4991 3253 239 40 Lausanne
5253 3256 224 38 consulter
5491 3268 60 27 un
5568 3257 154 50 prince
5738 3258 52 39 de
5803 3258 142 43 l'oeson

4945 3305 157 47 phage,
5149 3317 86 28 une
5280 3307 187 40 lumière
5513 3309 58 38 du
5615 3309 103 39 tube
5764 3311 180 47 digestif-

4945 3359 277 47 rayonnante
5247 3359 111 39 dans
5381 3361 41 37 le
5445 3362 163 38 monde
5631 3362 151 44 entier,
5806 3364 41 38 et
5869 3356 76 54 quij

4946 3408 211 51 s'appelle
5185 3411 40 38 le
5253 3413 258 47 professeur
5538 3414 187 39 Cinibre.
5755 3415 52 39 Et
5833 3424 112 39 pour

4946 3461 88 39 être
5059 3462 76 38 sûr
5158 3473 84 34 que
5265 3475 184 29 maman
5474 3475 55 28 ne
5553 3465 288 41 s'ennuierait
5863 3479 82 35 pas

4947 3512 96 50 trop
5078 3514 179 39 d'abord
5292 3515 41 38 et
5367 3516 244 50 qu'ensuite
5645 3518 82 39 elle
5761 3519 184 39 suivrait

4947 3566 378 48 ponctuellement
5374 3569 64 38 les
5477 3570 307 39 ordonnances
5824 3582 121 33 pres^

4946 3618 144 48 crites,
5112 3619 30 38 il
5165 3620 69 38 fut
5253 3620 146 40 résolu
5423 3632 82 39 que
5525 3621 45 49 je
5592 3613 353 60 l'accompagne-.

4946 3671 89 38 rais
5059 3672 40 37 et
5122 3683 83 39 que
5227 3683 48 27 ce
5299 3673 133 38 serait
5454 3674 89 38 moi
5567 3675 74 48 qui
5666 3675 278 41 deviendrais

4946 3724 44 38 la
5017 3724 120 39 mère
5166 3725 40 38 et
5235 3725 81 39 elle
5345 3726 45 39 la
5415 3726 132 41 petite
5576 3727 101 39 fille.
5706 3728 238 42 J'acceptai

4946 3776 91 38 tout
5058 3777 52 38 de
5132 3777 125 39 suite.
5933 3768 11 53 ]

5000 3829 99 38 Ceei
5136 3841 45 27 se
5218 3831 170 48 passait
5424 3831 30 38 il
5489 3844 28 37 y
5553 3843 25 28 a
5612 3832 100 49 près
5750 3834 52 38 de
5838 3823 106 50 troid

4947 3881 125 48 mois,
5110 3883 78 37 fin
5233 3883 158 46 juillet.
5429 3885 120 38 Nous
5615 3896 53 28 ne
5731 3887 213 49 partîmes

4947 3934 128 50 qu'en
5117 3935 112 39 août.
5270 3936 151 39 C'était
5484 3937 115 39 toute
5639 3949 86 28 une
5763 3939 181 40 histoire

4946 3997 111 38 pour
5117 3988 108 38 cette
5285 3998 166 39 pauvre
5507 4002 184 27 maman
5754 4002 82 38 que
5897 4002 47 28 ce

4946 4050 168 39 voyage
5139 4040 7 38 !
5190 4040 92 39 Elle
5321 4052 55 28 en
5413 4042 190 48 pleurait
5666 4053 171 29 comme
5877 4045 68 38 s'il

4947 4092 224 49 s'agissait
5222 4090 153 42 d'aller
5427 4094 104 39 chez
5570 4096 64 38 tes
5675 4095 270 50 Malgaches,

4946 4143 297 50 Rappelle-toi
5268 4157 82 38 que
5374 4147 116 47 sauf,
5516 4147 52 47 çà
5590 4148 41 38 et
5654 4148 54 47 là,
5734 4149 211 48 quelques

4941 4197 135 42 petits
5117 4197 173 43 séjours
5332 4199 128 38 d'une
5500 4200 200 39 huitaine
5741 4201 24 38 à
5806 4196 139 43 Paris.

4947 4244 92 48 elle
5066 4249 73 39 n'a
5174 4259 111 39 pour
5299 4249 139 40 amsi
5467 4251 100 39 'dire
5603 4252 166 46 jamais
5809 4238 136 62 quittq

4947 4299 295 46 Croquebœuf
5276 4302 46 38 ni
5358 4302 107 38 cette
5498 4302 146 40 vieille
5678 4303 175 38 maison
5887 4302 57 39 en

4948 4352 98 38 face
5068 4352 52 39 de
5142 4353 122 38 notre
5285 4353 183 42 filature,
5490 4353 73 50 qui
5584 4354 40 38 te
5645 4354 239 50 paraissait
5906 4343 41 50 si

4945 4404 122 40 triste
5100 4406 163 48 quand,
5297 4406 52 38 de
5381 4406 165 47 Rouen,
5579 4407 45 38 tu
5657 4418 28 35 y
5716 4407 154 38 venais
5904 4406 42 53 lej

4947 4457 249 39 dimanche.
5255 4458 104 44 Elle,
5415 4470 198 36 maman,
5664 4470 26 27 a
5743 4459 202 49 toujours'

4945 4509 150 39 trouvé
5118 4521 83 39 que
5223 4510 142 39 c'était
5384 4510 203 39 l'endroit
5607 4511 40 38 le
5668 4511 101 50 plus
5792 4511 153 49 agréa-!

4946 4562 69 38 ble
5048 4562 41 38 et
5121 4563 39 37 le
5193 4563 101 48 plus
5327 4563 119 38 riant
5478 4563 52 39 de
5562 4564 44 38 la
5637 4564 122 38 terre.
5793 4563 92 42 Elle
5920 4560 25 42 ai

4946 4614 163 39 raison.
5138 4615 112 38 C'est
5275 4626 81 27 son
5382 4615 102 39 père
5513 4616 74 39 qui
5614 4627 25 27 a
5665 4616 82 38 fait
5772 4615 172 39 l'usine,

4946 4667 34 38 el
5005 4667 155 44 depuis
5180 4667 126 44 vingt
5324 4668 40 38 et
5382 4679 60 27 un
5463 4679 79 27 ans
5563 4668 155 44 qu'elle
5738 4679 25 27 a
5781 4653 163 68 épousée

4946 4730 130 38 papa,
5102 4720 75 49 qui
5201 4719 104 39 était
5329 4720 102 49 déjà
5455 4720 111 38 dans
5592 4720 38 38 le
5651 4720 57 49 fil
5732 4719 75 40 dès
5831 4720 112 48 l'âge

4947 4772 51 38 de
5025 4771 113 39 seize
5165 4784 94 34 ans,
5285 4772 82 38 elle
5393 4772 71 38 n'a
5488 4779 80 42 pas
5595 4772 142 49 bougé
5763 4772 52 38 de
5842 4772 101 46 Gro-j

4948 4824 221 50 quebæuf.
5193 4824 172 39 Jamais
5389 4824 81 39 elle
5494 4825 72 37 n'a
5587 4823 180 50 voyagé.
5789 4825 37 36 A
5849 4836 93 27 me-

4947 4887 100 27 sure
5081 4888 82 31 que
5193 4877 63 38 les
5291 4876 177 38 affaires
5502 4877 51 38 de
5587 4887 79 27 son
5699 4876 114 39 mari
5844 4887 98 43 pre-j

4946 4929 152 38 liaient
5122 4940 84 27 une
5230 4928 228 39 extension
5483 4929 100 48 plus
5608 4929 166 48 grande
5798 4929 39 38 et
5860 4937 83 46 que,

4945 4981 43 38 la
5024 4981 176 38 maison
5238 4981 154 38 Poulet
5453 4981 255 39 s'affirmait
5744 4992 86 27 une
5867 4981 76 53 des)

4945 5033 255 48 premières,
5226 5044 86 27 une
5339 5034 75 37 des
5440 5033 146 39 reines
5613 5034 58 38 du
5696 5033 139 46 coton,
5861 5033 81 47 ell/*

4945 5085 143 38 aurait
5113 5097 59 37 pu
5201 5085 161 38 s'offrir
5387 5086 138 38 toutes
5553 5086 62 38 les
5643 5085 232 38 fantaisies
5903 5100 7 14 '

4945 5149 46 27 se
5020 5148 155 38 passer
5201 5138 97 38 tous
5328 5139 63 37 les
5420 5138 210 48 caprices,
5659 5148 85 36 car,
5773 5137 136 48 malgi

4945 5201 50 28 sa
5017 5190 141 49 rigide
5180 5189 241 48 économie,
5445 5201 118 38 papa
5586 5189 142 39 aurait
5750 5185 193 54 dépensa

4945 5253 111 37 pour
5078 5243 81 38 elle
5183 5242 91 40 tout
5295 5254 47 27 ce
5367 5243 154 49 qu'elle
5546 5241 141 40 aurait
5708 5241 144 38 voulu.
5877 5237 66 53 Elîj

4946 5295 115 46 bien,
5091 5295 82 38 elle
5205 5295 99 38 n'en
5338 5306 26 27 a
5394 5305 78 38 pas
5503 5294 145 39 moins
5679 5292 208 39 continué
5916 5291 26 41 ai

4944 5358 154 27 mener
5128 5348 44 38 la
5202 5347 68 38 vie
5300 5348 45 37 la
5374 5348 100 48 plus
5507 5347 159 47 simple
5695 5345 42 39 et
5764 5345 44 38 la
5842 5344 98 48 plus

4945 5399 209 48 province
5191 5399 74 49 qui
5301 5398 69 39 fût
5404 5399 40 38 et
5475 5398 45 48 je
5555 5408 116 38 peux
5704 5406 54 29 en
5794 5396 144 48 parler

4946 5452 293 40 savamment,
5266 5451 186 48 puisque
5477 5450 104 37 c'est
5605 5450 107 37 celle
5738 5449 111 38 dans
5877 5448 65 38 la-

4946 5504 142 49 quelle
5113 5503 77 49 j'ai
5216 5503 65 38 été
5306 5502 145 38 élevée
5476 5501 260 38 moi-même
5762 5511 81 38 par
5869 5510 45 28 ce
5919 5501 24 35 si

4944 5555 238 39 excellents
5206 5555 191 48 parents.
5420 5554 83 38 J'ai
5527 5553 153 39 atteint
5701 5563 94 28 mes
5816 5551 128 49 vingt;

4946 5618 80 28 ans
5053 5618 104 28 sans
5184 5607 121 38 avoir
5328 5606 65 38 été
5417 5604 124 51 gâtée
5567 5606 52 38 de
5643 5605 157 50 bijoux
5824 5604 41 39 et
5890 5604 48 38 de

4945 5660 135 38 belles
5115 5660 125 37 robes
5277 5658 40 38 et
5349 5657 209 49 pourtant
5594 5657 82 39 très
5712 5658 225 42 heureuse,

4946 5711 246 39 nullement
5225 5710 130 38 vaine
5392 5710 75 38 des
5503 5709 114 38 deux
5653 5709 197 38 millions
5889 5707 55 39 dei

4945 5765 72 38 dot
5057 5764 73 49 qui
5171 5762 225 40 m'étaient
5434 5761 197 40 réservés
5672 5763 37 36 et
5753 5760 105 40 dont
5898 5760 46 37 lai

4944 5816 272 49 perspective
5248 5815 87 38 m'a
5365 5814 197 47 toujours
5594 5813 132 38 causé
5757 5813 98 47 plus
5887 5811 57 52 de:

4947 5869 180 47 frayeur
5160 5879 81 37 que
5275 5867 51 38 de
5359 5865 169 48 plaisir.
5561 5865 115 39 Mais
5710 5863 90 39 tout
5832 5864 112 45 cela,

4944 5921 45 38 tu
5021 5921 39 38 le
5092 5919 89 39 sais
5214 5918 121 39 aussi
5365 5918 103 38 bien
5503 5929 81 39 que
5617 5916 100 46 moi,
5749 5914 187 50 puisque

4945 5973 154 47 depuis
5139 5971 222 38 l'enfance
5399 5981 113 27 nous
5551 5978 192 30 sommes
5783 5966 153 46 amies,

4945 6036 81 36 que
5058 6034 111 27 nous
5204 6033 137 28 avons
5375 6022 114 39 suivi
5523 6019 195 51 pendant
5749 6018 73 43 dix
5855 6028 89 42 ans:

4943 6077 62 37 les
5041 6075 169 39 mêmes
5247 6085 127 28 cours
5412 6074 25 39 à
5483 6075 149 37 Rouen
5694 6070 132 54 avant
5873 6070 61 37 les

4940 6128 225 38 malheurs
5191 6128 53 38 de
5270 6128 75 38 ton
5370 6127 119 48 père,
5512 6126 42 38 et
5578 6135 82 37 que
5686 6122 66 38 s'il
5777 6122 163 39 n'avait

4939 6191 80 38 pas
5056 6180 67 38 été
5160 6179 118 39 forcé
5316 6179 153 39 d'aller
5506 6175 192 40 s'établir
5736 6173 25 38 à
5796 6174 142 37 rrana-

4939 6232 155 38 narive
5117 6243 113 35 pour
5251 6244 28 34 y
5302 6231 160 39 refaire
5486 6240 50 27 sa
5556 6227 174 41 fortune
5754 6236 54 27 en
5832 6235 107 29 vou?

4939 6284 257 38 emmenant
5231 6284 42 37 ta
5304 6283 119 38 mère
5455 6281 41 37 et
5529 6279 71 46 toi,
5632 6279 46 37 tu
5712 6277 140 39 serais
5885 6287 49 28 en

4940 6346 47 28 ce
5017 6336 196 40 moment
5242 6334 69 46 ici,
5340 6333 102 48 près
5471 6332 51 37 de
5551 6330 99 46 moi,
5678 6329 43 38 et
5749 6329 42 48 je
5821 6329 116 39 t'em-

4938 6387 250 39 brasserais
5211 6398 56 27 au
5289 6386 87 38 lieu
5400 6384 52 38 de
5474 6382 170 39 t'écrire
5667 6381 42 38 et
5730 6382 48 38 tu
5801 6380 137 39 serais

4939 6440 177 38 demain
5144 6450 71 26 ma
5241 6435 252 41 demoiselle
5520 6433 248 39 d'honneur
5791 6432 48 39 !...
5866 6441 74 28 car

4940 6492 105 38 c'est
5079 6490 214 38 demain...
5328 6486 97 48 oui,
5450 6486 191 46 demain,
5676 6495 84 37 que
5793 6484 44 37 la
5871 6481 68 39 cé-

4940 6543 195 39 rémonie
5165 6552 23 27 a
5219 6540 126 38 lieu...
5374 6538 70 47 ici,
5474 6537 25 39 iL
5530 6535 299 49 Croquebœuf.
5858 6532 77 39 Là-

4939 6597 156 37 dessus
5126 6594 46 38 tu
5202 6592 281 38 bouillonnes
5510 6601 7 27 :
5554 6605 18 19 «
5603 6588 109 39 Mais
5745 6597 53 28 va
5827 6586 109 38 donc

4943 6647 110 38 droit
5085 6656 54 27 au
5173 6643 83 38 fait
5286 6644 40 38 et
5357 6641 242 40 conte-moi
5632 6639 220 37 comment
5884 6647 51 35 (,'u-

4941 6699 102 38 s'est
5069 6697 97 41 j'ait,
5195 6707 55 26 au
5280 6695 89 38 lieu
5398 6695 51 38 de
5478 6705 70 27 me
5577 6691 175 39 dévider
5781 6699 57 27 un
5866 6688 81 53 tas:

4939 6753 51 37 de
5011 6751 152 38 choses
5185 6748 181 37 inutiles
5387 6747 41 38 et
5447 6746 74 49 qui
5540 6756 55 27 ne
5614 6739 332 56 m'intéressent]

4939 6813 92 31 pas.
5059 6816 17 19 »
5105 6800 106 38 Bon.
5236 6799 70 42 J'y
5332 6799 157 38 arrive.
5518 6796 110 39 C'est
5654 6794 25 38 à
5704 6794 243 44 Lausanne;

4940 6865 82 31 que
5049 6853 40 39 je
5117 6851 72 39 l'ai
5217 6864 58 26 vu
5301 6851 43 38 et
5371 6861 82 30 que
5481 6859 112 27 nous
5620 6855 134 29 avons
5782 6842 80 38 fait
5888 6854 48 27 sa

4938 6903 336 41 connaissance.
5298 6903 30 36 1.1
5357 6901 118 46 était,
5500 6908 165 30 comme
5691 6905 122 35 nous,
5840 6894 91 37 des-

4938 6957 141 38 cendu
5117 6966 25 27 il
5178 6954 146 39 l'hôtel
5361 6952 241 43 Beau-Lac,
5636 6945 213 41 revenant
5885 6946 48 39 de

4940 7008 152 39 Suisse
5124 7007 42 38 et
5196 7007 52 37 de
5282 7004 157 39 Savoie
5471 7002 128 48 après
5632 6997 121 40 avoir
5784 6996 80 39 fait
5895 6998 41 38 la

4938 7059 237 43 périlleuse
5234 7055 235 39 ascension
5527 7054 55 37 du
5641 7048 294 40 Mont-Blanc.

4937 7112 109 38 Rien
5080 7120 54 27 ne
5165 7108 196 38 l'effraie.
5392 7108 34 36 Il
5458 7102 150 41 n'était
5638 7111 82 38 que
5750 7100 53 37 de
5835 7110 100 37 pas-

4938 7173 104 32 sage
5067 7171 110 34 pour
5201 7160 213 45 quelques
5437 7158 159 47 jours...
5622 7153 47 37 Et
5692 7151 100 49 puis
5818 7150 30 39 il
5873 7151 63 38 est

4939 7213 151 40 resté...
5124 7212 52 37 Je
5211 7222 56 27 ne
5301 7221 117 36 peux
5453 7217 78 37 pas
5566 7204 148 38 entrer
5749 7203 113 38 dans
5897 7203 38 37 le

4937 7264 170 41 détail...
5134 7274 47 26 ce
5208 7273 101 27 sera
5334 7270 111 39 pour
5470 7258 99 48 plus
5597 7255 134 38 tard...

4987 7316 33 37 Il
5068 7326 25 26 a
5140 7312 265 40 trente-huit
5464 7318 92 28 ans.
5614 7306 33 45 Itl
5707 7305 68 39 est
5834 7303 94 39 châ-

4939 7367 116 38 tains
5097 7365 25 38 il
5161 7365 143 38 reflets
5346 7363 99 44 d'or,
5486 7369 74 38 un_
5586 7368 83 39 peu
5710 7358 98 37 noir
5844 7363 83 27 aux

4937 7420 167 38 tempes
5135 7418 41 37 et
5206 7416 25 39 à
5257 7417 43 36 la
5327 7413 135 39 barbe
5490 7411 102 44 qu'il
5620 7409 126 48 porte
5773 7405 155 42 courte.

4935 7481 55 27 en
5047 7469 150 39 pointe
5254 7475 165 30 comme
5462 7472 70 28 ces
5577 7461 156 47 petites
5774 7456 175 42 barbes

4939 7522 56 37 du
5051 7519 205 39 seizième
5310 7516 130 38 siècle
5492 7511 214 50 braquées
5759 7517 75 27 sur
5888 7506 38 38 la

4936 7572 148 41 fraise,
5111 7572 124 37 entre
5262 7570 114 36 deux
5402 7566 180 43 tuyaux.
5607 7564 34 38 Il
5668 7574 25 27 a
5717 7561 75 37 des
5819 7569 129 37 yeux;

4935 7623 235 40 bleu-vert,
5195 7631 104 28 avec
5325 7620 75 37 des
5426 7616 79 38 cils
5532 7616 75 45 qui
5632 7611 208 42 touchent
5864 7619 85 28 ses-,

4937 7673 278 40 moustaches
5255 7669 148 43 quand
5442 7667 26 38 il
5510 7668 63 38 les
5610 7664 159 44 baisse,
5806 7661 56 53 et^
5885 7671 45 27 sa

4936 7726 232 35 chevelure
5205 7721 148 43 quand
5391 7720 28 37 il
5454 7719 64 37 les
5554 7718 104 39 lève.
5692 7712 257 49 J'exagère,:

4934 7777 113 38 mais
5083 7785 78 32 pas
5196 7773 242 42 beaucoup.
5486 7771 32 36 1,1
5565 7768 64 38 est
5689 7762 261 46 charmante

4935 7829 128 40 doux,
5096 7824 130 45 câlin,
5258 7822 168 44 tendre,
5458 7820 153 49 exquis
5643 7818 52 37 de
5725 7815 210 50 politesse

4935 7879 41 33 et
5001 7879 51 37 de
5078 7876 143 40 grâce.
5247 7875 32 37 Il
5307 7885 25 26 a
5356 7872 80 39 fait
5460 7872 42 38 la,
5527 7868 213 48 conquête
5765 7868 52 37 de
5842 7876 90 28 iiit-

4934 7940 103 27 man
5076 7927 87 43 qui,
5202 7926 129 38 d'une
5369 7925 127 42 façon
5535 7916 231 44 difïêrentè
5803 7918 52 37 do
5890 7914 40 36 la

4935 7980 191 36 mienne,
5159 7977 164 38 l'adore
5358 7975 133 38 aussi.
5529 7973 59 38 Sa
5622 7970 121 38 main
5779 7969 40 36 et
5852 7974 79 27 son
5948 7977 6 38 j

4934 8031 101 38 pied
5057 8031 20 37 ?
5098 8029 149 38 Petits.
5272 8027 78 38 Ses
5374 8026 126 39 dents
5523 8025 19 37 ?
5562 8018 288 43 Admirables.
5875 8014 54 38 Sa

4935 8083 121 38 taille
5078 8082 18 37 ?
5155 8081 231 40 Moyenne.
5444 8074 169 40 Jamais
5656 8073 42 45 je
5747 8067 84 38 n'ai
5877 8076 54 27 vu
5949 8069 17 52 |-

4936 8134 215 38 d'homme
5181 8132 101 45 plus
5312 8128 206 48 agréable
5548 8126 42 37 et
5620 8123 96 48 plus
5747 8119 185 46 élégante

4938 8185 115 37 Sans
5076 8184 99 40 être,
5195 8182 31 38 il
5246 8182 92 37 s'en
5361 8180 96 38 faut
5477 8178 50 38 de
5548 8176 240 42 beaucoup,
5809 8176 119 29 aussi
