6314 8632
1060 496 34 34 •
1314 458 394 98 Lettres
1920 496 36 34 •
2168 458 246 102 Arts
2628 502 36 36 •
2880 466 470 104 Sciences
3562 512 34 34 •

846 644 158 88 La
1066 644 594 88 Direction

1211 775 81 43 de

744 868 426 92 l'École
1214 872 150 88 de
1404 870 356 90 Rome

843 1048 262 40 L'influence
1105 1048 88 40 de
1215 1050 134 37 Rome
1373 1058 77 27 sur
1470 1048 65 37 les
1559 1048 95 46 jeu-

847 1110 81 32 nes
962 1101 192 38 artistes.
1186 1124 52 4 —
1271 1100 198 46 Qualités
1502 1100 155 37 néces-

844 1153 142 37 saires
1022 1163 56 28 au
1113 1153 225 37 directeur
1373 1155 50 35 de
1460 1152 41 37 la
1537 1152 115 39 Villa

1151 1199 197 39 Médicis.

788 1284 285 41 L'Académie
1127 1287 76 38 des
1243 1286 293 39 ;J3eaux-Arls
1577 1297 26 26 a
1641 1296 114 27 com-

738 1332 122 55 pà-é-
897 1351 83 26 une
1028 1336 121 50 liste,,
1176 1338 184 38 formé'e-
1390 1349 82 38 par
1519 1339 64 37 les
1632 1347 125 28 noms

709 1404 10 30 ;
738 1392 62 38 do'
821 1391 120 37 trois*
956 1391 51 37 de
1037 1402 70 25 >es
1137 1390 239 47 incmbrcs,
1406 1390 123 38 entre
1558 1389 195 48 lesquels

735 1442 274 40 lelmiui^lre
1038 1442 195 38 choisira
1258 1441 182 38 demain
1459 1440 68 40 le
1527 1440 229 40 directeur

737 1489 55 43 do'
818 1494 138 38 notre,
956 1494 140 38 Ëcole
1121 1493 53 38 de
1202 1494 146 37 HOllW:
1375 1492 114 39 C'est
1516 1504 84 25 une.
1626 1492 127 37 fonc-

739 1546 90 41 tiou
868 1545 246 49 singulière
1151 1556 85 37 que
1275 1543 191 48 celle-Et,
1504 1543 187 39 difllcile
1730 1542 25 38 à

736 1597 174 39 définir,'
953 1597 103 49 plus
1101 1597 186 38 difficile
1333 1596 25 37 à
1401 1606 180 28 exercer
1626 1595 127 37 utile-

736 1648 432 49 ]npnt/Les;.j.eunes
1197 1648 175 38 artistes
1400 1648 78 49 que
1478 1648 79 49 la
1583 1647 170 38 France

735 1699 158 40 envoie
916 1700 24 38 à
951 1700 55 41 la
1025 1700 121 38 Villa
1157 1699 198 39 Médicis
1378 1699 259 46 pratiquent
1657 1699 98 37 leur

736 1743 73 56 aift
834 1752 99 47 sous
933 1752 99 47 Jcs
1063 1751 197 48 espèces,
1276 1752 81 41 les,
1371 1752 103 47 plus
1505 1750 197 38 diverses
1743 1761 7 26 :

736 1797 219 55 peinture,
996 1803 242 49 sculpture,
1292 1811 203 40 gravure,
1538 1800 215 40 architec-

739 1858 105 41 ture,
875 1855 221 50 musique.
1128 1855 54 39 Le
1211 1854 220 40 directeur
1461 1854 75 49 qui
1564 1855 98 53 leur
1689 1854 66 37 est

735 1908 161 40 donné,
927 1910 35 36 et
990 1908 82 49 qui
1106 1918 53 28 ne
1191 1907 182 38 connaît
1407 1907 233 37 lui-même
1672 1916 82 40 par

691 1960 310 43 /expérience
1041 1971 84 31 que
1168 1959 85 37 l'un
1297 1970 56 26 ou
1392 1959 156 38 l'autre
1587 1958 53 38 de
1680 1968 72 28 ces

735 2001 103 61 éirts,
872 2012 66 40 est
969 2012 240 48 incapable
1243 2011 52 38 de
1329 2011 167 48 diriger
1528 2010 223 38 effective-

734 2065 120 37 ment
889 2064 76 38 des
997 2063 153 38 études
1183 2063 41 38 et
1254 2063 76 37 des
1361 2063 190 38 travaux
1582 2062 76 48 qui
1688 2061 64 38 lui

734 2116 100 38 sont
856 2115 231 48 étrangers
1113 2126 7 34 ;
1148 2115 29 37 il
1201 2114 65 38 est
1288 2113 145 39 réduit
1455 2113 26 38 à
1501 2126 28 37 y
1551 2113 202 49 présider

734 2162 56 56 dq
811 2168 104 39 loin.
941 2167 67 37 En
1033 2167 136 46 outre,
1195 2176 113 38 pour
1332 2166 172 48 chaque
1532 2166 65 37 art
1623 2165 128 48 sépa-

733 2219 187 42 rément,
954 2219 45 38 la
1033 2218 208 38 diversité
1276 2217 41 38 et
1349 2218 45 37 ln.
1427 2217 324 38 contradiction

733 2271 78 46 dds
833 2271 223 38 doctrines
1080 2270 100 38 sont
1202 2270 139 39 telles,
1365 2269 105 49 qu'il
1495 2269 65 38 est
1582 2269 169 48 impos-

733 2317 113 47 sible
879 2322 64 40 de;
962 2323 64 37 les
1060 2320 241 39 soumettre
1334 2321 25 38 à
1391 2331 87 28 une
1511 2321 240 48 discipline

733 2373 87 50 d:,
820 2373 65 50 il
885 2373 87 50 une
972 2373 328 50 esthdique,uniq
1300 2373 133 50 ues.
1458 2372 69 38 Au
1550 2372 202 49 dix-sep-

732 2427 136 37 tième
924 2427 52 46 et
1023 2437 56 26 au
1137 2424 317 39 dix-huitième
1485 2424 147 47 siècle,
1665 2424 29 37 il
1725 2435 28 37 y

731 2479 122 39 avait
880 2479 113 38 dans
1007 2478 117 38 Tart
1153 2477 213 47 français,
1397 2478 41 37 et
1467 2478 113 37 dans
1611 2477 142 37 toutes

732 2531 86 38 les
818 2531 174 38 formes
1018 2530 52 38 de
1096 2530 67 38 cet
1187 2530 77 46 art,
1290 2539 87 27 une
1403 2528 123 39 unité
1551 2528 75 49 qui
1652 2538 99 39 per-

731 2582 174 39 mettait
932 2593 58 28 au
1016 2581 221 39 directeur
1263 2581 53 38 de
1342 2580 163 38 l'Ecole
1534 2580 53 38 de
1613 2580 138 37 Rome

733 2635 99 38 d'en
869 2634 89 38 être
995 2633 344 39 véritablement
1374 2633 40 37 le
1451 2631 103 39 chef
1580 2643 7 35 ;
1629 2632 30 37 il
1696 2641 56 28 ne

729 2686 109 51 peut
873 2685 136 50 guère
1046 2696 55 28 en
1138 2686 110 37 être'
1269 2683 287 50 aujourd'hui
1594 2694 84 38 que
1715 2684 38 38 le

731 2738 266 39 surveillant
1026 2738 186 38 discrets

787 2802 90 38 Son
910 2801 104 47 rôle,
1048 2801 118 38 ainsi
1200 2799 217 48 diminué,
1451 2799 105 49 peut
1589 2808 161 40 cepen-

732 2854 108 39 daiit
875 2853 140 38 rester
1051 2863 125 28 assez
1213 2852 106 38 utile
1355 2851 41 39 et
1433 2861 124 28 assez
1595 2851 155 48 grand.

730 2907 64 38 La
823 2906 183 48 plupart
1036 2905 87 40 des.
1145 2904 161 48 jeunes
1339 2914 110 38 gens
1482 2903 75 49 qui
1589 2902 107 38 vont
1726 2901 25 39 à

730 2958 140 38 Home
939 2968 55 27 en
1062 2955 267 39 reviennent
1398 2953 355 40 ordinairement

733 3020 175 28 comme
946 3009 56 38 ils
1040 3008 167 39 étaient
1243 3007 140 50 partis
1431 3018 8 27 :
1482 3016 106 29 sans
1629 3006 123 38 avoir

729 3062 98 38 rien
855 3061 168 49 appris,
1051 3071 106 27 sans
1186 3060 122 38 avoir
1333 3060 97 37 rien
1458 3058 209 49 compris.
1695 3058 55 38 Ni

730 3114 114 38 dans.
859 3114 115 42 leur
1006 3112 263 47 sensibilité,
1302 3113 47 37 ni
1382 3112 113 38 dans
1528 3112 97 37 leur
1658 3110 102 38 cnl-

731 3166 110 38 ttii,e,
874 3165 39 37 ni
944 3165 113 38 dans
1086 3165 120 37 leurs
1234 3174 233 38 ouvrages"
1495 3174 57 26 on
1580 3173 56 27 ne
1662 3161 91 39 voit

730 3218 103 48 qu'il
844 3214 163 41 s'aient
1031 3217 81 38 tiré
1137 3216 132 50 profit
1293 3216 52 38 de
1369 3216 98 38 leur
1489 3215 166 49 longue
1681 3214 92 39 fa-"

729 3269 354 40 miliaritê;avec.
1099 3269 177 49 Le:p'àys
1301 3268 202 38 heureux
1527 3267 89 49 qui.
1640 3277 110 38 pen-

711 3320 127 41 'dant
862 3322 77 38 des
965 3319 168 49 siècles,
1133 3319 57 49 a
1211 3333 59 26 vu
1294 3320 182 49 plus,.de
1503 3318 250 41 sensibilité

731 3374 55 38 et'
807 3374 51 38 de
875 3373 196 48 "pensée,
1097 3372 243 39 humaines
1376 3372 212 49 prendre:
1605 3371 144 39 forme

730 3429 38 36 et
802 3426 194 47 couleur,
1031 3425 98 48 plus
1161 3424 183 49 d'esprit
1375 3423 176 40 animer
1580 3424 44 38 la
1654 3435 96 27 ma-

734 3478 105 42 tière
876 3478 225 49 qu'aucun
1138 3477 124 39 antre
1297 3488 113 38 pays
1447 3476 102 39 n'en
1585 3476 63 39 vit
1682 3476 69 49 ja-

731 3531 130 39 mais.
894 3531 46 38 Et
967 3531 223 48 pourtant,
1215 3530 99 38 tous
1328 3529 275 49 -pourraient
1629 3528 123 39 avoir

731 3584 101 49 part
871 3583 24 39 à
935 3583 132 40 cette.
1113 3582 146 39 action
1326 3582 307 39 bienfaisante
1673 3582 77 38 des

732 3636 362 47 chefs-d'œuvre,
1120 3635 52 38 de
1198 3635 45 38 la
1265 3635 114 38 terre
1404 3635 41 38 et
1470 3635 58 37 du
1554 3634 96 38 ciel.
1667 3634 83 38 Les

729 3689 249 39 musiciens
1013 3688 299 40 eux-mêmes,
1346 3687 92 39 s'ils
1472 3698 56 27 ne
1560 3697 189 28 rencon-

728 3741 117 39 trent
873 3740 317 39 actuellement
1216 3751 56 27 en
1298 3739 127 39 Italie
1452 3739 97 38 rien
1578 3739 76 49 qui
1681 3739 69 38 in-

728 3794 167 38 téresse
933 3792 294 39 directement
1262 3792 98 38 leur
1396 3791 79 47 art,
1510 3803 30 37 y
1574 3792 175 37 trouve-

728 3846 102 39 ront
866 3845 77 38 des
982 3845 230 45 exemples
1252 3843 275 39 admirables
1565 3843 185 44 d'ordre,

671 3888 15 19 *
729 3898 54 38 cle
804 3896 205 50 majesté,
1033 3896 52 38 de
1108 3896 277 47 délicatesse,
1408 3895 281 39 d'harmonie
1712 3896 40 37 et

728 3950 55 39 de
806 3948 173 48 beauté,
1004 3959 114 39 pour
1142 3948 116 42 faire
1283 3947 269 39 l'éducation
1578 3947 52 38 de
1655 3948 97 37 leur

730 4001 246 39 sentiment
1002 4001 41 38 et
1070 4001 52 37 de
1149 4000 98 38 leur
1273 4000 301 49 intelligence.
1603 3999 150 45 Quant

729 4065 90 28 aux
846 4053 213 50 peintres,
1089 4063 89 28 aux
1207 4052 267 49 sculpteurs,
1505 4051 25 39 à
1558 4051 99 39 tous
1686 4052 64 38 les

727 4106 163 48 jeunes
918 4115 110 39 gens
1054 4104 77 49 qui
1157 4103 100 39 font
1281 4104 78 38 des
1385 4104 90 38 arts
1501 4104 249 49 plastiques

729 4158 99 38 leur
859 4156 142 45 étude,
1035 4156 56 38 où
1124 4155 288 47 peuvent-ils-
1432 4155 200 39 recevoir
1663 4167 88 27 une

730 4200 478 59 culfore^plus^rrehe,
1363 4208 249 49 'pfofûll'clc;
1643 4209 108 48 -plus
1768 4228 6 7 -

729 4263 176 37 diverse
942 4260 103 50 qu'à
1081 4261 152 46 Rome,
1270 4260 156 38 vivant
1463 4258 113 40 dans
1615 4260 136 38 l'inti-

729 4313 108 40 mité
866 4313 76 39 des
971 4312 185 40 maîtres
1185 4312 53 38 de
1265 4312 99 38 tous
1392 4308 64 42 les
1485 4312 161 49 temps,
1675 4312 75 38 ob-

730 4365 181 39 servant
932 4366 65 37 les
1021 4365 160 46 façons
1205 4364 108 38 dont
1334 4364 55 38 ils
1413 4364 76 38 ont
1510 4364 240 49 interprété

729 4418 46 38 la
797 4417 302 46 nature/dont
1121 4416 55 38 ils
1201 4416 77 38 ont
1299 4416 203 48 exprimé
1526 4416 97 38 leur
1647 4426 103 28 con-

730 4469 177 49 ception
939 4469 52 38 de
1019 4468 112 48 l'art,
1160 4467 307 50 interrogeant
1495 4468 53 38 de
1577 4467 103 49 près
1712 4467 42 39 et

730 4521 184 50 copiant
935 4521 120 38 leurs
1078 4530 175 29 œuvres
1276 4530 114 39 pour
1411 4520 64 38 les
1499 4520 154 38 mieux
1675 4520 76 49 pé-

729 4573 190 38 nétrer?
948 4572 153 47 Rome,
1133 4572 37 38 si
1202 4582 51 28 sa
1282 4572 128 47 leçon
1441 4572 67 37 est
1536 4571 105 39 bien
1674 4582 76 28 en-

730 4625 179 47 tendue,
953 4624 91 39 doit
1085 4623 116 39 faire
1245 4623 77 39 des
1365 4623 162 50 esprits
1570 4624 181 38 harmo-

730 4678 140 38 nieux
910 4676 41 39 et
989 4676 252 47 lumineux,
1282 4676 77 38 des
1401 4676 213 48 disciples
1656 4686 95 28 mo-

731 4729 147 39 destes
913 4729 42 39 et
988 4728 213 47 fervents,
1235 4728 160 49 dignes
1430 4727 133 39 d'être
1598 4727 25 39 à
1656 4728 97 39 leur

728 4781 102 40 •tour
852 4781 77 38 des
951 4780 198 41 maîtres.

786 4839 114 38 C'est
928 4838 26 39 à
981 4838 117 39 faire
1126 4838 215 38 entendre
1371 4838 109 39 cette
1509 4838 127 48 leçon
1668 4849 84 38 que

730 4891 43 39 le
808 4891 221 38 directeur
1064 4890 53 38 de
1152 4890 125 39 notre
1312 4890 132 38 Ecole
1479 4890 107 49 peut
1621 4890 131 38 s'em-

731 4944 157 49 ployer
908 4943 41 38 le
970 4943 103 48 plus
1096 4941 327 39 efficacement.
1446 4943 204 48 Imposer
1665 4952 88 28 une

733 4994 276 49 discipline,
1009 4994 255 49 enseigner
1301 5005 88 27 une
1425 4994 261 49 esthétique,
1722 4994 31 37 il

733 5047 76 48 n'y
836 5046 100 39 faut
961 5056 83 39 pas
1074 5056 173 39 songer.
1277 5046 131 47 Mais,
1437 5046 25 38 à
1488 5045 114 50 l'âge
1631 5057 55 26 ou
1713 5045 41 38 le

732 5098 142 39 talent
906 5098 41 38 et
979 5099 45 37 la
1056 5098 167 48 pensée
1256 5098 77 38 des
1369 5098 175 38 artistes
1580 5108 47 28 se
1662 5098 91 37 for-

734 5150 137 47 ment,
893 5150 152 38 ouvrir
1064 5150 97 37 leur
1181 5149 140 49 esprit
1341 5161 89 26 aux
1449 5150 232 48 principes
1702 5149 52 39 de

732 5201 162 40 beauté
918 5212 86 38 que
1028 5201 139 39 Rome
1191 5201 214 49 dispense
1429 5200 26 39 à
1479 5202 77 49 qui
1580 5202 45 38 la
1650 5211 104 28 con-

733 5253 97 39 naît
854 5253 42 39 et
919 5254 45 37 la
989 5253 259 49 comprend,
1274 5254 97 37 leur
1396 5253 116 38 faire
1538 5252 140 40 sentir
1703 5253 52 38 de

734 5306 149 49 quelle
915 5305 251 38 admirable
1198 5304 142 39 utilité
1371 5305 40 38 le
1445 5305 234 49 spectacle,
1712 5306 44 37 la

733 5358 84 47 vie,
850 5357 99 38 l'air
981 5357 149 38 même
1163 5356 52 39 de
1248 5356 158 38 l'Italie
1438 5357 196 48 peuvent
1666 5357 88 38 être

734 5419 114 42 pour
876 5409 41 38 le
947 5408 374 47 développement
1350 5408 53 39 de
1432 5409 45 38 la
1506 5408 249 39 sensibilité

736 5461 41 39 et
810 5462 45 37 la
889 5460 172 38 culture
1097 5461 53 38 de
1185 5460 333 48 l'intelligence,
1553 5460 102 39 telle
1691 5461 64 38 est

735 5514 40 42 ]
775 5514 142 42 œuvre
961 5512 107 49 qu'il
1111 5511 106 50 peut
1261 5512 258 49 accomplir,
1564 5512 39 38 et
1647 5513 108 37 cette

736 5575 151 28 œuvre
924 5575 26 27 a
985 5574 80 28 son
1101 5564 112 49 prix.
1249 5564 83 38 Les
1369 5563 191 49 qualités
1596 5564 160 49 qu'elle

735 5617 130 48 exige
888 5626 47 28 se
956 5616 151 38 voient
1129 5615 228 39 d'ailleurs
1382 5626 126 27 assez
1530 5617 227 37 rarement

736 5668 195 39 réunies.
954 5667 117 38 Sans
1092 5667 144 46 doute,
1258 5667 30 38 il
1311 5667 113 38 n'est
1444 5678 82 38 pas
1548 5668 207 39 mauvais

739 5730 85 38 que
849 5719 40 38 le
915 5719 221 38 directeur
1160 5719 53 38 de
1238 5718 164 39 l'Ecole
1428 5719 53 38 de
1507 5719 139 39 Rome
1674 5720 83 38 soit

738 5782 63 28 un
828 5771 151 39 artiste
1004 5770 53 38 de
1081 5770 140 38 talent
1244 5770 212 49 respecté.
1482 5771 117 38 Mais
1625 5772 41 38 le
1690 5772 65 38 ta-

1823 634 91 39 lent
1947 635 113 39 n'est
2091 637 220 47 peut-être
2345 649 81 38 pas
2462 640 56 37 ici
2551 641 40 38 le
2624 642 102 47 plus
2761 641 77 38 né-

1821 688 205 38 cessaire.
2058 689 109 38 Plus
2198 701 86 36 que
2313 692 64 37 les
2409 692 112 38 dons
2553 693 283 47 particuliers

1807 739 71 42 (J.u
1902 740 173 45 peintre
2100 751 56 27 ou
2181 741 59 38 du
2265 743 240 43 sculpteur,
2531 745 30 36 il
2585 756 28 30 y
2639 746 199 39 faudrait

1820 791 148 47 porter
1997 792 63 37 les
2091 793 190 48 qualités
2313 794 232 48 générales
2575 784 52 49 de
2656 797 181 47 l'esprit,

1819 843 59 37 du
1907 843 103 48 goût
2038 844 41 38 et
2105 845 59 37 du
2191 847 159 37 savoir.
2378 846 54 39 Et
2456 847 40 38 le
2524 848 208 39 meilleur
2759 850 75 38 des

1821 894 256 48 directeurs,
2120 896 141 48 plutôt
2303 908 159 28 encore
2505 899 136 49 qu'un
2686 901 150 39 artiste

1819 948 253 47 personnel,
2103 949 136 37 serait
2267 950 219 47 peut-être
2516 962 47 27 ce
2595 952 131 49 qu'on
2758 964 77 37 ap-

1818 999 150 48 pelait,
1994 1010 56 27 au
2074 1000 318 50 dix-septième
2416 1002 147 49 siècle,
2593 1019 18 19 «
2639 1016 61 26 un
2723 1006 112 38 hon-

1820 1050 99 39 nête
1955 1051 183 40 homme
2177 1068 35 23 ».

2490 1109 151 37 Pierre
2670 1111 116 37 Lalo.

2029 1255 133 50 LES
2207 1257 418 51 CONCOURS

1905 1337 324 52 Littéraires
2289 1346 55 44 et
2398 1340 345 63 Artistiques

2153 1426 51 50 d'
2207 1428 294 50 Excelsioi-

1905 1558 145 40 flous
2094 1560 307 48 publierons
2445 1561 119 40 d'ici
2611 1564 137 50 quel-
2806 1588 7 6 -

1906 1633 126 40 ques
2076 1624 150 49 jours
2289 1626 83 38 les
2429 1622 320 54 règlements

1904 1686 92 40 des
2028 1688 197 49 grands
2261 1700 247 29 concours
2535 1688 215 42 littérai-

1902 1761 89 29 res
2004 1753 48 38 et
2065 1752 300 52 artistiques
2380 1753 366 44 cTExcelsior.

1815 1898 377 76 Aujourd'hui,
2228 1900 219 62 l'ombre
2484 1902 68 60 de
2588 1903 47 60 la
2666 1903 170 61 Terre

1949 2019 55 33 se
2035 2000 285 69 projettera
2350 2022 83 34 sur
2462 1997 47 59 la
2545 1997 150 60 Lune

1910 2134 198 45 L'éclipsé
2139 2138 127 34 totale
2297 2139 153 37 durera
2480 2139 43 34 52
2553 2140 186 35 minutes

1868 2206 51 35 Ce
1952 2207 79 35 soir
2066 2220 20 23 a
2122 2208 75 36 lieu
2232 2222 74 23 une
2341 2209 141 44 éclipse
2515 2211 118 35 totale
2669 2212 45 35 de
2748 2212 88 36 lune

1817 2252 249 37 entièrement
2100 2255 135 36 visible
2267 2256 23 35 à
2325 2256 124 43 Paris,
2485 2269 44 23 en
2564 2257 165 37 théorie!
2766 2259 71 35 Les

1815 2299 216 37 conditions
2060 2301 284 37 d'observation
2373 2315 39 24 se
2441 2304 278 36 montreraient
2746 2317 91 29 par-

1815 2345 278 38 ticulièrement
2118 2348 234 42 favorables,
2380 2350 33 35 le
2439 2350 130 35 milieu
2597 2352 45 34 de
2670 2351 166 42 l'éclipsé

1815 2392 140 36 devant
1981 2394 202 44 coïncider,
2210 2395 22 35 à
2258 2408 74 23 une
2358 2396 235 37 demi-heure
2618 2397 101 43 près,
2747 2410 89 23 avec

1817 2439 33 35 le
1873 2451 165 32 passage
2062 2442 46 34 de
2131 2442 36 34 la
2192 2442 88 36 lune
2304 2454 48 23 au
2376 2443 185 36 méridien
2587 2444 44 36 de
2656 2444 123 42 Paris,
2805 2445 27 35 si

1814 2486 33 35 le
1871 2485 68 36 ciel
1962 2487 136 35 restait
2121 2488 105 35 clair.

1865 2538 56 35 La
1956 2540 195 41 grandeur
2187 2541 45 35 de
2266 2540 170 44 l'éclipsé
2470 2553 86 25 sera
2590 2543 46 36 de
2671 2544 83 41 113,
2791 2556 41 23 en

1813 2584 148 36 faisant
1987 2585 84 44 égal
2096 2586 20 35 à
2141 2587 70 35 100
2236 2588 34 35 le
2294 2588 186 37 diamètre
2504 2590 46 35 de
2573 2589 38 36 la
2634 2590 99 35 lune.

1865 2631 55 36 La
1948 2632 87 36 lune
2060 2645 39 23 se
2127 2632 127 37 lèvera
2279 2633 22 36 à
2328 2635 23 33 4
2377 2635 35 35 h.
2438 2636 24 35 4
2489 2636 51 35 du
2566 2636 89 42 soir,
2685 2640 152 33 entrera

1815 2678 95 35 dans
1939 2679 38 35 la
2008 2679 207 42 pénombre
2244 2680 20 35 à
2297 2682 20 34 9
2347 2681 35 35 h.
2412 2682 47 35 55
2488 2685 36 32 et
2554 2683 96 35 dans
2678 2683 157 36 l'ombre

1814 2723 22 36 à
1861 2725 47 35 10
1934 2726 35 35 h.
1995 2727 58 34 53.
2080 2726 52 36 Le
2158 2726 134 44 disque
2317 2739 86 24 sera
2427 2729 223 35 totalement
2677 2731 158 42 marqué

1816 2772 45 35 de
1883 2772 139 35 minuit
2043 2773 24 33 4
2088 2772 21 35 à
2134 2772 139 36 minuit
2294 2775 47 34 56
2364 2777 37 32 et
2422 2774 278 43 réapparaîtra
2724 2777 112 42 alors,

1815 2830 100 31 pour
1935 2818 118 35 sortir
2075 2820 45 35 de
2143 2819 158 36 l'ombre
2323 2820 21 35 à
2366 2821 21 35 2
2410 2821 35 35 h.
2470 2823 22 34 7
2514 2823 50 34 du
2586 2822 121 36 matin
2731 2826 36 33 et
2790 2824 45 35 de

1816 2865 37 35 la
1880 2864 209 44 pénombre
2117 2865 22 35 à
2165 2867 22 34 3
2213 2867 35 35 h.
2279 2867 32 35 6.

1865 2917 36 35 Il
1922 2929 48 24 ne
1992 2920 142 33 restera
2161 2919 89 40 plus
2273 2918 23 36 à
2318 2919 37 35 la
2378 2920 89 36 lune
2490 2920 88 41 qu'à
2600 2934 40 23 se
2664 2923 171 41 coucher,

1815 2963 114 44 après
1964 2966 97 33 cette
2096 2964 98 37 série
2229 2965 237 44 d'émotions,
2502 2980 41 23 ce
2578 2968 135 43 qu'elle
2747 2969 88 36 fera

1815 3011 129 43 quand
1968 3010 53 36 les
2045 3011 178 36 humains
2248 3023 39 25 se
2312 3012 183 44 lèveront,
2521 3014 23 35 à
2569 3017 22 34 7
2614 3016 36 34 h.
2675 3016 58 35 40.

2059 3126 32 35 A
2118 3125 221 39 L'HOTEL
2364 3129 70 34 DROUOT

1812 3230 122 96 Les
1966 3232 320 94 Faïences
2314 3240 66 88 et
2412 3232 422 98 Porcelaines

1977 3376 65 52 de
2074 3377 54 52 la
2168 3376 295 55 Collection
2501 3379 170 53 Azam

1841 3499 245 41 Meubles
2106 3500 160 41 Louis
2286 3503 106 38 XV
2409 3504 49 39 et
2485 3503 323 50 Tapisseries

2124 3565 66 40 du
2216 3567 120 39 XVe
2361 3563 162 45 siècle

1857 3685 52 37 La
1937 3686 182 41 première
2149 3687 193 36 collection
2373 3689 223 42 importante
2628 3691 44 35 de
2703 3692 35 34 la
2767 3692 71 34 sai-

1816 3744 65 22 son
1902 3744 82 23 sera
2002 3733 186 42 dispersée
2208 3736 238 40 aujourd'hui
2466 3743 35 28 et
2521 3738 156 40 demain,
2698 3750 65 30 par
2783 3740 51 33 les

1812 3779 100 35 soins
1945 3782 44 33 de
2021 3781 54 33 Mc
2107 3782 195 34 Baudouin
2334 3789 35 28 et
2400 3785 44 33 de
2477 3784 97 34 MM.
2607 3785 227 35 Mannheim.

1813 3826 97 35 C'est
1933 3829 88 33 celle
2046 3829 48 34 du
2119 3830 152 34 docteur
2294 3831 128 40 Azam,
2448 3833 44 33 de
2517 3833 209 39 Bordeaux,
2751 3845 85 22 con-

1814 3880 135 35 tenant,
1987 3887 45 22 en
2071 3876 134 35 dehors
2245 3879 43 33 de
2326 3879 121 34 beaux
2484 3879 121 41 objets
2646 3880 102 41 d'art,
2788 3892 46 22 un

1812 3922 138 35 certain
1984 3924 154 34 nombre
2173 3925 44 33 de
2252 3925 165 35 faïences
2451 3928 284 40 remarquables.

1867 3974 71 37 Les
1964 3975 163 35 faïences
2153 3977 48 33 du
2227 3977 95 34 Midi
2347 3978 44 34 de
2416 3979 35 33 la
2476 3977 141 37 France
2643 3981 189 41 semblent,

1813 4027 35 29 et
1879 4034 39 22 ce
1947 4022 94 35 n'est
2073 4034 68 30 que
2172 4023 144 42 justice,
2348 4026 160 41 prendre
2540 4038 74 23 aux
2643 4039 98 30 yeux
2760 4029 76 33 .des

1810 4070 139 41 grands
1979 4076 185 29 amateurs
2194 4083 71 23 une
2293 4071 229 42 importance
2551 4073 172 41 toujours
2754 4075 81 41 plus

1815 4117 149 40 grande.
1994 4117 106 41 Déjà,
2130 4118 24 33 il
2181 4130 23 29 y
2230 4130 21 22 a
2278 4120 174 40 quelques
2480 4121 145 40 années,
2654 4122 179 34 certaines

1810 4163 120 41 pièces
1962 4165 44 34 de
2039 4164 199 42 Marseille,
2275 4167 44 33 de
2351 4167 35 34 la
2418 4167 193 34 collection
2643 4168 191 37 Arnavon,

1815 4211 241 41 atteignaient
2088 4212 64 34 des
2183 4212 85 42 prix
2300 4213 190 34 inconnu*'
2501 4215 199 40 vjn$qu<?Mà
2713 4227 6 25 ;
2741 4211 105 47 'PltiS.-

1816 4258 232 39 récemment,
2084 4259 91 34 dans
2209 4260 35 32 la
2277 4265 109 29 vente
2412 4260 227 41 .d'Yanville,
2675 4262 103 36 dans,
2799 4263 36 33 la

1814 4310 108 28 vente
1942 4303 65 36 Ch.
2030 4305 135 41 Nodet,
2187 4306 44 33 de
2253 4306 201 41 Marseille,
2473 4319 60 22 ces
2553 4307 84 43 prix
2658 4319 174 31 augmen-

1814 4351 114 34 taient
1953 4363 142 22 encore.

1856 4404 53 37 La
1937 4404 193 35 collection
2160 4404 118 35 Azam
2306 4417 47 23 ne
2382 4406 163 35 contient
2573 4419 65 30 pas
2668 4408 63 34 des
2760 4407 75 42 piè-

1812 4463 59 23 ces
1895 4451 98 35 aussi
2018 4452 174 41 capitales
2217 4464 68 30 que
2309 4454 52 34 les
2384 4465 203 23 morceaux
2612 4455 154 34 fameux
2793 4457 44 32 de

1811 4499 35 33 la
1875 4498 193 36 collection
2097 4499 191 41 Arnavon,
2319 4500 59 41 qui
2408 4500 161 42 figurent
2599 4502 236 40 aujourd'hui

1816 4545 90 34 dans
1934 4546 52 34 les
2013 4546 213 34 collections
2254 4547 113 37 Louis
2396 4548 89 33 Prat
2510 4560 48 22 ou
2587 4549 246 42 Zaf1ropoulo.

1813 4592 98 37 Mais
1936 4592 25 34 il
1987 4606 23 28 y
2036 4605 21 23 a
2081 4593 33 34 là
2138 4593 219 35 néanmoins
2385 4595 173 40 quelques
2584 4596 140 34 bonnes
2752 4596 85 34 cho-

1817 4651 65 22 ses.
1924 4640 367 34 Malheureusement
2328 4641 183 42 plusieurs
2551 4647 64 29 ont
2653 4642 79 35 subi
2771 4643 63 34 des

1816 4686 278 35 restaurations.
2120 4687 43 41 Je
2187 4687 128 34 citerai
2339 4688 46 36 le.
2397 4689 155 33 numéro
2578 4688 29 41 6,
2633 4700 49 22 un
2706 4690 45 33 de
2776 4702 58 21 ces

1814 4733 94 41 plats
1957 4734 113 33 ronds
2119 4734 21 33 à
2187 4734 110 34 décor
2344 4735 93 39 bleu,
2471 4735 89 34 orné
2609 4735 49 34 du
2706 4736 127 34 blason

1814 4781 126 33 blason
1964 4779 85 35 d'un
2070 4781 163 41 marquis
2256 4781 45 34 de
2324 4781 214 41 Moustiers,
2560 4793 49 22 un
2631 4782 75 42 plat
2728 4783 105 33 ovale

1815 4827 20 34 à
1865 4827 112 34 bords
2009 4827 234 40 contournés,
2276 4828 89 33 orné
2398 4827 107 34 d'une
2537 4828 199 34 médaillon
2760 4840 6 22 :
2802 4830 31 32 le

1815 4874 95 33 Bain-
1938 4874 43 33 de
2008 4874 133 40 Diane,
2169 4879 35 28 et
2231 4873 74 35 très
2335 4875 196 33 semblable
2559 4875 21 33 à
2605 4886 50 22 un
2682 4875 76 41 plat
2785 4876 49 33 du

1816 4921 123 34 musée
1965 4921 44 34 de
2036 4920 199 40 Marseille,
2262 4925 35 29 et
2322 4932 49 22 un
2396 4920 91 42 petit
2512 4921 75 41 plat
2614 4932 114 23 creux
2753 4932 85 30 por-

1817 4973 77 28 tant
1923 4968 34 34 la
1986 4978 152 30 marque
2168 4967 161 43 d'Olery,
2361 4968 60 40 qui
2454 4968 68 40 fut,
2553 4979 49 22 on
2632 4969 33 33 le
2695 4968 79 36 sait,
2805 4968 32 36 le

1818 5014 167 34 meilleur
2015 5014 178 34 faïencier
2222 5014 45 34 de
2294 5014 215 34 Moustiers.

1860 5066 125 35 Parmi
2016 5067 53 34 les
2101 5067 164 34 faïences
2296 5067 43 34 de
2370 5066 200 41 Marseille,
2602 5067 25 33 il
2656 5081 24 28 y
2710 5080 20 22 a
2758 5068 80 41 plu-

1816 5113 117 35 sieurs
1961 5114 140 34 bonnes
2130 5113 120 42 pièces
2280 5114 172 34 décorées
2482 5115 44 33 de
2554 5114 123 41 fleurs,
2709 5120 36 29 et
2772 5126 65 22 no-

1816 5166 178 30 tamment
2022 5161 32 34 le
2082 5161 155 33 numéro
2264 5170 41 31 23
2330 5172 7 21 :
2368 5161 150 34 assiette
2547 5172 137 30 creuse,
2713 5162 126 42 signée

1816 5209 44 34 de
1893 5208 36 35 la
1962 5219 117 23 veuve
2116 5207 140 34 Perrin.
2295 5208 88 34 Plus
2417 5207 224 43 importante
2678 5214 55 29 est
2768 5220 70 24 une

1816 5254 150 36 assiette
1996 5254 21 34 à
2046 5266 160 30 paysage
2237 5254 194 41 maritime,
2465 5255 60 41 qui
2558 5256 167 41 pourrait
2755 5256 83 34 bien

1819 5302 76 34 être
1925 5302 45 33 de
2000 5302 35 33 la
2066 5301 169 41 fabrique
2267 5301 44 34 de
2341 5302 149 34 Robert.
2522 5300 48 38 Et
2599 5303 33 33 le
2662 5314 174 23 morceau

1816 5350 44 34 de
1888 5348 210 40 résistance,
2129 5347 107 41 enfin,
2265 5360 58 23 me
2350 5348 121 41 paraît
2499 5350 76 33 être
2605 5350 34 33 la
2670 5349 168 35 fontaine

1819 5395 168 42 applique
2024 5406 88 23 avec
2149 5402 213 27 mascarons
2401 5401 35 28 et
2473 5395 234 42 coquillages.
2746 5396 90 37 L'an

1816 5443 114 42 passé,
1962 5453 72 23 une
2066 5441 170 35 fontaine
2268 5443 47 33 du
2345 5443 119 33 même
2493 5453 113 30 genre
2638 5442 99 35 avait
2768 5442 70 35 fait

1819 5500 97 31 4.100
1944 5489 126 34 francs
2098 5488 91 34 dans
2216 5489 35 33 la
2278 5488 194 35 collection
2500 5489 134 41 Nodet,
2662 5489 45 34 de
2734 5490 103 34 Mar-

1818 5536 109 35 seille.

1869 5589 186 42 Quelques
2081 5589 164 34 faïences
2272 5589 43 34 de
2343 5588 144 35 Nevers
2514 5594 83 29 sont
2622 5588 21 34 à
2668 5589 170 41 signaler,

1817 5637 91 34 mais
1933 5637 87 34 c'est
2044 5641 147 29 surtout
2214 5635 141 41 Rouen,
2381 5636 35 34 la
2440 5635 101 35 reine
2566 5637 44 33 de
2635 5637 34 33 la
2696 5637 143 34 faïence

1819 5683 194 41 française,
2038 5683 68 41 qui
2137 5682 185 42 triomphe
2353 5694 88 23 avec
2471 5694 71 23 une
2574 5683 189 41 vingtaine
2794 5684 45 33 de

1817 5730 117 42 pièces
1956 5742 9 22 :
1998 5731 119 41 grand
2147 5722 136 44 bassin,
2316 5729 188 42 légumier,
2539 5730 202 41 cache-pot,
2774 5730 63 34 ha-

1819 5787 234 32 nap-casque,
2078 5776 269 42 porte-huilier,
2373 5776 118 42 parmi
2517 5777 158 40 lesquels
2700 5777 37 41 je
2762 5777 74 34 dïs-

2896 644 126 44 tingue
3050 649 98 33 deux
3172 649 131 42 petites
3330 651 191 36 bouteilles
3549 651 20 35 à
3595 664 90 31 pans
3712 666 87 22 avec
3824 656 89 33 bou-

2898 699 102 35 quets
3032 696 44 33 de
3109 695 111 35 fleurs
3252 703 36 28 et
3319 698 241 40 quadrillés.

2940 741 71 35 Les
3035 742 162 35 faïences
3222 744 43 33 de
3288 745 179 36 Lorraine
3489 751 65 28 ont
3576 746 245 35 évidemment
3844 758 70 24 une

2897 788 126 34 valeur
3064 790 223 34 marchande
3328 791 168 34 moindre
3519 803 8 29 ;
3573 794 171 41 quelques
3787 796 124 33 Humé-,

2945 2597 280 27 ENCOIGNURE
3258 2598 53 25 EN
3343 2597 131 34 'I\lArIQl
3496 2600 148 25 ETLRIU
3676 2601 54 24 DE
3763 2600 93 26 BOIS

2946 2645 53 25 DE
3041 2644 235 33 COULEURS,
3317 2639 194 33 DÉCORÉE
3551 2639 100 33 D'UN
3692 2646 166 27 GROUPE

2946 2691 26 26 1)
2990 2682 313 37 'INSTRUMENTS
3350 2691 53 26 DE
3447 2692 201 33 MUSIQUE.
3696 2685 160 35 GARNI-

2948 2737 112 27 TURE
3098 2737 53 26 DE
3188 2737 176 28 BRONZE.
3402 2729 340 43 EPOQUE'LOUIS
3780 2732 79 35 XV.

2893 2835 60 24 ros
2981 2830 84 29 sont
3091 2825 48 34 du
3163 2824 136 35 moins,
3309 2824 75 35 très
3410 2825 188 42 plaisants,
3625 2832 229 29 notamment
3882 2828 31 32 le

2898 2880 40 32 74
2992 2871 94 41 plat.
3101 2872 131 34 décoré
3264 2872 86 34 d'un
3382 2873 129 33 blason
3544 2885 44 21 en
3621 2875 164 32 camaïeu
3818 2886 93 21 rose.

2950 2918 29 33 11
3012 2923 53 28 est
3097 2918 221 41 regrettable
3349 2930 68 30 que
3446 2919 35 33 la
3510 2919 100 42 pièce
3639 2919 199 42 principale
3869 2931 44 23 ne

2897 2964 71 34 soit
2990 2975 65 30 pas
3081 2964 143 34 intacte.
3476 2969 9 3 "

2938 3010 76 35 Dix
3044 3011 119 41 pièces
3195 3023 43 22 en
3271 3011 107 36 Delft
3409 3012 221 42 complètent
3661 3012 34 35 la
3726 3011 92 35 série
3851 3013 62 34 des

2896 3058 172 35 faïences.
3872 3088 10 4 ,

2939 3105 124 34 Parmi
3090 3106 51 33 les
3168 3105 238 42 porcelaines,
3432 3105 49 43 je
3481 3105 198 43 ,distingue
3707 3106 121 35 divers
3855 3118 61 30 pe-

2893 3151 62 35 tits
2980 3163 158 30 groupes
3164 3165 43 22 en
3231 3152 133 35 biscuit
3388 3154 44 33 de
3457 3153 143 40 Sèvres,
3628 3159 34 28 et
3687 3159 229 29 notamment

2894 3200 97 34 deux
3019 3205 202 34 statuettes,
3248 3200 146 33 Amour
3420 3208 34 26 et
3482 3200 155 41 Fillette)
3664 3200 141 42 d'après
3832 3198 83 36 Fal-

2893 3252 115 28 conet.

3135 3293 183 34 Meubles
3353 3296 41 32 et
3425 3293 246 43 tapisseries

2951 3356 124 33 Parmi
3104 3356 52 34 les
3184 3356 172 40 meubles,
3369 3356 179 41 _Ia'pièce
3576 3356 154 42 capitale
3760 3361 55 29 est
3842 3368 71 22 une

2892 3403 223 41 encoignure
3142 3414 43 23 en
3213 3402 245 41 marqueterie
3486 3404 43 33 de
3555 3402 79 35 bois
3662 3404 44 33 de
3734 3404 178 38 couleurs,

2894 3450 151 34 décorée
3076 3450 85 34 d'un
3188 3461 141 30 groupe
3358 3450 277 34 d'instruments
3666 3451 43 33 de
3737 3449 177 41 musique,

2894 3509 87 22 avec
3019 3496 211 42 garnitures
3272 3498 43 33 de
3353 3498 146 39 bronze,
3542 3508 49 22 un
3630 3498 72 32 bon
3742 3507 172 24 morceau

2897 3543 64 39 el'
2961 3543 193 39 ébénisterie
3154 3543 66 39 de
3244 3544 165 41 l'époque
3435 3543 113 37 Louis
3574 3544 82 33 XV.

2936 3590 32 33 Il
3002 3591 83 33 faut
3118 3590 160 41 signaler
3312 3590 96 33 enfin
3442 3601 49 22 un
3524 3601 168 30 panneau
3725 3590 44 34 de
3801 3589 113 42 tapis-

2893 3637 94 35 serie
3022 3637 195 35 flamande,
3242 3639 44 32 de
3320 3638 35 33 la
3389 3637 49 33 fin
3473 3637 48 34 du
3558 3636 203 42 quinzième
3796 3636 117 41 siècle,

2891 3684 186 36 tissée'de
3096 3685 109 34 métal
3232 3690 35 28 et
3291 3685 214 41 présentant
3531 3685 43 32 de
3600 3685 207 32 nombreux
3833 3695 81 29 per-

2893 3743 182 29 sonnages
3110 3731 204 34 richement
3345 3733 116 32 vêtus,
3497 3742 88 23 avec
3616 3732 161 32 bordttre
3811 3731 104 34 bleue

2895 3779 20 34 à
2945 3778 146 34 feuilles
3121 3778 90 33 dans
3239 3778 63 33 des
3332 3778 208 40 quadrillés.
3571 3776 105 35 Cette
3706 3789 124 23 œuvre
3858 3783 54 29 est

2896 3825 144 34 montée
3068 3836 44 22 en
3137 3829 187 37 paravent.
3352 3844 44 4 —

3422 3824 119 34 Henri
3569 3824 161 33 FRANTZ.

3267 3919 52 26 LA
3351 3910 191 36 JOURNÉE

2950 3976 89 33 CET
3069 3974 284 35 IIPRI,'S-il,!IDI
3374 3987 9 19 :
3416 3977 31 33 A
3482 3987 18 22 2
3535 3983 154 28 IIKURKS.
3722 3976 35 34 A
3788 3976 124 34 l'hôtel

2897 4026 156 38 Drouot,
3080 4030 107 29 vente
3215 4023 44 35 de
3286 4024 35 33 la
3348 4023 247 40 bibliothèque
3625 4023 217 33 Polovtsoff.
3871 4042 43 6 —

2895 4072 35 33 A
2957 4082 20 31 4
2996 4076 169 35 ii,,*,ijii,'S,
3197 4070 231 34 Conférence
3458 4069 48 33 du
3535 4069 152 34 docteur
3716 4069 144 39 Reclus,
3892 4069 20 34 à

2896 4118 149 34 l'Union
3071 4118 63 33 des
3161 4117 167 34 Femmes
3354 4117 45 33 de
3424 4114 151 42 France,
3602 4127 61 23 sur
3688 4115 34 34 la
3748 4115 163 42 simplifi-

2895 4165 121 34 cation
3042 4164 45 34 de
3113 4163 232 42 l'antisepsie.

2896 4268 285 61 Nouvelles
3228 4265 321 69 Littéraires,
3588 4264 326 76 Artistiques

3173 4372 51 44 et
3269 4354 369 75 Scientifiques

2938 4482 65 31 Les
3026 4479 227 38 conférences
3275 4479 40 30 de
3333 4480 37 29 la
3390 4478 156 37 journée.
3569 4495 44 4 —
3633 4476 234 38 Aujourdhui,
3891 4478 19 28 à

2896 4523 130 32 l'Ecole
3057 4523 61 30 des
3151 4522 132 30 Hautes
3316 4520 130 32 Etudes
3478 4520 164 35 Sociales,
3675 4519 18 30 à
3723 4529 20 26 4
3774 4519 31 29 h.
3841 4519 69 35 1/2,

2894 4567 50 29 les
2972 4564 219 38 Préparatifs
3222 4564 40 30 de
3293 4563 181 30 l'Alliance
3502 4572 109 26 russe,
3641 4572 62 26 par
3728 4561 50 30 iM.
3809 4562 100 36 Jean-

2897 4608 163 35 Bernard,
3096 4613 32 24 et
3163 4608 32 28 Ici,
3229 4605 211 37 Sociologie.
3459 4604 190 37 d'Auguste
3678 4603 136 36 .Comte,
3848 4613 62 27 par

2895 4650 46 30 M.
2972 4650 95 30 René
3096 4650 49 30 VV
3145 4650 99 30 onns,

2939 4692 31 29 A
2995 4701 15 27 5
3038 4692 31 29 h.
3098 4692 69 35 jl2,
3192 4691 141 35 Dilthey
3358 4694 33 25 et
3416 4699 63 21 son
3504 4689 104 36 école,
3632 4698 62 27 par
3718 4688 46 30 M.
3791 4687 119 33 Groet-

2894 4734 158 37 thuyse.n,
3084 4739 50 25 et,
3157 4734 33 29 la
3241 4732 213 37 Législation
3506 4731 41 30 de
3590 4732 42 31 la
3682 4731 136 35 Presse,
3848 4739 62 28 par

2898 4777 46 29 M.
2982 4776 206 30 Hermance.

2940 4819 56 30 Au
3034 4818 137 36 Collège
3220 4817 102 32 Libre
3369 4816 61 30 des
3479 4814 162 33 Sciences
3689 4814 166 36 Sociales,
3891 4814 20 30 à

2894 4870 19 26 4
2945 4860 31 29 h.
3012 4860 70 34 1/2,
3115 4858 140 37 l'Eglise
3287 4858 195 36 catholique
3513 4862 33 24 et
3577 4857 33 29 la
3640 4856 177 36 Réforme,
3848 4865 62 27 par

2897 4902 47 30 M.
2965 4901 110 30 l'abbé
3098 4900 148 36 Naudet,
3269 4905 42 31 et,
3333 4900 19 29 à
3374 4908 15 28 5
3413 4899 31 29 h.
3471 4898 69 36 1/2,
3563 4899 49 29 les
3632 4898 201 30 Problèmes
3853 4902 59 31 po-

2897 4944 139 36 litiques
3074 4948 32 25 et
3143 4943 144 30 sociaux
3348 4942 127 30 devant
3512 4942 42 29 le:
3578 4940 235 36 Positivisme,
3852 4950 60 26 par

2898 4986 46 30 M.
2972 4985 156 33 Maurice
3152 4985 116 36 Ajam.

2937 5028 56 29 Au
3016 5026 118 31 Cercle
3155 5027 45 30 du
3222 5026 252 35 Luxembourg,
3496 5026 32 29 la
3552 5024 117 31 Vallée
3691 5024 44 30 du
3756 5024 71 36 Nil,
3848 5033 71 27 par.

2898 5070 46 30 M.
2977 5069 140 37 Eugène
3149 5068 139 31 Gallois.

2939 5153 47 31 Le
3007 5152 151 37 fauteuil
3182 5152 39 30 de
3245 5151 103 31 Curie
3371 5152 19 29 à
3412 5150 176 30 l'Institut.
3611 5167 44 5 —
3676 5150 50 31 La
3747 5153 90 26 mort
3858 5148 52 30 ré-

2895 5200 98 25 cente
3021 5194 42 30 de
3093 5194 143 35 Gernez,
3264 5194 31 29 le
3323 5191 269 32 successeur-de
3622 5191 102 31 Curie
3741 5191 31 30 .à
3798 5190 112 30 l'Aca-

2896 5237 111 30 démie
3038 5236 61 30 des
3131 5235 172 35 Sciences,
3336 5235 103 30 laisse
3448 5246 9 5 -
3468 5239 126 25 vacant
3624 5234 32 30 le
3677 5233 157 30 -fauteuil
3866 5231 46 31 du

2898 5279 123 29 maître
3044 5278 27 30 si
3094 5278 293 36 prématurément
3409 5276 228 36 disparu.'On
3660 5286 19 19 a
3701 5274 90 37 déjà,
3814 5279 98 25 natu-

2896 5321 189 34 rellement,
3116 5320 98 29 lancé
3243 5320 61 30 des
3333 5329 109 25 noms,
3472 5323 33 25 et
3533 5318 25 29 il
3587 5318 56 36 n'y
3672 5317 114 30 aurait
3813 5316 97 37 point

2895 5363 69 30 lieu
3001 5361 42 31 de
3081 5362 175 36 s'occuper
3292 5360 42 31 de
3349 5371 78 20 -ces
3463 5360 111 30 bruits
3610 5358 310 32 si....l'on..n'avait,

2897 5404 102 37 parlé'
3018 5404 41 30 de
3087 5404 93 29 Mme
3208 5402 113 32 Curie.
3349 5403 29 29 Il
3404 5413 30 26 y.
3451 5412 19 20 a
3497 5402 31 29 là
3554 5411 67 21 une
3649 5400 76 31 idée
3751 5401 56 36 qui
3835 5409 76 21 ren-

2897 5451 129 30 contre,
3050 5445 86 31 dans
3159 5446 50 30 les
3232 5445 143 30 milieux
3396 5445 42 29 de
3461 5443 178 42 l:Itistitut,
3661 5443 60 30 des
3745 5442 166 37 approba-

2896 5489 93 29 tions
3017 5493 32 25 et
3076 5488 61 30 des
3164 5487 208 30 résistances
3396 5497 6 26 ;
3433 5486 63 30 elle
3524 5496 36 19 se
3587 5485 121 30 heurte
3736 5484 175 30 d'ailleurs

2897 5530 19 30 à
2943 5530 163 36 quelques
3132 5529 189 30 difficultés
3347 5533 215 32 apparentes,
3590 5536 131 20 comme
3748 5526 30 29 le
3805 5526 107 36 règle-

2896 5577 93 25 ment
3011 5572 58 36 qui
3092 5571 144 30 interdit
3258 5581 67 20 aux
3349 5570 145 30 femmes
3516 5568 142 31 l'entrée
3681 5569 109 29 même
3814 5568 41 29 de
3878 5567 32 29 la

2898 5614 84 30 salle
3022 5613 60 30 des
3122 5613 150 35 séances,
3312 5612 189 36 règlement
3540 5611 80 36 qu'il
3659 5610 106 30 serait
3803 5614 110 32 temps

2895 5655 191 36 d'abroger.

2940 5697 51 32 En
3012 5702 75 25 tout
3110 5707 66 25 cas,
3199 5697 33 30 la
3253 5707 150 20 vacance
3424 5694 49 34 du
3473 5694 165 34 fauteuil
3660 5694 87 30 n'est
3769 5703 60 27 pas
3852 5702 57 21 en-

2896 5749 78 20 core
3001 5739 166 35 déclarée,
3195 5744 32 25 et
3255 5739 22 29 il
3305 5744 50 24 est
3380 5748 46 20 un
3453 5747 66 27 peu
3544 5736 195 37 prématuré
3766 5736 41 30 de
3833 5745 76 28 par-

2897 5781 51 30 ler
2970 5781 87 36 déjà
3073 5780 59 30 des
3155 5780 255 30 candidatures.

4154 516 34 36 •
4318 480 704 106 Mondanités
5146 526 34 34 •
5308 490 382 106 Modes
5814 538 34 34 •

4048 672 454 114 L'Élégance
4550 696 348 74 Moderne

4254 804 180 74 rend
4474 806 218 74 visite

3970 914 44 68 à
4042 912 174 74 celle
4246 914 98 72 du
4372 914 282 74 Second
4686 916 292 92 Empire

4000 1060 59 39 La
4077 1059 102 41 Fête
4198 1063 53 39 de
4268 1064 313 41 l'Ambassade
4599 1067 81 38 des
4695 1058 259 48 États-Unis

4024 1160 50 35 Ce
4098 1161 75 43 fut,
4198 1162 101 43 hier,
4325 1166 181 42 pondant
4529 1167 57 35 les
4609 1168 197 41 quelques
4830 1169 149 36 heures

3971 1215 78 35 que
4069 1208 102 37 dura
4171 1208 143 37 cette
4344 1212 188 38 tualinée,
4562 1215 148 34 offerte
4737 1215 23 34 à
4788 1216 192 34 l'ambas-

3969 1254 99 35 sade
4091 1254 69 35 des
4184 1256 260 44 Etals-Unis,
4473 1270 54 23 un
4552 1271 105 33 coup
4681 1262 104 34 d'œil
4812 1262 167 45 unique.

3973 1301 126 33 :Dans-
4114 1301 278 45 l'assistance,'
4412 1316 47 23 011
4493 1307 259 41 remarquait
4780 1308 49 36 de
4859 1319 119 25 nom-

3971 1347 169 35 breuses
4179 1351 300 41 jtersomtalités
4514 1353 48 34 de
4600 1354 35 34 la
4670 1355 158 36 colonie
4865 1355 113 36 amé-

3973 1393 154 34 ricai'ne
4143 1414 9 15 -,
4177 1395 183 37 résidant
4405 1398 22 35 à
4474 1399 128 35 Paris.
4651 1401 137 35 Parmi
4836 1403 97 33 elles
4972 1413 6 23 :

3971 1437 287 40 Mme'Ernes't
4290 1445 140 40 (laron,
4466 1446 104 35 Mme
4587 1447 402 39 ;MarschalLFiekL

3973 1486 103 34 Mme
4111 1489 40 32 et
4184 1488 269 44 MIle'Kinen,
4492 1492 105 36 Mme
4632 1494 150 35 Hélène
4811 1496 166 38 Porgès,

3954 1533 65 42 M.
4052 1533 41 36 el,
4125 1535 102 34 Mme
4259 1536 179 43 Munroe,
4474 1538 104 35 Mme
4610 1540 160 37 Oorbin.
4805 1542 104 34 Mme
4941 1543 37 34 la

3954 1579 344 43 .générale.lioca.
4323 1583 47 34 M.
4394 1584 40 35 et
4455 1584 104 36 Mme
4579 1585 399 41 Olivier-Fontaine.

3970 1626 99 37 miss
4108 1627 119 36 Maud
4262 1629 242 36 Butler.-M.
4541 1632 47 35 de
4628 1633 145 40 LJnzue,
4813 1636 48 33 M.
4897 1636 78 34 Le-

3970 1672 139 43 grand,
4135 1674 111 36 ..Mme
4273 1675 205 42 Luclietti,
4509 1678 47 35 M,
4586 1679 39 34 et
4652 1680 104 35 Mme
4783 1681 49 36 de
4858 1682 119 38 Bary,

3972 1719 47 35 M.
4049 1720 24 33 S
4079 1720 74 34 and
4160 1729 755 27 s..

4023 1765 86 40 Que
4133 1766 251 46 d'élégances
4408 1771 201 43 groupées
4633 1772 6 34 !
4665 1773 84 40 Que
4772 1774 48 36 de
4842 1776 136 35 ravis-

3954 1812 154 43 santés
4137 1813 181 36 toilettes
4379 1817 131 37 .\ous,
4510 1817 189 37 n'avions
4727 1827 73 35 pas
4827 1831 51 25 eu
4905 1826 82 31 en-'

3970 1868 106 31 core,
4098 1861 287 42 cette-saison,
4402 1864 215 36 l'occasion
4638 1866 119 35 d'une
4778 1869 203 32 solennité

3970 1906 163 35 mondai
4144 1916 60 31 ne.,
4230 1915 107 27 nous-
4375 1911 227 42 permettan
4612 1913 13 34 t
4663 1913 221 37 d'admirer
4924 1916 55 35 les

3971 1952 118 35 robes
4116 1953 291 44 d'apt-es-midi
4431 1978 52 5 —
4506 1958 118 36 robes
4651 1958 48 37 de
4717 1957 190 39 'visités...
4933 1962 48 36 de

3971 1999 202 35 demain...
4378 2014 22 6 -
4424 2025 7 5 .
4450 2017 12 12 -.-
4490 2028 12 9 ,
4617 2000 28 28 ■.'

4024 2047 139 33 Parmi
4192 2048 56 34 les
4278 2049 93 43 plus
4398 2052 275 42 remarquées,
4705 2053 23 34 il
4760 2054 93 35 faut
4878 2055 104 37 citer

3955 2093 123 34 ,ce)f.e
4097 2093 100 43 jolie
4219 2095 98 35 robe
4339 2106 46 24 en
4409 2098 110 35 satin,
4539 2100 145 40 souple
4703 2100 96 35 bleu
4821 2101 47 35 de
4891 2102 96 35 nuit;

3970 2139 49 35 de
4031 2147 18 40 ;■
4066 2140 133 35 forme
4247 2143 244 36 Directoire.
4539 2146 79 36 Un
4648 2147 129 39 grand
4812 2149 75 34 .col-
4933 2158 46 25 en

3956 2186 88 44 poill
4044 2186 45 44 t
4110 2187 48 35 de
4182 2188 121 35 Mitan
4328 2191 117 34 ourlé
4466 2191 119 36 d'une
4610 2193 148 36 étroite
4780 2194 131 36 bande
4933 2195 50 35 de

3969 2232 176 36 xibetuM
4182 2236 173 34 encadre
4392 2237 57 34 les
4462 2238 189 42 .épau!es
4688 2240 40 35 et
4763 2241 136 37 tombe
4914 2260 8 5 -
4933 2243 58 35 ea

3954 2279 127 41 11cl111
4104 2281 152 36 devant
4277 2282 165 42 jusqu'à
4467 2284 36 35 la
4528 2286 163 40 taitie.
4691 2286 184 40 marquée
4899 2286 90 38 très'

3971 2325 104 36 haut
4103 2337 76 34 par
4209 2338 81 26 une
4320 2330 227 36 cordelière
4578 2332 54 37 de
4632 2332 110 37 soie
4771 2335 131 35 nouée
4933 2335 57 36 de

3955 2372 131 41 côté.
4108 2374 114 35 Cette
4256 2376 97 35 robe
4388 2376 133 37 forme
4558 2380 170 42 tunique;
4762 2381 213 35 s'arrèfanl

3971 2428 95 26 sous
4099 2421 35 35 le
4163 2431 133 32 genou
4327 2423 39 34 et
4395 2433 43 26 se
4467 2434 98 30 pose
4594 2436 72 25 sur
4694 2436 81 26 une
4803 2428 100 40 jupe
4932 2429 50 34 de'

3969 2467 167 35 velours
4161 2468 48 35 de
4233 2469 139 39 méme_
4391 2471 293 38 ton-encadrée
4708 2474 148 37 d'une-
4856 2474 127 37 bande

3970 2513 49 35 de
4047 2514 125 35 Milan
4201 2515 230 45 ég'alement
4457 2517 151 37 bordée
4636 2519 57 39 de,
4712 2517 186 40 'zilielii'ie.
4927 2523 55 35 Le

3969 2560 186 44 chapeau
4191 2563 70 43 qui
4284 2566 326 40 -accompagnait
4642 2567 106 35 cette
4779 2568 101 39 jolie
4912 2569 67 34 vi-

3972 2606 90 35 sion
4085 2608 102 35 étaiL
4208 2618 82 26 une
4312 2609 123 41 toque
4458 2612 94 35 tout
4572 2622 49 25 en
4642 2613 175 37 zibeline
4840 2616 150 38 garnie'

3971 2653 119 35 d'une
4123 2664 208 27 couronne
4363 2657 238 39 d'aigrettes
4632 2659 195 37 blanches
4860 2660 130 40 posée

3971 2699 92 36 tout
4086 2703 151 33 autour
4259 2703 49 33 de
4335 2704 36 34 la.
4397 2704 142 44 toquer
4789 2720 7 3 -
4834 2720 54 19 —:

4024 2748 100 34 Très
4159 2749 182 36 admirée
4375 2750 231 44 également
4639 2754 101 34 était
4771 2765 80 26 une
4885 2756 97 36 robe

3971 2793 48 36 de
4049 2795 110 35 satin
4188 2797 145 40 souple
4363 2798 93 34 noir
4486 2799 98 35 dont
4616 2800 169 41 la-jupe,
4811 2805 177 34 ouverte-

3971 2840 48 35 de
4053 2841 160 45 chaque
4248 2843 90 35 côté
4374 2844 169 36 laissait-
4567 2846 74 35 vo'ir
4641 2846 38 35 '
4698 2843 91 39 une
4810 2850 172 36 seconde

3970 2887 111 44 jupe,
4132 2889 89 43 plus
4269 2890 153 43 courLe,
4470 2895 195 34 couverte
4711 2894 48 36 de
4805 2896 177 39 guipure

3970 2934 359 38 blanche..'
4588 2960 6 6 .
4914 2962 6 6 .

4028 2982 50 34 Le
4118 2992 167 36 corsage
4325 2984 127 45 drapé
4493 2986 22 35 à
4537 2986 215 43 :l'anlj'que
4791 2998 72 26 sur
4902 2997 88 29 une"

3971 3028 186 37 cuirasse
4179 3029 49 36 de
4251 3031 179 39 guipure
4454 3032 103 36 était
4578 3033 80 36 fixé
4681 3035 22 34 à
4728 3035 37 35 la
4785 3034 198 43 jupe'par

3972 3084 80 26 une
4077 3076 188 36 ceinture
4290 3077 49 36 de
4362 3079 136 44 perles
4523 3080 87 34 d'or
4634 3081 194 37 mat...

4024 3122 76 36 Les
4135 3132 188 36 corsages
4360 3125 156 36 étaient
4548 3128 213 42 composés
4793 3129 67 39 de.
4876 3130 109 37 deux

3971 3168 111 36 côtés
4110 3169 331 45 dissemblables,
4466 3173 162 36 c'est-le
4655 3176 128 42 grand
4795 3177 106 35 chic
4929 3178 55 35 du

3972 3218 199 40 moment;
4193 3217 95 35 d'un
4308 3218 101 42 côté,
4432 3220 38 34 la
4489 3222 253 35 mousseline
4763 3222 152 37 tendue
4935 3234 49 26 en

3972 3262 122 43 fichu,
4126 3263 48 36 de
4203 3264 145 36 l'autre
4377 3275 57 25 un
4462 3276 141 26 revers
4631 3269 140 42 souple
4771 3269 81 42 de
4881 3271 101 34 den-

3972 3309 97 36 telle
4098 3310 228 44 précieuse.
4357 3313 99 34 Puis
4486 3323 80 26 une
4596 3315 177 44 guipure
4803 3317 49 35 de
4883 3318 102 36 tulle

3964 3358 169 35 servant
4151 3357 155 36 d'écrin
4325 3359 21 34 à
4367 3359 132 36 l'éclat
4518 3360 69 36 des
4607 3357 163 41 colliers
4790 3363 193 46 de^pérle.

4025 3403 32 34 Il
4080 3413 27 35 y
4130 3404 122 42 avait,
4280 3415 50 25 en
4355 3406 109 42 effet,
4492 3407 23 34 à
4539 3408 108 35 cette
4669 3409 102 41 jolie
4795 3410 196 41 réunion,'-

3972 3460 81 25 une
4090 3450 231 38 abondante
4355 3453 223 42 profusion
4613 3455 49 35 de
4696 3455 146 43 bijoux
4864 3457 7 35 !
4907 3458 76 36 Les

3971 3497 165 35 colliers
4168 3498 259 45 somptueux,
4462 3500 56 36 les
4549 3502 239 43 pendentifs
4820 3505 162 35 artisti-

3971 3544 296 44 ques'retenus
4294 3555 75 35 par
4395 3546 69 36 des
4492 3547 154 37 rubans
4673 3549 50 36 de
4749 3551 146 40 perles,
4926 3552 57 36 les

3970 3590 205 37 barrettes
4200 3592 89 35 tout
4308 3602 50 25 en
4376 3593 159 44 pierres
4556 3595 101 36 fines
4679 3596 234 42 ajoutaient
4931 3609 64 28 au'

3972 3637 94 35 luxe
4091 3637 68 36 des
4186 3638 182 36 toilettes
4394 3640 40 35 et
4457 3641 310 38 contribuaient
4790 3654 147 28 encore
4958 3646 26 36 à

3971 3684 132 35 l'éclat
4129 3684 48 36 de
4204 3685 37 35 la
4268 3686 95 35 fête.
4389 3709 51 3 —

4464 3688 173 36 Juliette
4663 3690 217 36 FERRAND.

4128 3794 698 96 MONDANITÉS

4338 3954 52 26 LA
4419 3948 206 41 JOURNÉE

4027 4001 57 33 CE
4118 4001 158 34 MATIN
4296 4015 10 20 :
4342 4006 35 33 A
4414 4017 35 23 11
4488 4015 158 30 HEURES,
4679 4002 37 38 A
4752 4010 231 40 Saint-Jean-

3973 4049 165 42 Baptiste
4175 4050 43 34 de
4259 4051 153 41 Sceaux,
4452 4054 175 41 obsèques
4664 4057 45 33 de
4746 4058 53 34 M.
4837 4060 147 34 Hubert

3972 4096 164 34 Rohault
4162 4098 44 33 de
4234 4096 145 44 l'ieitry,
4406 4101 262 35 commandeur
4695 4103 45 34 de
4770 4104 213 37 Saint-Gré-

3972 4142 103 41 goire
4099 4144 33 33 le
4160 4142 135 36 Grand.
4321 4151 55 18 —'
4388 4146 34 33 A
4449 4157 102 31 MIDI,
4576 4148 35 33 A
4637 4148 256 38 Notre-Dame
4919 4151 63 36 des

3967 4188 175 51 ,Çhatpps¡
4142 4188 194 51 }}1ariage
4365 4191 44 34 de
4438 4192 105 45 MlIç:
4557 4194 216 45 ^Riflette
4796 4197 187 40 ça,rt<::ron

3972 4247 87 23 avec
4116 4238 50 32 M.
4210 4238 139 33 Robert
4393 4238 208 41 Sepulchre.
4644 4260 43 6 —
4706 4265 6 2 -
4727 4242 34 34 A
4803 4243 180 37 Chalabre

3974 4282 150 43 (Audé),
4159 4283 161 42 mariage
4353 4284 45 33 de
4431 4285 334 43 Mlle-'Jacqueline
4796 4289 45 34 de
4874 4291 107 34 Mau-

3972 4329 305 34 léon-Narbonne
4307 4341 87 23 avec
4422 4331 33 34 le
4483 4332 116 34 baron
4629 4333 44 35 de
4704 4335 121 41 Barin,
4855 4336 126 36 lieute-

3972 4381 88 28 nant
4081 4375 245 36 d'infanterie.

4014 4480 313 38 NOUVELLES
4347 4481 98 37 DES
4469 4483 170 36 COURS

4028 4537 34 37 S.
4095 4539 55 34 A..
4171 4540 43 33 R.
4245 4540 177 35 l'Infante
4453 4539 142 38 Eulalie
4626 4543 157 40 quittera
4814 4547 165 40 prochai-

3971 4592 148 27 nement
4148 4586 104 34 Paris
4278 4597 93 31 pour
4398 4599 38 22 se
4461 4588 133 34 rendre
4620 4601 44 21 en
4692 4590 184 42 Belgique.

4016 4651 44 6 —
4088 4633 51 36 Le
4176 4632 124 41 prince
4339 4631 175 44 François
4554 4635 43 34 de
4637 4636 223 43 Battenberg
4897 4638 85 36 s'est

3973 4680 116 32 rendu
4119 4679 21 34 à
4172 4678 225 35 Darmstadt.

4024 4745 45 5 —
4097 4726 53 36 La
4189 4731 178 29 comtesse
4408 4726 44 35 de
4491 4726 159 36 Flandre
4690 4734 54 29 est
4782 4730 117 42 partie
4938 4731 45 36 de

3975 4772 217 34 Moncalieri
4227 4783 92 30 pour
4355 4785 37 21 se
4428 4774 132 34 rendre
4594 4775 21 33 à
4650 4774 146 36 Genève
4832 4777 46 34 où
4914 4779 68 34 elle

3972 4818 202 35 descendra
4198 4819 88 33 chez
4313 4819 102 35 Mme
4443 4820 148 34 Barton.

4013 4916 64 38 LE
4103 4909 187 51 CORPS
4290 4909 407 51 DIPLOMATIQUE

4028 4970 50 33 M.
4118 4970 101 37 Léon
4258 4970 184 42 Geoffray,
4481 4972 33 33 le
4551 4974 134 33 nouvel
4725 4974 259 35 ambassadeur

3973 5016 45 34 de
4054 5014 141 36 France
4232 5029 44 22 en
4313 5015 179 44 Espagne,
4529 5029 22 23 a
4587 5019 114 41 quitté
4740 5020 115 41 Paris,
4892 5021 88 41 hier,

3973 5074 92 30 pour
4095 5063 159 34 Madrid.

4009 5135 60 5 —
4097 5116 51 32 M.
4187 5115 179 42 Isvolsky,
4403 5116 34 34 le
4473 5117 133 34 nouvel
4642 5118 260 34 ambassadeur
4937 5118 45 34 de

3974 5161 133 34 Russie
4132 5173 44 22 en
4201 5160 151 43 France,
4378 5163 164 34 arrivera
4567 5175 57 22 ces
4650 5163 155 41 jours-ci
4830 5164 21 34 à
4878 5165 103 33 Paris

3973 5213 34 29 et
4026 5208 213 42 présentera
4260 5220 56 22 ses
4337 5209 126 34 lettres
4485 5209 44 34 de
4549 5210 151 33 créance
4720 5221 46 22 au
4788 5209 192 36 Président

3974 5254 44 34 de
4046 5255 35 33 la
4108 5254 236 42 République,
4374 5255 33 34 le
4434 5263 41 33 25
4505 5262 163 27 courant.

4016 5340 274 39 MARIAGES

4028 5400 92 34 Hier
4147 5412 21 22 a
4193 5401 55 34 été
4276 5401 148 40 célébré,
4452 5401 20 34 à
4499 5401 99 40 midi,
4626 5413 44 22 en
4696 5401 136 42 l'église
4862 5400 119 37 Saint-

3975 5447 153 34 Honoré
4156 5445 165 43 d'Eylau,
4350 5447 90 34 dans
4467 5459 70 22 une
4564 5447 164 41 élégante
4756 5445 165 43 intimité,
4949 5448 33 34 le

3974 5493 162 41 mariage
4166 5493 46 34 de
4240 5494 51 33 M.
4323 5492 142 35 Franco
4495 5493 44 34 de
4569 5493 250 41 Montagliari,
4848 5494 56 33 fils
4933 5494 49 33 du

3974 5539 160 42 marquis
4161 5545 34 28 et
4219 5540 45 33 de
4287 5540 35 33 la
4345 5539 184 41 marquise
4552 5539 45 34 de
4621 5539 249 41 Montagliari,
4894 5550 88 24 avec

3976 5586 90 33 Mlle
4115 5586 136 34 Odette
4298 5586 231 40 Houdebine,
4566 5585 72 34 fille
4685 5585 45 34 de
4778 5586 51 33 M.
4867 5591 35 28 et
4938 5585 44 34 de

3974 5632 101 34 Mme
4101 5630 150 42 Eugène
4277 5632 229 33 Houdebine.

4026 5679 52 37 La
4102 5678 184 40 marquise
4312 5678 45 34 de
4382 5677 250 41 Montagliari,
4659 5677 98 34 mère
4783 5677 49 34 du
4857 5677 124 41 marié,

3975 5730 54 28 est
4069 5736 71 22 une
4180 5725 63 33 des
4283 5724 266 42 personnalités
4589 5728 233 36 marquantes
4864 5723 46 34 de
4947 5724 33 33 la

3975 5771 110 34 haute
4118 5770 146 34 société,
4286 5770 239 41 européenne,
4560 5769 47 34 où
4641 5781 59 24 sa,
4712 5769 129 34 beauté
4875 5775 35 29 et
4943 5780 40 24 sa

5037 667 139 39 grande
5208 668 118 36 bonne
5359 672 108 40 grâce
5499 674 50 34 lui
5583 682 63 28 ont
5681 678 69 34 fait
5782 692 71 23 une
5884 683 100 36 place
6018 683 19 31 à

5036 718 90 34 part.

5092 759 67 36 Les
5190 760 154 36 témoins
5374 764 45 34 de
5450 766 51 33 M.
5530 767 44 34 de
5605 769 238 38 M^itagliari
5873 774 134 29 étaient
6029 787 7 16 :

5037 805 34 32 le
5093 810 118 29 comte
5236 807 180 36 Bertrand
5439 811 211 41 d'Aramon,
5675 816 140 36 député,
5839 825 35 27 et
5897 821 51 31 M.
5975 821 63 31 Di-

5039 851 78 32 dier
5141 851 121 35 Verdé
5287 853 44 34 de
5355 855 105 36 Lisle.

5092 896 52 36 La
5170 898 134 34 mariée
5329 900 88 35 était
5442 904 150 35 assistée
5618 907 43 33 de
5690 908 50 34 M.
5769 909 137 33 Octave
5933 912 105 31 Noël,

5040 941 298 37 administrateur
5374 948 63 33 des
5476 950 244 39 Messageries
5756 956 211 33 maritimes,
6005 966 35 23 et

5039 988 45 32 de
5114 988 50 33 M.
5194 989 156 36 Etienne
5377 993 143 42 Bricon,
5550 1008 56 23 ses
5636 1000 132 34 oncles.
5797 1000 80 36 Elle
5904 1005 135 31 portait

5040 1044 70 23 une
5140 1035 201 36 ravissante
5370 1040 86 33 robe
5486 1041 44 34 de
5559 1044 94 33 satin
5682 1045 130 34 liberty
5841 1050 125 30 garnie
5994 1052 44 25 de

5039 1079 121 40 points
5189 1080 199 44 d'Alençon
5418 1091 34 28 et
5479 1096 212 29 recouverte
5719 1092 85 34 d'un
5832 1094 86 32 long
5944 1098 93 28 vôde

5040 1125 44 34 de
5109 1126 97 34 tulle.

5093 1172 59 33 Au
5191 1185 105 23 cours
5335 1175 44 35 de
5418 1177 35 34 la
5490 1179 212 39 cérémonie,
5741 1195 48 23 un
5827 1185 91 34 beau
5956 1199 83 23 pro-

5039 1228 164 29 gramme
5230 1221 150 35 musical
5408 1234 21 22 a
5456 1224 54 34 été
5539 1226 159 35 exécuté.
5727 1229 52 36 La
5805 1232 105 33 quête
5937 1244 21 21 a
5984 1234 55 31 été

5044 1264 100 33 faite;
5162 1276 68 30 par.
5260 1267 87 34 Mlle
5379 1269 44 33 de
5455 1270 237 40 Montagliari
5724 1281 35 28 et
5790 1277 51 33 M.
5876 1278 164 33 Philippe

5040 1310 179 40 Legrand,
5254 1313 89 34 Mlle
5379 1314 173 37 Simonne
5585 1320 133 34 Bricün
5752 1328 34 28 et
5818 1324 51 30 M.
5902 1324 138 32 Robert

5040 1355 329 38 Lefebvre..
5443 1381 12 4 -

5094 1410 86 34 Une.
5201 1412 182 43 réception
5411 1415 132 42 intime,
5563 1419 109 34 suivit
5697 1421 87 33 chez
5812 1423 50 33 M.
5890 1421 150 36 Eugène

5040 1456 229 42 Houdebine,
5291 1460 45 33 où
5358 1461 231 42 l'exposition
5609 1464 44 35 de
5674 1466 35 33 la
5729 1468 169 35 corbeille
5920 1476 34 28 et
5975 1471 63 33 des

5039 1503 165 33 cadeaux
5231 1504 161 41 fut.fort
5416 1508 169 36 admirée.
5608 1526 21 8 -

5054 1551 15 6 .~
5101 1544 21 13 .1
5301 1552 19 6 1.~
5378 1547 77 14 ~.;

5057 1602 383 45 NECROLOGIE

5094 1672 103 34 Nous
5224 1684 202 31 apprenons
5452 1677 34 33 la
5511 1685 103 32 mort,
5632 1681 44 32 de
5701 1692 6 22 :

5046 1742 8 5 -
5076 1728 46 27 M.
5152 1729 111 32 Joseph
5295 1729 89 34 Coin,
5413 1733 150 32 capitaine
5592 1734 37 28 de
5657 1736 197 30 territoriale,
5885 1738 111 28 décédé
6025 1740 17 26 à

5040 1765 43 27 La.
5106 1765 328 34 Garenne-Colombes;
5702 1785 6 8 ,

5078 1799 44 27 M.
5148 1800 109 31 Henry
5281 1801 132 27 Mouton
5439 1803 35 27 de
5500 1804 125 34 Guérin,
5650 1806 110 28 décédé
5784 1807 17 27 à
5826 1808 102 28 Davos

5650 1853 337 43 MOUSQUETAIRE.

5387 1944 303 32 INFORMATIONS

5034 2045 7 6 .
5093 2024 50 36 Le
5170 2025 188 45 catalogue
5387 2026 139 36 illustré
5554 2029 43 38 de
5624 2040 64 31 950
5713 2032 161 36 modèles
5903 2035 138 36 Bijoux

5040 2069 98 40 FIX,
5172 2072 282 42 photographiés
5489 2075 202 40 grandeur,
5705 2084 129 28 nature
5881 2086 34 28 et
5959 2083 83 35 prix

5041 2117 190 40 marqués,,
5242 2124 53 27 est
5318 2119 153 39 adressé
5486 2121 113 39 gratis
5621 2122 21 33 à
5662 2134 66 22 nos
5750 2125 155 34 lecteurs
5928 2127 60 36 qui
6010 2128 32 33 le

5041 2162 264 35 demanderont
5329 2165 20 33 à
5373 2166 49 32 M.
5448 2164 40 35 E.
5515 2167 172 39 Boullicr,
5711 2177 50 32 53,
5787 2182 64 23 rue
5874 2172 49 34 du
5948 2172 93 35 Fau-

5041 2208 390 43 bourg-Montmartre,
5457 2212 112 34 Paris.-

5951 2267 36 35 C.

5134 2388 150 70 LA
5328 2390 622 76 PUBLICITE

5260 2502 100 50 d'"
5372 2504 244 52 EXCEL
5626 2508 206 50 SIOR"

5366 2592 33 5 —
5525 2588 35 18 >oç

5093 2637 77 35 Les
5198 2640 168 34 services
5392 2641 46 34 de
5466 2642 200 36 rédaction
5693 2645 349 39 d'EXCELSIOR

5041 2690 91 28 sont
5168 2685 336 42 rigoureusement
5540 2690 284 43 indépendants
5860 2695 68 34 des
5964 2706 78 24 ser-

5040 2732 113 34 vices'
5153 2732 65 34 de
5244 2734 193 41 publicité.

5094 2779 311 36 EXCELSIOR
5432 2782 197 43 n'accepte
5657 2784 46 35 de
5730 2787 183 40 publicité
5943 2796 17 21 «
5986 2789 57 34 ré-

5041 2825 260 36 dactionnelle
5328 2835 16 20 »
5373 2839 72 32 que
5472 2829 97 36 dans
5594 2832 58 33 les
5677 2833 202 44 rubriques
5905 2835 139 36 ci-des-

5041 2882 92 24 sous
5160 2884 7 22 :
5182 2896 9 4 -
5409 2877 7 14 ;

5056 2940 16 43 V
5142 2942 143 36 ECHOS
5323 2944 326 41 (Informations)
5665 2960 6 23 ;
5774 2951 36 34 2"
5838 2960 102 31 page

5145 2990 69 45 LA;
5235 2991 199 35 JOURNÉE
5778 2998 35 33 3°
5865 3019 51 4 —

5145 3036 99 36 Avis
5265 3046 48 26 ET
5332 3038 374 40 COMMUNICATIONS
5727 3043 216 42 (Dernière

5042 3070 7 31 ,
5049 3070 15 31 ''
5144 3084 160 42 heure).
5345 3108 53 3 —
5419 3088 338 38 -INFORMATIONS
5800 3092 138 35 THÉÂ-

5143 3139 165 28 TRALES,
5325 3141 50 26 ET
5399 3135 250 39 MUSICALES.
5673 3158 53 5 —
5746 3136 192 38 ATTRAC-

5103 3191 6 19 »
5146 3186 148 27 TIONS.'
5321 3201 53 4 —
5412 3181 320 38 INFORMATIONS
5756 3185 185 36 .BIBLIO-

5147 3233 271 35 GRAPHIQUES,
5435 3228 315 43 SCIENTIFIQUES
5778 3241 49 25 ET
5854 3233 88 35 AR-

5145 3281 228 32 TISTIQUES.
5400 3296 52 4 —
5479 3275 319 39 iNFORMATiONS
5827 3280 121 36 MON-

5148 3322 151 32 DAINES
5342 3330 47 25 ET
5431 3322 159 36 MODES.
5632 3346 52 3 -—
5724 3326 216 36 INFORMA-

5061 3393 27 15 ..
5146 3375 124 27 TIONS
5325 3367 258 41 SPORTIVES.
5622 3393 52 4 —
5724 3373 217 36 INFORMA-

5063 3410 12 40 '.
5147 3422 126 27 TIONS
5316 3414 284 39 FINANCIÈRES

5073 3517 11 6 -
5099 3489 109 38 Tout
5223 3498 7 5 '
5242 3502 48 26 ce
5322 3492 76 48 qui
5431 3495 63 35 est
5526 3494 151 48 publié
5712 3508 55 26 en
5800 3497 157 39 dehors
5992 3498 55 39 de

5045 3552 71 27 ces
5154 3542 234 50 rubriques
5427 3544 95 39 l'est
5559 3546 26 38 à
5623 3547 96 39 titre
5742 3549 304 40 ENTIÈREMENT

5043 3604 184 29 GRATUIT
5249 3599 39 34 et
5308 3596 112 38 dans
5441 3597 40 38 le
5501 3599 97 37 seul
5620 3600 75 37 but
5715 3600 53 38 de
5787 3603 261 45 renseigner

5044 3646 63 38 les
5143 3647 203 48 lecteurs,
5380 3650 146 38 même
5561 3651 176 50 lorsque
5772 3653 63 38 les
5870 3656 175 38 articles

5044 3700 288 39 contiennent
5366 3702 75 38 'des
5480 3715 127 27 noms
5644 3708 40 34 et
5716 3705 79 39 'des
5830 3707 216 40 adresses.

5088 3777 56 34 La
5165 3777 191 35 direction
5376 3779 82 41 prie
5479 3780 255 36 instamment
5754 3783 57 34 les
5832 3794 216 30 personnes

5040 3823 22 35 à
5090 3824 65 42 qui
5184 3824 68 35 des
5281 3826 268 41 propositions
5578 3828 47 34 de
5658 3836 18 21 «
5703 3830 184 39 publicité
5915 3832 131 40 dégui-

5041 3871 64 34 sée
5134 3879 18 21 »
5182 3873 227 40 pourraient
5437 3873 81 35 être
5547 3874 127 41 faites,
5702 3876 48 34 de
5778 3878 151 34 vouloir
5958 3880 90 34 bien

5039 3918 75 34 l'en
5157 3919 144 34 avertir
5342 3920 335 36 immédiatement
5720 3929 39 28 et
5799 3927 249 39 p-crsàllllellc-

5041 3967 154 41 ment.}:'

5094 4024 55 34 Le
5178 4025 91 33 tarif
5298 4025 155 35 détaillé
5480 4027 47 33 de
5554 4028 38 34 la
5619 4029 184 41 publicité
5829 4030 218 36 rédaction-

5040 4072 102 33 nelle
5179 4077 39 28 et
5256 4072 68 34 des
5361 4084 199 23 annonces
5597 4080 60 29 est
5694 4077 149 41 envoyé
5880 4088 66 24 sur
5982 4080 65 33 de-

5041 4119 151 34 mande.
5216 4119 77 33 Les
5313 4120 87 41 prix
5422 4126 90 28 sont
5533 4122 56 33 les
5611 4123 86 41 plus
5719 4123 70 34 bas
5811 4124 47 34 de
5880 4130 89 30 tous
5990 4127 58 33 les

5040 4165 146 41 grands
5214 4165 195 41 journaux
5438 4167 47 34 de
5515 4168 121 40 Paris,
5666 4170 90 34 bien
5785 4170 262 42 qu'EXCEL-

5043 4211 127 35 SIOR
5197 4211 190 36 s'adresse
5414 4214 21 33 à
5464 4219 125 30 toutes
5610 4216 53 33 les
5688 4217 185 35 clientèles
5899 4224 38 29 et
5963 4231 84 29 que,

5040 4259 121 41 grâce
5183 4259 22 34 à
5232 4270 64 23 ses
5322 4260 271 42 illustrations,
5619 4262 28 33 il
5673 4264 78 32 soit
5777 4265 193 34 vraiment
5995 4277 52 24 un

5040 4305 155 42 journal
5224 4317 73 31 que
5325 4306 79 35 l'on
5431 4308 132 41 garde,
5592 4319 74 33 que
5695 4310 72 34 l'on
5793 4311 74 41 fait
5894 4311 155 38 circuler.

5041 4358 39 28 et
5099 4363 73 32 que
5194 4353 78 34 l'on
5292 4364 49 23 ne
5362 4354 154 34 déchire
5537 4354 151 43 jamais.

5308 4477 112 49 UN
5495 4477 243 50 TITRE
5771 4481 11 48 !

5085 4598 109 42 Clair,
5224 4600 154 42 élégant,
5410 4612 143 30 sonore,
5582 4603 164 41 symbole
5778 4603 270 44 d'aristocratie,

5040 4647 45 35 de
5118 4647 169 36 noblesse
5323 4654 35 28 et
5394 4649 43 33 de
5471 4648 89 35 haut
5594 4650 90 40 goût
5719 4650 144 41 raffiné,
5899 4653 33 33 le
5966 4653 83 35 titre

5039 4693 150 35 brillant
5216 4694 60 42 qui
5305 4694 123 35 s'étale
5457 4707 43 22 en
5528 4696 207 35 manchette
5764 4698 44 33 de
5837 4709 39 23 ce
5903 4698 147 40 journal

5041 4740 71 35 fait
5145 4752 134 31 songer
5312 4743 138 40 malgré
5483 4742 54 34 soi
5569 4742 21 34 à
5623 4748 56 30 cet
5712 4749 112 35 autre,
5860 4745 108 41 qu'un
6002 4747 48 34 ri-

5039 4799 104 23 meur
5176 4789 239 41 complaisant
5447 4789 111 34 serait
5587 4790 99 34 tenté
5718 4790 59 43 d'y
5808 4794 191 41 accoupler
6040 4805 10 24 :

5039 4834 136 35 PIIGH
5205 4834 117 38 LIFE
5352 4834 203 39 TAILOR.

5084 4880 121 36 Toute
5237 4883 34 34 la
5305 4881 139 36 France
5479 4884 100 33 salue
5613 4883 235 40 aujourd'hui
5884 4887 163 41 l'appari-

5043 4930 77 33 tion
5155 4927 237 37 d'Excelsior.
5428 4930 57 33 De
5518 4931 117 34 même
5668 4931 35 34 la
5737 4930 141 37 France
5911 4935 136 35 entière

5041 4977 100 33 salue
5171 4976 137 40 chaque
5339 4976 121 34 saison
5490 4975 231 43 l'apparition
5752 4979 44 33 de
5827 4991 57 23 ses
5912 4980 136 35 incom-

5039 5023 166 41 parables
5230 5022 190 34 créations.
5447 5020 140 38 Tandis
5612 5035 68 30 que
5704 5025 51 34 les
5779 5025 269 38 innombrables

5040 5068 241 43 exemplaires
5315 5068 229 36 d'Excelsior
5576 5070 175 35 circulent
5783 5073 43 33 de
5857 5073 118 35 mains
6007 5087 42 22 en

5038 5116 127 40 mains,
5190 5116 52 33 les
5265 5115 241 42 magnifiques
5530 5118 209 41 catalogues
5765 5120 48 32 du
5835 5120 106 41 High
5963 5122 87 40 Life

5040 5161 126 36 Tailor
5197 5168 148 36 passent
5377 5174 86 23 sous
5496 5168 84 30 tous
5612 5165 52 33 les
5697 5167 162 39 regards.
5895 5166 72 36 Sur
5998 5169 52 34 les

5037 5220 111 31 pages
5179 5208 295 36 délicieusement
5502 5209 182 37 illustrées
5713 5213 45 33 de
5786 5224 58 23 ces
5874 5214 175 41 derniers,

5040 5256 34 34 la
5115 5256 102 34 foule
5255 5255 178 36 immense
5472 5257 140 34 admire
5652 5258 64 34 les-
5744 5259 202 41 spécimens
5987 5263 64 34 des

5039 5303 79 40 plus
5146 5302 225 35 ravissantes
5397 5305 245 39 nouveautés;
5673 5317 58 22 ces
5759 5311 183 30 costumes
5970 5308 81 34 tail-

5038 5350 98 34 leurs
5176 5360 93 31 pour
5310 5350 135 40 dames,
5500 5351 48 33 du
5597 5351 84 41 prix
5734 5360 219 34 surprenant
6006 5356 44 34 de

5038 5403 41 34 95
5109 5396 144 40 francs;
5285 5408 58 23 ces
5370 5397 197 41 pardessus
5596 5398 211 41 d'hommes,
5837 5399 107 37 d'une
5969 5413 82 30 per-

5040 5443 139 34 fection
5217 5455 85 22 sans
5340 5444 111 40 égale,
5491 5444 107 35 d'une
5636 5446 195 34 recherche
5869 5452 36 29 et
5944 5448 107 35 d'une

5039 5501 114 30 coupe
5182 5489 228 42 impeccable,
5443 5491 104 34 cédés
5578 5503 46 23 au
5653 5492 84 42 prix
5765 5493 209 43 incroyable
6006 5496 44 34 de

5038 5536 42 40 69
5110 5536 45 33 fr.
5184 5545 50 32 50.
5264 5536 48 36 Et
5340 5538 133 33 devant
5502 5549 58 23 ces
5589 5539 184 35 centaines
5804 5541 43 34 de
5875 5542 172 41 modèles,

5039 5583 192 34 rivalisant
5258 5585 43 32 de
5329 5584 160 35 richesse
5516 5590 35 28 et
5578 5585 215 42 d'élégance,
5821 5599 140 23 comme
5988 5590 62 33 de-

5040 5635 86 29 vant
5148 5630 52 34 les
5222 5642 111 29 pages
5357 5630 29 34 si
5410 5631 183 41 élégantes
5618 5633 44 33 de
5686 5644 38 23 ce
5747 5635 118 40 grand
5887 5631 159 45 journal,

5039 5677 98 34 deux
5161 5688 106 23 noms
5294 5678 96 33 seuls
5415 5677 175 35 viennent
5612 5679 22 33 à
5657 5679 143 42 l'esprit
5819 5686 36 28 et
5878 5687 83 29 sont
5986 5693 61 23 sur

5038 5728 121 29 toutes
5195 5724 52 34 les
5283 5723 118 36 lèvres
5446 5735 7 23 :
5502 5723 194 38 Excelsior
5733 5726 35 35 et
5812 5727 104 39 High
5962 5729 86 39 Life

5041 5767 133 38 Tailor.

745 5924 225 26 FEUILLETON
990 5916 33 30 D'
1046 5923 35 26 «
1081 5923 176 26 EXCELSIOR
1257 5923 54 26 »
1336 5926 48 21 DU
1407 5919 38 31 16
1465 5925 194 26 NOVEMBRE
1680 5930 81 24 1910

784 6020 952 132 L'ÉVENTAIL

860 6208 212 104 DE
1160 6180 484 132 CRÊPE

1127 6359 141 28 ROMAN
1305 6359 81 28 PAR

784 6430 461 45 EDMOND
1319 6429 418 44 JALOUX

784 6430 461 45 EDMOND
1319 6429 418 44 JALOUX

1245 6559 18 35 I

800 6623 89 42 Oui,
923 6623 42 45 je
998 6624 37 35 le
1066 6623 229 42 reconnais,
1331 6623 41 45 je
1405 6622 195 36 semblais
1632 6629 128 37 pren-

746 6669 74 36 dre
858 6670 159 43 plaisir,
1060 6680 44 25 ce
1145 6670 164 40 soir-là,
1353 6670 23 34 à
1416 6669 196 45 taquiner
1653 6668 110 34 Mar-

747 6716 72 36 the
853 6715 197 36 Hérouin.
1084 6715 103 36 Mais
1222 6716 37 36 le
1290 6716 99 44 juge
1423 6716 36 34 le
1491 6715 95 44 plus
1602 6713 161 38 ,sévère

746 6770 53 27 ne
855 6760 197 36 m'aurait
1105 6771 75 35 pas
1236 6762 240 35 condamné.
1535 6761 109 35 Tous
1703 6760 56 36 les

746 6814 171 38 moyens
971 6808 94 34 sont
1115 6807 102 36 bons
1270 6817 106 35 pour
1430 6807 198 36 distraire
1648 6828 15 8 -
1681 6815 81 26 une

747 6854 156 35 femme
938 6852 50 36 de
1024 6863 64 26 ses
1126 6853 205 45 chagrins,
1371 6854 139 45 quand
1545 6854 78 35 elle
1659 6862 103 26 vous

747 6900 141 45 paraît
913 6899 96 45 plus
1037 6900 304 44 mélancolique
1370 6910 80 35 que
1478 6900 49 34 de
1555 6900 206 34 coutume.

799 6946 54 35 Et
873 6945 108 45 puis,
1006 6944 64 36 s'il
1094 6945 93 35 faut
1209 6945 93 36 tout
1324 6945 99 43 dire,
1451 6946 186 36 Hérouin
1659 6946 103 34 m'a-

746 6992 91 35 vait
868 6991 152 45 poussé
1053 6991 24 35 à
1108 6990 103 36 bout
1232 7001 8 32 ;
1274 6991 208 45 pourquoi
1515 6992 192 35 raconter
1742 6991 23 36 à

749 7037 162 36 Marthe
944 7046 80 36 que
1055 7037 42 44 je
1129 7037 169 44 soupais
1332 7037 38 35 la
1401 7037 146 37 veille,
1547 7037 110 37 avec
1687 7037 74 35 Ai-

748 7083 168 36 mienne
950 7084 70 35 des
1057 7083 181 35 Perles?
1274 7083 287 44 Révélais..;je,'
1582 7083 94 42 moi,
1715 7093 48 25 en

749 7129 137 45 quelle
909 7129 243 45 compagnie
1176 7129 28 34 il
1228 7138 43 26 se
1294 7128 187 36 trouvait
1503 7128 222 36 lui-même
1748 7129 36 35 ?..

804 7176 64 34 Ma
918 7176 188 43 tactique
1158 7174 245 36 réussissait
1455 7175 24 34 à
1513 7174 251 42 'merveille;

752 7221 100 35 Mme
852 7221 228 35 HÓrouin
1116 7221 275 43 commençait
1427 7220 66 35 de'
1512 7229 43 26 se
1590 7220 174 43 fâcher;

750 7276 65 26 ses
838 7276 118 35 yeux,
981 7267 252 44 jusqu'alors
1258 7266 201 42 distraits,
1486 7265 278 37 s'animèrent.

801 7334 53 5 —
893 7313 157 44 Depuis
1106 7313 148 44 quand,
1310 7311 206 42 Edouard,
1572 7312 194 35 connais-

750 7368 198 26 sez-vous
985 7358 108 36 cette
1128 7367 207 36 personne
1357 7358 17 34 ?
1410 7359 112 34 Vous
1560 7367 65 25 me
1662 7358 104 35 don-

751 7414 73 26 nez
848 7414 73 26 sur
945 7404 77 35 elle
1046 7404 69 35 des
1140 7403 356 46 renseignements
1522 7402 120 36 d'une
1664 7404 101 43 pré-

752 7450 133 36 cision
914 7450 98 35 bien
1043 7449 332 36 extraordinaire
1393 7450 27 45 ;!

803 7517 54 5 —
883 7496 90 35 Bah
1015 7495 8 34 !
1073 7504 67 26 ma
1174 7495 134 42 chère,
1346 7496 92 35 tout
1472 7496 36 35 le
1543 7494 149 36 monde
1729 7495 39 35 la

752 7541 170 36 connaît
954 7541 114 35 aussi
1099 7540 98 36 bien
1230 7550 78 35 que
1340 7542 83 35 moi
1447 7542 8 34 !
1487 7542 48 35 Je
1568 7541 66 35 l'ai
1666 7549 99 27 ren-

754 7587 167 36 contrée
955 7587 23 36 à
1011 7586 194 42 Londres,
1243 7587 138 43 quand
1414 7587 78 35 elle
1527 7597 23 25 a
1583 7586 127 36 dansé
1745 7586 23 35 à

754 7632 263 40 l'Alhambra,
1044 7632 40 36 et
1103 7632 42 42 je
1168 7632 59 34 lui
1251 7632 39 35 ai
1307 7631 131 36 rendu
1455 7632 171 41 service,
1645 7632 120 40 alors,

755 7678 101 35 dans
886 7688 81 28 une
999 7678 149 35 affaire
1163 7686 127 27 ,assez
1322 7673 205 46 délicate;
1558 7677 99 36 c'est
1686 7685 82 26 une

756 7724 153 35 femme
943 7723 253 42 charmante,
1212 7748 6 15 ;
1231 7732 179 35 presque
1444 7723 247 44 spirituelle,
1729 7722 41 35 et

755 7770 73 43 qui
859 7771 119 42 porte
1008 7776 104 29 sans,
1135 7770 93 43 trop
1260 7769 62 35 de,
1338 7769 143 36 vanité
1512 7768 256 36 l'admirable

755 7815 146 35 collier
929 7816 72 44 qui
1030 7816 59 35 lui
1119 7825 23 25 a
1168 7816 100 34 valu
1297 7824 74 26 son
1397 7824 108 26 nom.

810 7860 114 36 Cette
949 7861 91 40 fois,
1069 7861 161 36 Marthe
1256 7860 68 36 fut
1346 7861 210 34 vraiment
1582 7861 147 43 agacée
1751 7860 18 35 ?

807 7927 53 19 —r
889 7907 101 35 Mais
1022 7903 258 39 tàisez-vous
1312 7906 113 42 donc,
1458 7906 195 36 Edouard
1676 7907 26 41 I.
1717 7907 52 35 Ce

756 7962 82 36 que
865 7962 104 25 vous
998 7952 106 36 dites
1134 7953 258 36 m'intéresse
1423 7952 86 35 fort
1536 7962 93 34 peu.
1661 7953 106 35 Sou-

755 8008 74 36 pez
854 8008 60 26 au.
929 7998 240 37 restaurant
1190 8008 97 26 avec
1310 7999 71 44 qui
1404 8008 103 26 vous
1529 7998 179 35 voudrez
1733 7998 36 35 si

758 8046 88 34 cela
870 8054 103 25 vous
999 8045 162 42 amuse,,
1161 8045 123 42 mais
1309 8045 42 45 je
1373 8054 105 27 vous
1503 8045 191 45 dispense
1720 8044 49 36 de

758 8101 66 26 me
851 8090 38 38 le
915 8091 219 35 raconter.'

808 8155 53 15 "—
891 8136 144 39 Laisse
1071 8137 102 37 donc
1206 8136 195 39 Edouard
1435 8136 236 50 tranquille,
1708 8136 63 37 dit

1824 5918 176 35 Maxime
2029 5916 187 36 Hérouin
2243 5915 49 36 de
2320 5926 45 25 sa
2389 5916 99 35 voix
2514 5916 49 35 de
2592 5916 171 41 fausset,
2794 5916 45 35 tu

1822 5973 72 26 vas
1925 5963 98 35 finir
2053 5972 77 36 par
2162 5962 289 44 l'ennuyer.-Il
2483 5973 22 24 a
2534 5962 98 36 bien
2663 5963 36 35 le
2729 5963 111 35 droit

1823 6011 48 35 de
1896 6019 143 27 mener
2064 6010 172 44 joyeuse
2261 6009 78 42 vie,
2369 6009 28 34 il
2423 6019 65 25 me
2515 6009 194 36 semble...

1873 6084 54 4 —
1953 6062 48 37 Je
2032 6072 51 25 ne
2117 6061 77 35 l'en
2226 6061 199 44 empêche
2456 6071 113 35 pas...

1873 6115 90 35 Elle
1992 6114 113 35 avait
2131 6114 118 45 parlé
2276 6113 135 36 moins
2439 6113 113 43 haut,
2584 6123 72 26 sur
2683 6123 58 25 un
2768 6114 71 34 ton

1822 6160 314 37 d'indifférence
2169 6160 179 42 absolue,
2383 6160 107 44 puis,
2525 6161 78 35 elle
2636 6160 204 36 détourna

1824 6208 57 35 les
1913 6217 120 35 yeux,
2070 6216 98 27 avec
2200 6216 59 26 un
2291 6207 164 34 sourire
2488 6207 161 44 peiné...

1872 6287 54 4 —
1948 6265 66 35 Du
2044 6264 184 36 moment
2258 6274 79 35 que
2366 6264 42 44 je
2439 6265 87 35 suis
2559 6274 50 26 en
2637 6264 122 36 veine
2790 6264 49 36 de

1825 6320 99 27 vous
1957 6311 188 43 gronder,
2179 6311 206 42 Edouard,
2418 6310 42 43 je
2492 6312 196 35 continue
2712 6311 6 35 !
2752 6312 88 34 Non

1823 6352 232 41 seulement
2075 6367 104 26 vous
2202 6367 66 26 me
2291 6358 190 35 racontez
2505 6357 71 36 des
2599 6357 145 36 choses
2767 6358 72 45 qui

1822 6414 51 26 ne
1898 6404 249 36 m'amusent
2170 6414 74 35 pas
2270 6403 54 42 du
2324 6403 128 42 tout,
2480 6404 106 35 mais
2612 6414 106 35 pour
2744 6405 92 34 ani-

1822 6460 97 26 mer,
1932 6451 120 35 notre
2075 6451 200 41 causerie,
2299 6459 104 26 vous
2428 6451 38 34 la
2489 6460 133 26 semez
2645 6451 51 35 de
2718 6460 119 26 men-

1824 6506 170 36 songes..
2038 6498 42 35 Si
2122 6497 220 35 Aimienne
2399 6496 70 36 des
2527 6498 140 34 Perles
2725 6497 114 35 avait

1824 6543 63 36 été
1913 6544 124 35 vêtue
2064 6553 159 28 comme
2248 6552 104 26 vous
2380 6552 65 26 me
2473 6544 37 34 le
2536 6543 127 36 disiez
2691 6544 145 41 tantôt,

1822 6590 42 45 je
1892 6600 128 34 pense
2051 6590 122 44 qu'on
2203 6599 51 25 en
2285 6589 72 36 eût
2384 6590 118 43 parlé
2532 6590 184 44 pendant
2745 6590 95 35 huit

1821 6637 119 44 jours
1963 6646 8 32 ;
1999 6636 242 42 seulement,
2271 6636 149 34 il,faut
2446 6645 78 35 que
2551 6637 48 34 M.
2627 6636 54 35 du
2708 6637 131 43 Puget

1824 6680 219 39 soutienne
2065 6693 45 25 sa
2132 6682 243 45 réputation
2397 6681 49 36 de
2468 6682 173 36 brillant
2662 6692 178 26 causeur

1824 6729 49 36 et.
1897 6729 133 36 donne
2065 6729 24 36 à
2123 6738 78 26 ses.
2220 6728 177 45 phrases
2432 6728 49 35 de
2517 6729 228 44 l'élégance,
2783 6730 55 34 du

1822 6776 178 44 piquant
2024 6775 40 36 et
2087 6776 49 35 de
2161 6774 259 36 l'inattendu.
2443 6775 132 42 Alors,
2603 6776 28 34 il
2658 6776 178 42 invente,

1823 6822 109 43 c'est,
1952 6822 95 45 plus
2080 6822 125 35 facile
2228 6831 8 32 ;
2271 6821 28 34 il
2332 6830 52 26 ne
2416 6821 115 35 ment
2562 6822 128 43 point,
2726 6822 29 34 il
2787 6832 52 25 ne

1822 6868 114 36 ment
1957 6878 79 35 que
2056 6878 75 34 par
2152 6876 207 36 paresse...
2383 6866 89 42 Oui,
2497 6868 98 35 cher
2617 6869 94 42 ami,
2734 6878 103 26 vous

1825 6915 84 36 êtes
1936 6924 57 26 un
2019 6915 193 35 menteur
2238 6922 266 36 paresseux...

1873 6989 55 4 —
1956 6966 61 36 Oh
2041 6967 27 35 !.
2103 6966 171 42 Marthe,
2318 6974 122 33 assez,
2483 6974 122 34 assez,
2648 6966 45 36 tu
2733 6976 104 26 nous

1824 7022 225 27 assommes
2093 7013 7 34 !

1823 7070 9 2 -
1876 7065 48 35 Je
1947 7074 52 26 ne
2025 7065 156 35 relevai
2209 7074 73 36 pas
2310 7064 236 36 l'insolence
2573 7064 48 36 de
2648 7066 189 35 Maxime.

1878 7123 65 35 Un
1973 7123 192 34 menteur
2197 7131 228 35 paresseux
2448 7121 6 35 !
2489 7122 71 35 Ces
2591 7123 175 43 paroles,
2799 7123 42 44 je

1824 7178 65 26 me
1905 7169 93 42 ...Ies,
2028 7169 193 43 répétais,
2265 7169 98 35 elles
2404 7168 221 36 sonnaient
2664 7178 51 26 en
2753 7170 83 34 moi

1824 7224 159 26 comme
2016 7224 53 26 un
2106 7215 112 35 écho.
2242 7211 6 4 '
2265 7216 46 34 Je
2359 7215 57 36 les
2463 7215 115 34 avais
2612 7216 226 35 entendues

1825 7261 104 45 déjà,
1967 7261 41 35 et
2040 7260 104 45 déjà,
2181 7257 138 40 c'était
2352 7260 162 36 Marthe
2548 7261 186 35 Hérouin
2767 7262 71 44 qui

1826 7307 57 36 les
1912 7307 247 44 prononçait
2194 7317 26 31 ;,
2244 7307 162 35 Marthe
2435 7307 186 35 Hérouin
2654 7308 17 35 ?
2713 7308 124 34 Non...

1825 7353 162 36 Marthe
2019 7352 81 43 de,
2100 7352 225 43 Puymirol,
2359 7362 81 26 une
2472 7353 157 42 fillette,
2664 7354 41 35 et
2735 7363 104 26 nous

1825 7399 167 45 jouions
2023 7409 52 25 au
2105 7399 172 45 croquet
2306 7409 73 26 sur
2408 7400 38 35 la
2474 7399 156 45 grande
2659 7401 181 35 terrasse

1828 7444 93 37 d'où
1939 7446 88 34 l'on
2050 7446 146 44 voyait
2221 7446 38 35 la
2283 7446 153 45 plaine.
2460 7446 63 35 Ah
2557 7446 6 35 !
2591 7447 252 44 qu'avais-je

1828 7491 104 35 donc
1956 7491 162 37 fait,.(,e
2142 7492 96 43 jour
2264 7493 176 34 lointain
2466 7492 49 35 de
2539 7501 95 26 mon
2659 7493 183 41 enfance,

1829 7546 105 35 pour
1980 7537 171 35 mériter
2197 7538 224 35 semblable
2454 7538 188 43 épithète
2681 7539 18 34 ?
2763 7539 80 35 Par

1825 7583 140 44 .quelle
1994 7583 122 35 .naïve
2145 7592 109 33 ruse,
2285 7584 94 43 quel
2411 7584 244 43 subterfuge
2686 7584 156 35 médio-

1830 7637 69 26 cre
1921 7626 194 46 avais-je
2127 7629 119 35 irrité
2268 7640 66 25 ma
2355 7630 132 44 petite
2511 7630 107 34 amie
2645 7629 18 34 ?
2684 7630 47 34 Je
2752 7630 92 34 n'en

1828 7674 166 44 gardais
2024 7675 114 34 nulle
2169 7684 271 32 souvenance,
2472 7675 104 34 mais
2606 7674 41 43 je
2675 7675 168 35 retrou-

1828 7720 91 35 vais
1951 7720 100 38 dans
2084 7720 57 35 les
2173 7730 110 34 yeux
2314 7721 49 35 de
2395 7720 164 37 Marthe
2589 7720 185 35 Hérouin
2806 7721 37 34 la

1829 7765 131 35 même
1990 7766 242 44 expression
2264 7766 191 45 indignée
2484 7766 186 44 qu'avait
2699 7775 77 26 eue
2806 7766 37 34 la

1828 7811 129 35 ronde
1983 7811 40 36 et
2048 7812 38 35 la
2111 7812 163 44 puérile
2300 7812 132 44 figure
2458 7811 291 36 d'autrefois....

1874 7883 48 5 —
1947 7863 172 41 Marthe,
2146 7863 263 44 répondis-je
2437 7872 50 26 en
2513 7862 123 41 riant,
2665 7871 80 35 que
2770 7871 73 26 vos

1831 7908 205 36 manières
2083 7908 48 35 de
2174 7908 93 35 voir
2301 7908 208 45 changent
2539 7917 82 35 peu
2661 7908 7 34 !
2731 7908 112 34 Vous

1828 7953 151 35 m'avez
2001 7953 80 35 fait
2102 7954 35 34 le
2159 7954 134 34 même
2313 7954 203 43 reproche
2537 7952 137 46 quand
2694 7952 146 44 j'avais

1831 8000 147 43 ouinze
2016 8009 73 25 ans
2128 8000 40 35 et
2204 8009 102 27 vous
2345 8001 139 36 douze,
2536 8000 40 34 et
2623 8008 80 35 que
2739 8008 104 25 nous

1830 8045 167 43 jouions
2054 8055 98 25 avec
2206 8055 74 25 nos
2338 8046 306 35 innombrables
2699 8045 145 40 frères,

1834 8099 131 26 sœurs
1990 8091 40 34 et
2052 8091 179 35 cousins.
2253 8092 111 33 Vous
2388 8092 112 33 aviez
2526 8090 91 39 déjà,
2641 8091 68 34 des
2734 8090 110 35 idées

1834 8136 113 37 aussi
1971 8136 268 46 rigoureuses
2261 8147 72 27 sur
2356 8138 39 36 la
2416 8127 167 54 morale,
2608 8137 40 36 et
2670 8136 36 37 si
2728 8136 118 37 votre

2904 5917 136 35 colère
3076 5928 21 25 a
3133 5917 69 36 des
3238 5917 165 35 accents
3439 5916 95 45 plus
3569 5915 118 42 doux,
3722 5923 73 26 vos
3829 5914 87 35 rai-

2903 5972 94 27 sons
3035 5964 243 35 demeurent
3315 5962 246 44 identiques.
3584 5975 6 4 •

2947 6031 46 3 —
3022 6011 66 34 Ma
3116 6010 150 35 femme
3295 6018 51 26 ne
3375 6009 117 35 varie
3519 6008 160 44 jamais,
3711 6006 75 36 dit
3801 6007 114 35 lour-

2902 6056 163 36 dement
3090 6057 195 34 Hérouin.
3306 6056 87 34 Elle
3415 6055 107 35 aime
3545 6055 35 34 la
3603 6054 133 40 vertu,
3760 6062 156 26 comme

2902 6102 205 35 certaines
3132 6111 99 36 gens
3257 6101 156 36 aiment
3436 6100 170 37 l'alcool,
3632 6109 47 35 ça
3704 6099 38 35 la
3764 6099 112 45 grise
3907 6099 6 35 !

2946 6170 47 4 —
3018 6149 112 34 Vous
3160 6148 162 35 devriez
3351 6156 104 26 vous
3485 6155 50 26 en
3563 6145 193 42 féliciter,
3784 6145 142 44 répli-

2901 6195 228 44 qua-t-elle
3154 6195 116 34 entre
3294 6194 103 35 haut
3421 6193 39 35 et
3482 6192 84 42 bas,
3593 6192 40 35 et
3657 6201 50 26 en
3730 6200 43 26 se
3796 6191 118 35 tour-

2902 6244 98 32 nant
3022 6250 94 25 vers
3138 6240 82 35 moi
3250 6250 6 25 :

2946 6309 47 3 —
3020 6287 129 35 Vous
3161 6295 83 25 non
3273 6286 105 44 plus,
3409 6284 202 40 Edouard,
3644 6293 102 26 vous
3776 6284 138 35 n'avez

2900 6333 128 44 guère
3050 6332 117 36 varie
3199 6332 6 35 !
3233 6331 85 40 Que
3342 6340 103 29 vous
3470 6331 87 40 êtes
3583 6330 103 35 donc
3712 6330 138 35 habile
3876 6329 40 36 et

2902 6380 175 44 glissant
3105 6379 6 34 !
3136 6378 60 36 On
3218 6378 107 35 croit
3347 6386 111 31 vous
3473 6377 134 40 saisir,
3634 6376 27 34 il
3683 6376 65 45 n'y
3748 6376 50 45 a
3819 6376 95 44 plus

2901 6434 205 36 personne
3139 6425 6 33 !

2949 6493 53 4 —
3034 6470 91 42 Moi,
3162 6470 161 34 Marthe
3344 6470 17 35 ?
3394 6469 105 44 Mais.
3499 6469 70 44 je
3584 6461 8 3 .
3602 6468 87 35 suis
3725 6477 50 26 au
3810 6477 100 25 con-

2902 6518 130 36 traire
3061 6518 37 34 la
3125 6516 162 35 fidélité
3316 6516 194 36 incarnée.
3543 6516 6 34 !
3579 6515 76 35 Oui
3683 6524 102 26 vous
3813 6514 101 36 rend

2901 6564 125 35 visite
3053 6564 95 34 tous
3178 6563 57 34 les
3262 6562 128 44 jours,
3420 6561 22 36 à
3471 6562 95 44 cinq
3596 6562 150 34 heures
3775 6561 41 35 et
3843 6561 70 35 de-

2901 6611 81 34 mie
3013 6620 7 32 ;
3045 6609 72 44 qui
3140 6608 89 35 boit
3250 6609 119 34 votre
3392 6608 82 41 thé,
3499 6607 145 44 mangé
3667 6615 73 27 vos
3754 6606 159 45 'petits-

2900 6656 116 35 fours
3040 6665 6 31 ;
3084 6655 81 44 qui,
3204 6663 94 26 sans
3333 6654 150 44 jamais
3520 6662 212 34 manquer,
3768 6661 142 26 vous...

2946 6723 49 8 —
3016 6702 88 40 Oui,
3130 6701 81 41 oui,
3235 6710 103 26 vous
3362 6701 85 35 êtes
3472 6699 126 35 fidè-le
3623 6699 22 35 à
3669 6700 38 34 la
3731 6700 184 35 manière

2902 6749 70 35 des
3015 6748 118 34 chats
3175 6747 72 44 qui
3288 6746 247 36 reviennent
3575 6745 192 44 toujours
3810 6745 22 35 à
3877 6746 37 34 la

2898 6795 133 34 même
3057 6793 172 40 maison,
3259 6793 41 34 et
3326 6790 259 46 qu'importe,
3614 6791 221 44 puisqu'on
3861 6800 51 25 ne

2901 6841 101 43 peut
3029 6839 149 45 jamais
3210 6839 57 35 les
3297 6850 27 33 y
3353 6839 186 43 attraper
3560 6838 67 40 -!..,.
3658 6837 111 36 Vous
3801 6838 112 34 aviez

2902 6885 91 46 déjà
3016 6886 109 34 cette
3147 6885 268 44 coquetterie,
3441 6884 23 35 à
3484 6883 429 35 Velârs-sur-Ouche!

2946 6936 457 37 Velars-sur-Ouche...
3455 6935 58 35 La
3532 6933 171 36 ...vieille
3762 6935 151 43 gentil-

2898 6982 231 36 hommière
3160 6982 200 35 ruineuse
3391 6982 68 35 des
3493 6979 225 44 Puymirol;
3753 6980 38 34 la
3822 6980 87 35 ter-

2901 7039 115 27 rasse
3048 7029 35 35 si
3116 7028 162 36 sombre
3310 7037 96 26 sous
3439 7028 37 34 le
3506 7026 230 45 quinconce
3769 7027 49 34 de
3850 7036 63 26 ses

2902 7076 191 41 antiques
3124 7074 293 46 châtaigniers,
3451 7074 56 33 les
3538 7072 94 40 cris,
3664 7072 36 34 le
3728 7072 96 43 rire,
3857 7073 55 35 les

2899 7123 99 41 jeux
3023 7121 215 35 d'enfants.
3262 7119 210 44 Pourquoi
3497 7129 26 33 y
3545 7126 150 36 penser
3720 7127 148 26 encore
3897 7119 17 34 ?

2901 7167 211 43 Pourquoi
3146 7175 147 33 songer
3327 7166 22 35 à
3382 7165 141 40 l'aube,
3586 7163 166 44 lorsque
3813 7169 100 30 dans

2900 7214 57 34 les
2982 7222 109 34 yeux
3115 7211 121 35 d'une
3261 7212 107 34 amie
3394 7221 52 24 on
3470 7209 89 36 voit
3585 7209 107 34 luire
3719 7209 36 34 le
3781 7210 130 34 calme

2903 7261 48 34 de
2983 7260 37 34 la
3053 7259 174 34 lumière
3258 7258 49 34 de
3337 7258 112 37 midi,
3509 7256 40 35 et
3606 7264 79 35 que
3741 7255 171 44 bientôt,

2902 7306 84 35 très
3011 7304 170 41 bientôt,
3210 7304 37 35 le
3272 7304 85 35 soir
3381 7302 173 36 viendra
3586 7300 17 35 ?
3628 7301 50 35 Et
3702 7302 207 44 pourtant,

2903 7351 161 35 Marthe
3088 7350 185 34 Hérouin
3296 7349 114 35 avait
3433 7349 23 34 à
3477 7347 122 45 peine
3622 7347 136 35 trente
3782 7357 84 26 ans.

2948 7396 222 43 Ombrages
3204 7395 49 35 de
3285 7395 38 35 la
3355 7396 193 36 terrasse/
3569 7392 71 44 qui
3675 7393 239 44 surplombe

2903 7442 177 36 l'étroite
3127 7441 166 42 rivière,
3343 7441 109 35 talus
3500 7439 93 35 vert
3640 7438 48 35 de
3737 7448 176 27 mousse.

2902 7498 114 26 murs
3077 7487 71 44 qui
3211 7497 43 24 se
3290 7487 175 35 délitent
3502 7493 155 26 comme
3695 7482 95 38 tout
3826 7486 88 34 cela

2901 7535 138 42 paraît
3064 7533 177 35 lointain
3266 7533 48 36 et
3327 7532 143 42 perdu,
3494 7540 81 26 aux
3597 7539 93 26 sons
3714 7530 49 35 de
3787 7531 38 35 la
3848 7531 64 34 fa-

2902 7581 79 35 cile
3007 7580 193 43 musique
3225 7579 82 44 qui,
3336 7578 107 35 cette
3467 7577 104 41 nuit,
3598 7585 103 25 nous
3730 7576 182 41 entoure,

2903 7627 40 35 et
2972 7634 156 27 comme
3158 7634 66 26 ces
3255 7625 134 34 valses
3422 7623 48 35 de
3500 7622 193 44 tziganes,
3725 7631 66 25 ces
3823 7622 89 34 lan-

2901 7680 226 34 goureuses
3159 7679 213 25 romances
3403 7667 237 45 paraissent
3670 7667 243 42 désolantes,

2902 7715 101 38 sitôt
3031 7727 93 35 que,
3140 7716 79 35 l'on
3244 7716 153 34 touche
3425 7725 53 24 au
3506 7713 196 35 souvenir
3737 7713 6 34 !

2947 7770 35 33 A
3009 7769 38 36 la
3074 7768 110 35 table
3210 7767 172 41 voisine,
3412 7766 69 35 des
3508 7764 259 35 Américains
3795 7765 117 34 souf-

2902 7816 105 34 flent
3042 7814 101 35 dans
3179 7813 226 35 d'énormes
3440 7810 209 35 mirlitons
3686 7810 22 34 à
3743 7809 187 36 tète....de

2903 7860 153 35 canard
3089 7868 53 25 ou
3175 7859 49 34 de
3258 7867 84 34 coq,
3378 7857 90 35 leur
3499 7855 84 45 joie
3617 7856 63 34 est
3711 7855 200 41 évidente,

2903 7905 173 35 doublée
3104 7904 211 43 d'orgueil.
3343 7903 53 34 Ils
3424 7901 224 36 s'amusent
3675 7901 41 34 et
3741 7901 91 34 font
3858 7900 54 35 du

2898 7960 203 25 vacarme,
3135 7950 39 34 et
3202 7948 98 35 c'est
3328 7958 52 24 au
3410 7947 97 34 Café
3536 7946 47 35 de
3614 7946 115 34 Paris
3753 7946 6 34 !
3790 7946 52 34 Ils
3874 7946 36 33 le

2903 7996 268 41 raconteront
3212 7995 95 43 plus
3351 7994 92 34 tard
3486 8003 81 25 aux
3610 7992 210 43 indigènes
3864 7992 49 34 de

2905 8044 90 34 leur
3023 8042 98 35 ville
3149 8041 150 34 natale.
3326 8040 79 34 Des
3435 8040 170 33 femmes
3635 8048 81 25 aux
3744 8038 168 43 épaules

2901 8098 113 30 nues,
3047 8086 98 36 dont
3174 8087 36 33 le
3239 8084 120 36 relief
3387 8094 143 26 remue
3558 8083 99 35 dans
3689 8084 56 34 les
3776 8083 132 44 glaces

2905 8133 243 39 s'obstinent
3180 8133 23 36 à
3234 8132 96 43 rire,
3362 8130 368 46 mécaniquement,
3763 8129 149 38 dirait-

3977 5921 61 25 on.
4068 5911 128 35 L'une
4225 5910 128 39 d'elle,
4383 5910 96 35 d'un
4506 5908 290 36 merveilleuse
4824 5909 160 42 beauté,

3975 5957 167 36 ramène
4182 5956 88 36 son'
4294 5957 179 43 écharpe
4512 5955 69 45 qui
4622 5955 164 44 glissait
4836 5965 72 25 sur
4947 5956 38 34 la

3971 6002 226 45 banquette
4217 6013 8 32 ;
4259 6011 81 26 une
4373 6002 129 38 autre,
4537 6001 329 41 fiévreusement,
4901 6001 80 35 s'é-

3971 6051 133 40 vente,
4139 6058 81 26 une
4254 6049 118 34 autre
4403 6047 135 41 baille,
4575 6048 40 34 et
4646 6047 57 35 les
4736 6055 171 36 garçons
4941 6057 43 25 se

3976 6097 154 40 hâtent,
4187 6105 97 26 avec
4338 6095 68 35 des
4460 6094 134 45 gestes
4648 6094 336 44 d'équilibristes.

3976 6143 273 40 Maintenant,
4280 6141 38 35 la
4352 6141 98 35 voix
4483 6140 119 35 d'une
4640 6141 233 34 chanteuse,
4904 6140 79 35 ita-

3975 6189 137 35 lienne
4144 6197 42 26 se
4216 6188 120 43 pâme
4368 6188 40 33 et
4439 6186 163 35 domine
4636 6186 56 35 les
4724 6186 212 44 musiques
4974 6195 8 32 ;

3975 6235 265 43 elle.évoque
4273 6234 36 34 le
4339 6232 129 42 soleil,
4501 6232 134 35 l'éclat
4665 6232 54 35 du
4751 6232 131 36 matin
4911 6240 79 28 sur.

3975 6282 36 35 le
4037 6280 109 46 golfe
4174 6280 48 35 de
4249 6279 192 44 Naples...

4021 6327 88 38 Oui,
4152 6326 160 34 Marthe
4353 6325 39 35 et
4430 6324 114 42 moi,.':
4563 6333 104 27 nous
4708 6324 158 35 aimons
4907 6333 75 25 au-

3973 6372 211 43 jourd'hui
4241 6371 107 35 cette
4362 6374 21 32 :.
4400 6371 68 34 vie
4524 6370 215 43 d'apparat
4789 6370 191 42 bruyant,

3975 6419 161 35 Marthe
4158 6417 109 45 pour
4293 6416 232 42 s'étourdir,
4550 6416 126 41 moi...
4705 6415 102 37 Mais
4834 6414 148 44 sais-je

3973 6466 169 35 bien-ce
4170 6464 71 42 qui
4270 6473 63 25 me
4359 6463 107 42 plaît
4497 6463 17 35 ?
4565 6462 161 36 N'étant
4773 6461 44 34 ni
4870 6469 110 28 assez

3970 6511 274 35 malheureux
4269 6518 108 34 pour
4403 6509 231 40 m'enivrer,
4663 6508 181 34 ni,assez
4871 6505 105 35 heu-

3969 6567 103 25 reux
4087 6566 107 33 pour
4210 6555 172 42 oublier,
4401 6555 178 35 mettons
4598 6563 78 35 que
4697 6554 42 44 je
4754 6552 127 45 gâche
4897 6560 85 26 mes

3970 6603 352 41 soirées,'comme
4349 6607 85 30 mes
4462 6597 182 49 pensées;
4674 6609 75 35 par
4775 6607 205 40 paresse...

4018 6678 47 4 —
4101 6656 274 41 Voyez-vous,
4416 6654 171 37 Marthe,
4640 6661 51 26 on.
4740 6661 43 25 se
4820 6651 162 35 ressent

3974 6703 190 41 toujours
4192 6701 157 35 d'avoir
4375 6701 93 41 trop
4496 6699 95 35 rêvé
4619 6708 73 25 sou
4698 6708 16 25 s
4723 6697 89 35 -des
4840 6696 141 36 arbres

3974 6760 53 25 au
4049 6749 94 44 long
4162 6748 48 35 de
4231 6757 44 25 sa
4296 6747 193 43 jeunesse
4516 6746 6 34 !
4547 6745 59 35 On
4626 6755 27 33 y
4675 6742 165 37 devient
4863 6742 117 37 indo-

3975 6796 84 34 lent
4085 6803 106 35 pour
4221 6803 44 25 sa
4292 6793 68 34 vie
4389 6792 168 35 entière.

4022 6842 104 33 Mme
4167 6839 184 35 Hérouin
4392 6838 117 35 allait
4549 6835 213 46 répondre,
4844 6833 137 45 quand

3975 6887 175 35 Maxime
4175 6885 145 35 s'écria
4352 6894 7 24 :

4018 6954 46 4 —
4100 6930 143 41 Quand
4278 6930 135 44 j'étais
4450 6938 128 36 gosse,
4615 6928 40 44 je
4691 6925 160 46 passais
4889 6924 92 45 déjà

3974 6985 94 28 mon
4108 6978 150 42 temps,
4283 6985 88 27 sur,
4397 6976 57 34 les
4497 6975 168 41 champs
4710 6973 48 34 de
4800 6980 180 26 courses.

3972 7023 119 37 Voilà
4124 7033 45 24 ce
4203 7031 80 33 que
4314 7022 40 41 je
4387 7020 169 36 connais
4591 7019 49 35 de
4675 7019 37 34 la
4745 7025 235 36 campagne.

3971 7070 78 36 J'ai
4079 7069 191 43 toujours
4301 7078 50 24 eu
4381 7068 36 34 le
4445 7067 69 43 jeu
4543 7066 100 34 dans
4673 7065 36 33 le
4739 7072 100 35 sang
4875 7063 7 34 !

4018 7137 45 4 —
4088 7115 270 34 Taisez-vous
4386 7113 102 34 donc
4523 7112 6 34 !
4558 7110 61 36 dit
4646 7109 170 40 Marthe,
4848 7107 133 36 est-ce

3973 7162 127 37 qu'un
4131 7160 147 36 champ
4312 7159 48 35 de
4392 7166 167 27 courses
4591 7154 222 36 ressemble
4845 7153 23 35 à
4899 7163 82 25 une

3971 7207 161 35 hêtraie
4165 7205 38 34 et
4236 7205 37 34 la
4307 7203 166 36 tribune
4506 7202 48 35 de
4586 7200 262 45 Longchamp
4883 7198 23 35 à
4939 7199 38 34 la

3973 7255 181 34 terrasse
4186 7251 48 35 de
4264 7260 96 25 mon
4390 7250 97 34 cher
4519 7247 212 44 Puymirol
4768 7246 17 34 ?
4975 7272 7 13 :

4017 7320 47 4 —
4097 7297 228 40 Parlez-en,
4365 7295 169 37 Marthe,
4572 7287 48 41 de
4654 7288 324 47 votre'Puymi-

3972 7345 61 35 rol
4060 7345 7 34 !
4105 7344 108 34 Avec
4234 7352 47 32 ça
4302 7341 147 43 qu'elle
4470 7340 61 35 est
4550 7338 169 43 gentille
4738 7346 107 35 pour
4864 7346 114 32 vous,

3971 7391 118 35 votre
4123 7388 157 36 famille
4322 7388 6 34 !
4397 7388 312 35 Trouvez-vous
4747 7383 147 44 qu'elle
4928 7391 51 26 ne

3968 7445 102 28 vous
4095 7445 23 25 a
4139 7443 72 36 pas
4236 7433 80 36 fait
4339 7441 110 26 assez
4472 7431 49 34 de
4541 7429 173 35 vilenies
4737 7428 17 35 ?

4020 7487 161 36 Marthe
4209 7486 139 35 baissa
4377 7485 38 34 la
4442 7483 95 35 tête.
4564 7482 48 35 Je
4640 7481 136 36 savais
4794 7490 92 35 que
4914 7489 64 26 ses

3973 7534 179 38 parents,
4196 7532 237 34 hobereaux
4473 7528 154 35 ruinés,
4672 7527 119 43 après
4836 7525 141 36 l'avoir

3972 7579 154 32 mariée
4156 7586 180 31 presque
4367 7576 49 35 de
4449 7574 113 34 force
4589 7582 102 26 .avec
4725 7582 46 25 ce
4804 7571 174 35 Maxime

3972 7624 193 34 Hérouin,
4195 7622 203 39 petit-fils
4428 7620 54 35 du
4512 7618 254 35 chocolatier
4794 7616 182 35 million-

3971 7671 127 35 naire.
4140 7678 135 25 connu
4315 7667 100 35 dans
4455 7666 36 34 le
4529 7664 147 38 monde
4716 7663 164 39 entier,,
4900 7660 76 36 s'é-

3972 7717 131 35 taient
4127 7714 199 35 brouillés
4353 7721 97 26 avec
4477 7710 87 40 elle,
4591 7718 71 26 sur
4687 7718 75 25 son
4786 7707 115 35 refus
4929 7705 48 35 de

3971 7773 43 23 se
4038 7761 139 38 prêter
4202 7760 22 34 à
4250 7760 110 33 leurs
4386 7755 303 36 combinaisons
4714 7751 271 36 financières.

3971 7809 120 33 Tous,
4132 7806 95 36 plus
4269 7812 53 26 ou
4362 7802 133 35 moins
4537 7798 294 40 ouvertement,
4872 7805 109 26 vou-

3972 7853 129 34 laient
4140 7860 43 26 se
4223 7849 134 36 servir
4398 7847 126 40 d'elle,
4565 7853 106 34 pour
4710 7842 178 45 prendre
4928 7841 48 35 de

3971 7897 173 35 l'argent
4173 7896 23 34 à
4227 7894 184 38 Maxime,
4443 7891 146 39 depuis
4620 7899 74 26 son
4722 7886 253 41 beau-frère,

3972 7945 49 33 M.
4053 7939 321 39 d'Audry-Citet,
4405 7937 70 41 qui
4509 7935 196 43 dirigeait
4732 7943 82 26 une
4843 7931 131 36 fabri-

3971 7999 78 25 que
4078 7988 49 35 de
4153 7986 157 38 papier,
4339 7983 163 41 jusqu'à
4530 7992 45 25 sa
4602 7981 123 43 jeune
4754 7987 120 30 sœur,
4903 7977 71 43 qui

3971 8033 173 31 désirait
4173 8033 94 36 plus
4298 8028 261 39 simplement
4587 8027 69 34 des
4685 8025 119 35 robes
4836 8023 41 35 et
4906 8023 69 34 des

3970 8081 214 43 chapeaux
4233 8085 99 27 avec
4380 8076 160 43 plumes
4592 8073 48 34 de
4691 8071 95 43 cinq
4836 8067 105 36 louis
4964 8067 6 34 !

4017 8128 110 35 Pour
4166 8124 180 45 changer
4385 8122 49 37 de
4474 8117 300 43 conversation,
4815 8115 160 37 Marthe

5045 5920 63 25 me
5138 5912 165 43 reparla
5333 5912 49 34 de
5413 5911 106 36 cette
5548 5912 215 35 Aimienne
5796 5912 69 36 des
5895 5914 150 42 Perles,

5044 5956 23 35 à
5092 5957 73 44 qui
5193 5957 78 35 elle
5296 5957 240 36 m'accusait
5562 5958 48 35 de
5636 5958 277 36 m'intéresser
5940 5960 106 44 trop.

5043 6003 48 35 Je
5128 6012 63 26 me
5230 6003 184 35 défendis
5454 6013 97 25 avec
5592 6004 199 35 mollesse.
5830 6005 32 34 Il
5902 6005 145 36 faisait

5044 6049 117 42 doux,
5186 6049 291 44 les-musiques
5504 6049 228 41 italiennes,
5757 6049 23 35 à
5804 6050 38 35 la
5864 6050 63 34 fin
5950 6051 97 36 d'un

5043 6104 161 35 souper,
5235 6095 203 44 inspirent
5466 6104 57 25 un
5550 6095 54 35 tel
5634 6095 142 35 besoin
5804 6095 48 35 de
5879 6105 122 35 repos
6036 6098 8 34 !

5043 6141 85 35 L'ne
5156 6141 176 35 réunion
5361 6140 48 35 de
5420 6161 8 3 -
5435 6140 120 45 jolies
5584 6141 179 41 femmes,
5794 6141 152 36 autour
5975 6143 70 35 des

5044 6187 223 44 abat-jour,
5305 6187 68 35 des
5410 6186 130 35 tables
5576 6186 96 35 bien
5709 6187 167 42 servies,
5914 6188 132 36 donne

5043 6233 47 35 de
5117 6234 37 34 la
5179 6232 156 45 qualité
5362 6242 80 25 aux
5468 6231 108 36 idées
5604 6231 48 36 de
5676 6232 161 44 plaisir.

5059 6278 118 37 Une
5218 6278 141 35 vieille
5398 6277 261 35 Américaine
5694 6277 234 38 -s'amusait
5969 6289 70 26 co-

5041 6324 258 44 pieusement
5328 6324 22 34 à
5377 6323 159 45 gonfler
5566 6322 49 36 de
5644 6332 64 26 ses
5736 6323 119 45 joues
5883 6325 161 36 flétries

5041 6370 68 35 des
5145 6370 157 34 ballons
5339 6378 158 35 rouges.
5534 6368 53 35 Ils
5622 6368 161 37 filaient
5818 6371 227 35 au-dessus

5041 6419 48 33 de
5126 6425 73 26 nos
5237 6416 115 40 têtes,
5391 6416 54 34 et-
5469 6414 288 37 l'Américaine
5793 6416 58 35 les
5888 6416 156 35 suivait

5040 6462 96 35 d'un
5156 6461 146 45 regard
5324 6460 190 45 épanoui.

5084 6508 118 37 Deux
5235 6507 157 44 pétales
5427 6507 333 45 s'échappèrent,
5775 6507 49 36 de
5859 6507 37 35 la
5931 6507 112 45 large

5039 6563 93 26 rose
5161 6562 183 35 pourpre
5374 6562 80 35 que
5486 6554 104 35 Mme
5622 6553 181 35 Hérouin
5832 6552 158 44 portait
6020 6553 24 35 à

5040 6610 44 26 sa
5110 6600 196 35 ceinture,
5334 6599 40 35 et
5397 6599 41 43 je
5464 6600 165 43 songeai
5655 6599 23 34 à
5701 6607 81 26 une
5807 6598 118 34 autre
5949 6607 94 27 rose

5040 6645 165 35 cueillie
5228 6644 108 45 jadis
5363 6644 96 36 chez
5484 6645 93 41 moi,
5605 6645 22 34 à
5650 6644 154 40 Velars,
5832 6642 41 35 et
5897 6652 79 34 que
6000 6644 42 44 je

5036 6692 140 42 portai
5206 6691 23 35 à
5258 6691 171 42 Marthe,
5459 6701 46 26 ce
5520 6691 106 41 -jour
5656 6689 52 35 où
5735 6688 144 44 j'avais
5910 6688 64 36 été
6006 6690 37 35 le

5040 6738 93 43 plus
5166 6738 96 43 près
5295 6738 50 35 de
5379 6738 76 35 lier
5487 6746 65 25 ma
5583 6735 66 35 vie
5682 6733 23 35 à
5738 6734 38 35 la
5809 6734 152 37 sienne,
5996 6744 47 25 ce

5039 6785 94 44 jour
5167 6784 53 35 où
5252 6783 103 45 j'eus
5388 6792 105 35 peur
5525 6781 48 35 de
5605 6779 212 36 l'avenir...
5854 6779 52 35 où
5937 6780 104 44 j'eus

5038 6839 105 36 peur
5164 6830 41 35 et
5225 6831 60 34 où:
5298 6830 40 44 je
5358 6838 64 26 me
5442 6829 110 34 tus...

5084 6898 47 3 —
5155 6877 170 40 Marthe,
5352 6874 137 44 dis-je,
5515 6881 101 27 vous
5641 6870 145 46 perdez
5811 6879 58 27 un
5894 6870 49 36 de
5968 6881 73 26 vos

5040 6922 181 45 peignes.

5085 6969 86 35 Elle
5199 6958 178 45 chercha
5404 6974 72 26 son
5502 6963 123 36 reflet
5650 6962 99 36 dans
5778 6962 39 34 la
5844 6961 116 45 glace
5987 6963 51 36 du

5040 7024 102 30 mur,
5174 7014 49 40 et,
5252 7011 198 36 tournant
5478 7019 72 26 sur
5579 7018 62 26 ses
5672 7007 192 42 hanches,
5897 7008 38 34 le
5964 7018 73 26 cou

5041 7060 162 39 incliné,
5227 7056 212 43 assujettit
5461 7065 63 25 ses
5549 7055 195 34 cheveux.
5766 7053 111 36 Dans
5902 7054 37 35 le
5962 7055 75 34 mi-

5041 7107 95 37 roir,
5170 7106 41 39 je
5245 7101 188 42 regardai
5468 7110 45 26 ce
5546 7100 141 43 visage
5720 7098 117 35 ovale
5872 7099 98 36 dont
6005 7100 32 34 le

5040 7152 104 36 teint
5167 7151 85 34 mat
5276 7146 198 38 subissait
5498 7145 92 45 déjà
5614 7154 81 26 une
5720 7144 135 44 légère
5880 7145 158 35 flétris-

5039 7197 105 38 sure,
5144 7197 70 38 et
5240 7194 71 44 qui
5340 7192 163 46 gardait
5531 7191 206 47 en/même
5765 7190 134 45 temps
5928 7199 44 26 ce
5999 7189 38 44 je

5038 7253 50 26 ne
5114 7242 84 36 sais
5223 7240 97 40 quoi
5348 7239 48 34 de
5423 7247 90 32 pur,
5542 7237 49 34 de
5618 7237 152 34 délicat
5796 7237 72 42 qui
5896 7244 141 27 carac-

5038 7289 126 35 térise
5190 7288 56 33 les
5270 7286 144 40 jeunes
5440 7283 122 34 filles.
5587 7281 71 36 Ses
5684 7290 110 36 yeux
5818 7282 84 42 gris
5926 7279 112 36 verts

5039 7332 216 38 l'éclairait
5299 7339 97 27 avec
5439 7337 81 26 une
5563 7327 184 36 douceur
5792 7329 35 34 si
5872 7325 164 37 triste...

5040 7378 208 38 Comment
5312 7374 216 37 aurait-on
5592 7383 58 35 pu
5692 7374 152 35 mentir
5885 7370 149 36 devant

5038 7436 87 25 eux.
5158 7421 232 39 autrement
5418 7429 79 33 que
5527 7429 76 33 par
5632 7429 179 33 paresse,
5840 7417 94 35 bien
5963 7425 72 25 en-

5037 7471 126 33 tendu
5193 7470 18 34 ?
5235 7469 80 34 Son
5338 7467 113 40 geste
5474 7465 172 36 donnait
5668 7476 58 25 un
5747 7461 245 39 renflement
6014 7461 23 35 à

5038 7526 62 27 ses
5149 7515 124 36 belles
5322 7512 180 41 épaules.
5548 7512 48 36 Je
5642 7511 176 42 pensais,
5864 7506 172 44 j'ignore

5036 7560 216 38 pourquoi,
5282 7559 23 35 à
5333 7558 107 35 deux
5468 7557 101 36 ailes
5599 7557 71 41 qui
5700 7566 42 26 se
5768 7552 184 46 gonflent
5979 7561 58 26 un

5035 7618 81 27 peu
5138 7606 123 36 avant
5284 7605 48 35 de
5354 7603 190 35 s'ouvrir.
5566 7604 43 35 Si
5631 7604 37 34 le
5687 7602 139 40 visage
5846 7597 192 36 semblait

5038 7651 246 38 légèrement
5320 7649 106 38 fané,
5465 7649 38 35 le
5541 7659 77 26 cou
5655 7644 152 38 n'avait
5842 7652 74 35 pas
5955 7652 81 26 une

5035 7700 101 32 ride.
5167 7698 50 34 Et
5249 7695 137 40 quand
5419 7695 37 35 le
5489 7690 148 44 regard
5669 7692 48 36 de
5750 7689 160 35 Marthe
5943 7688 92 36 des-

5037 7744 137 37 cendit
5216 7752 73 25 sur
5334 7742 37 34 le
5417 7741 144 35 collier
5606 7740 48 35 de
5697 7735 134 46 perles
5876 7734 71 44 qui
5993 7743 44 25 se

5036 7788 202 38 chauffait
5266 7787 24 35 à
5318 7797 45 25 sa
5391 7796 108 30 peau
5527 7795 91 31 nue,
5647 7784 40 38 je
5714 7781 63 35 vis
5803 7780 148 41 naître,
5982 7789 54 25 au

5036 7836 93 35 coin
5154 7834 49 36 de
5228 7843 45 26 sa
5299 7833 161 35 bouche
5486 7833 143 38 mince,
5655 7836 80 28 une
5759 7825 131 45 petite
5916 7834 120 25 moue

5035 7882 48 35 de
5109 7880 164 37 mépris,
5301 7879 37 34 le
5363 7877 154 40 mépris
5543 7872 207 45 qu'aurait
5773 7880 58 26 un
5855 7870 181 44 portrait

5035 7927 156 35 ancien,
5226 7925 78 35 s'il,
5321 7924 181 35 retenait
5534 7931 73 27 son
5641 7920 88 34 âme
5763 7916 187 40 sensible,
5986 7924 46 26 en

5035 7983 42 25 se
5098 7971 155 37 voyant
5276 7970 174 36 encadré
5472 7978 76 30 par
5571 7967 91 41 trop
5687 7963 84 36 d'or
5795 7962 40 34 et
5858 7961 24 35 d
5897 7961 135 43 'épais-

5035 8029 63 26 ses
5130 8018 223 35 moulures.
5383 8012 273 39 Décidément,
5690 8008 159 36 Marthe
5880 8007 150 35 s'habi-

5035 8064 109 38 tuait
5172 8063 80 37 mal
5282 8063 24 36 à
5333 8062 142 46 porter
5505 8070 44 27 sa
5578 8057 196 37 richesse.
5866 8097 7 7 t
6083 8078 16 30 t
