3310 4893
59 152 97 26 eenter
169 151 45 27 les
228 158 97 19 armes
341 151 17 25 à
373 152 66 25 tout
455 150 27 26 le
497 149 149 34 régiment
665 150 28 25 et
710 156 109 19 sonner

59 191 57 21 aux
130 187 135 34 champs.

91 222 39 26 Le
148 222 120 34 général
285 230 30 18 se
330 223 57 30 tut,
404 222 38 31 et,
458 228 51 18 sur
521 220 45 26 les
580 227 144 20 carreaux
739 220 34 26 de
789 220 30 26 la

58 254 119 37 fenêtre,
195 265 39 20 on
249 257 135 26 entendit
400 265 47 19 ses
458 255 103 33 doigts
575 256 98 25 battre
686 255 27 26 le
728 255 91 27 chant

58 291 33 27 de
107 291 141 37 gloire...

149 328 87 32 Mais,
250 337 71 18 mon
350 326 130 35 général,
508 326 94 35 reprit
628 334 38 18 au
689 327 74 26 bout
784 327 34 26 de

58 364 144 34 quelques
219 364 133 25 instants
366 363 87 26 l'aide
468 363 34 26 de
519 370 96 26 camp,
632 361 27 27 le
674 363 141 33 drapeau,

58 399 131 32 qu'est-il
204 399 117 26 devenu
332 397 13 27 ?

90 449 34 5 •
141 435 107 32 Tenez,
265 433 138 33 répliqua
429 432 27 27 le
480 432 132 34 général,
628 441 78 19 nous
722 432 97 26 allons

58 467 25 28 le
98 470 103 27 savoir
219 467 5 37 :
244 469 81 27 voilà
348 469 98 25 là-bas
470 468 27 27 le
522 469 67 34 père
615 468 126 27 Maillou
767 469 52 33 qui

57 507 116 25 revient
189 506 39 26 du
243 504 159 26 cimetière.

91 540 46 26 En
154 540 77 32 effet,
246 547 51 19 sur
321 539 28 26 la
373 540 202 33 grand'route,
600 539 77 26 dans
698 539 104 33 le-pou-

58 574 164 28 droiement
247 574 158 28 lumineux
432 576 35 26 de
493 576 83 30 midi,
594 573 168 33 s'avançait
776 581 43 19 un

58 611 145 26 vieillard.
221 611 25 26 Il
261 611 73 26 était
356 611 200 26 endimanché
578 611 35 25 de
628 609 67 25 noir
709 611 28 25 et
752 617 50 26 por-

58 645 54 28 tait
137 647 17 25 à
176 647 28 25 la
228 646 85 27 main
337 654 58 18 une
419 652 151 20 couronne
591 644 227 27 d'immortelles

58 680 109 28 fanées.
181 681 26 27 Il
233 683 83 26 avait
345 683 30 25 la
397 681 59 25 tête
478 680 89 26 basse
593 681 27 25 et
635 679 150 27 marchait
802 681 17 24 à

58 722 51 27 pas
124 717 89 31 lents,
230 717 136 26 traînant
383 723 34 18 sa
430 715 102 33 jambe
548 715 34 26 de
598 715 76 26 bois.

139 754 31 26 Si
200 759 77 19 nous
306 751 109 25 allions
437 751 18 25 à
480 758 34 18 sa
535 752 157 26 rencontre
704 750 13 27 ?
733 751 33 26 fit
790 751 27 26 le

59 787 126 33 général.

137 822 45 27 Oh
197 822 5 27 !
220 822 172 27 volontiers.

89 859 57 26 Les
169 859 78 26 deux
273 857 129 27 officiers
431 859 151 32 sortirent,
600 859 30 26 et
656 856 116 28 bientôt
790 856 26 26 le

56 893 122 33 général
200 896 28 24 et
254 893 26 26 le
302 893 98 26 soldat
417 901 31 19 se
464 894 115 26 tinrent
593 892 180 32 embrassés,
789 891 27 26 le

56 930 90 27 vieux
165 930 98 27 soldat
285 937 92 26 rouge
402 930 155 33 d'orgueil,
573 930 27 25 le
614 926 123 34 général
750 926 66 34 pâle

57 963 168 28 d'émotion.

90 1000 40 26 Ils
146 1002 146 33 reprirent
318 1000 27 26 le
370 998 119 28 chemin
513 998 34 25 de
569 996 161 33 l'auberge,
750 1004 51 19 cau-

56 1037 69 25 sant
136 1036 15 25 à
168 1036 71 26 voix
257 1036 104 30 basse;
386 1035 26 25 le
438 1035 178 28 lieutenant,
641 1032 53 34 qui
717 1039 31 19 se
776 1033 26 25 te-

57 1071 61 26 nait
136 1072 17 24 à
175 1071 144 28 distance,
347 1067 187 27 n'entendait
560 1075 58 25 que
639 1075 47 18 ces
713 1069 80 25 mots
809 1075 6 19 :

58 1113 12 17 «
91 1107 72 26 Mon
188 1106 92 25 vieux
311 1102 125 27 Maillou
454 1102 5 35 !
471 1113 12 14 »
510 1111 14 15 «
541 1103 70 26 Mon
639 1102 123 35 général
782 1103 6 26 !
802 1113 13 15 »

54 1139 77 27 C'est
149 1146 56 27 que
220 1146 47 19 ces
289 1140 89 31 mots,
404 1139 26 26 le
456 1146 80 19 cœur
559 1139 43 26 les
626 1139 104 26 faisait
751 1146 50 27 pro-

54 1181 110 21 noncer
177 1174 69 35 plus
260 1173 74 28 haut
350 1182 57 27 que
423 1174 26 27 le
464 1173 126 37 reste...

89 1211 45 26 On
150 1211 100 27 arriva
261 1211 79 26 ainsi
353 1211 54 26 àla
424 1211 125 26 maison.
563 1209 40 27 Le
613 1211 66 33 père
691 1209 125 27 Maillou

56 1248 105 25 monta
174 1254 39 19 au
226 1246 129 35 premier
377 1247 94 33 étage,
497 1246 102 26 ouvrit
627 1245 175 26 silencieuse-

54 1284 83 25 ment
150 1290 44 19 un
209 1281 89 27 coffre
313 1283 28 26 et
358 1290 35 19 en
420 1281 89 27 sortit
524 1289 43 19 un
592 1283 111 32 paquet
717 1286 84 26 ,enve-

56 1312 85 40 loppé
156 1317 86 26 d'une
257 1317 89 34 loque
358 1317 145 27 tricolore.

89 1354 106 26 C'était
215 1354 26 25 le
255 1354 131 33 drapeau
398 1354 39 26 du
520 1352 34 26 de
566 1352 91 32 ligne.

137 1388 78 27 Mais
235 1388 39 26 où
296 1389 45 25 est
357 1388 28 26 la
402 1387 102 28 croix?
529 1387 33 26 fit
588 1387 27 26 le
632 1384 131 35 général,
780 1393 37 18 en

56 1424 172 25 examinant
247 1422 31 27 la
293 1423 150 34 glorieuse
457 1423 90 32 loque
562 1428 38 18 en
615 1422 69 24 tous
699 1427 77 19 sons.

113 1474 8 4 -
136 1459 43 26 La
195 1459 87 32 voici,
294 1466 71 19 mon
377 1456 130 34 général,
521 1457 33 25 fit
566 1455 27 27 le
604 1455 91 26 vieux
705 1455 109 26 soldat.

87 1494 47 32 Et,
161 1494 151 26 défaisant
330 1493 27 25 le
383 1493 120 33 paquet,
530 1491 24 26 il
573 1493 119 24 montra
720 1498 51 19 sur
788 1491 28 26 la

53 1530 129 31 poitrine
197 1528 87 27 d'une
301 1530 83 24 veste
413 1527 35 25 de
476 1525 164 28 cantinière
659 1534 59 18 une
736 1526 80 26 croix

54 1563 72 28 dont
141 1564 27 27 le
182 1563 98 27 ruban
298 1563 113 26 déteint
430 1563 74 26 était
519 1563 120 26 attaché
657 1563 143 33 grossière-

53 1602 83 25 ment
150 1607 73 19 avec
242 1599 38 26 du
307 1598 32 26 fil
365 1598 104 33 blanc;
495 1598 69 34 puis
593 1598 19 25 il
628 1598 125 26 souleva
769 1597 35 26 l'é-

56 1635 69 27 toile
152 1636 51 26 des
228 1635 119 33 braves,
378 1636 27 25 et
428 1635 59 26 l'on
502 1635 45 26 vit
570 1641 43 19 un
628 1635 69 26 trou
707 1635 109 25 autour

54 1668 110 37 duquel
193 1671 98 26 s'était
314 1669 133 35 épanché
469 1669 27 27 le
522 1674 78 30 sang
615 1677 37 18 en
667 1668 132 26 bouillon-

52 1707 76 26 nant
138 1707 103 33 quand
267 1706 27 26 le
321 1707 84 32 doigt
430 1706 34 25 de
494 1706 142 25 l'héroïne
657 1704 98 26 s'était
768 1710 32 19 en-

54 1739 83 27 foncé
151 1742 76 26 dans
242 1741 30 26 la
287 1739 126 35 plaie...

513 1800 93 25 Henri
619 1800 106 25 CONTI.

56 1936 150 78 C'te
247 1936 216 97 pauv'
506 1935 304 78 tante!...

84 2204 115 37 Depuis
213 2203 107 32 l'aube,
334 2203 38 26 ils
389 2200 112 30 étaient
517 2207 60 19 aux
591 2198 132 35 champs.

84 2239 44 28 La
144 2241 107 26 femme
268 2237 100 35 petite,
384 2237 185 33 maigriolte,
587 2243 38 18 au
646 2236 105 32 visage
771 2242 27 19 re-

52 2275 99 34 vêche,
169 2275 85 27 sôclie
268 2275 28 24 et
312 2272 83 26 noire
411 2278 113 19 comme
540 2277 40 19 un
601 2270 119 32 grillon,
749 2270 47 25 bot-

51 2309 84 28 telait
150 2311 34 26 de
200 2309 30 26 la
242 2309 120 26 luzerne
379 2314 56 26 que
452 2306 26 26 le
489 2304 87 32 mari,
592 2311 57 18 une
673 2307 79 24 sorte
778 2304 33 26 de

53 2348 93 28 grand
161 2343 159 31 échassier,
343 2342 17 25 à
378 2341 123 33 l'aspect
530 2339 171 35 tranquille,
729 2340 66 27 char-

53 2380 203 31 geaitensuito
272 2386 52 20 sur
338 2386 59 18 une
411 2376 148 27 charrette
569 2375 70 27 d'un
651 2378 83 32 geste
749 2376 63 28 lent

51 2417 27 24 et
105 2415 202 34 méthodique,
334 2413 132 35 pendant
497 2412 171 34 qu'attaché
696 2420 56 27 par
780 2421 32 18 sa

50 2446 89 37 longe
152 2452 17 24 à
184 2452 30 24 la
229 2459 80 21 roua,
322 2450 32 25 le.
366 2450 74 32 petit
457 2447 107 26 cheval
585 2447 90 26 blanc
700 2448 111 28 flairait

50 2481 304 33 mélancoliquement
369 2484 26 22 le
415 2483 53 30 sol,
496 2481 171 25 somnolent
697 2490 70 18 sous
782 2484 30 24 la

50 2516 130 31 chaleur.

84 2557 118 26 Autour
217 2551 86 28 d'eux
319 2549 223 28 s'arrondissait
561 2549 30 26 la
606 2549 100 34 plaine
724 2550 35 26 de
782 2550 30 26 la

51 2587 123 35 Beauce,
189 2597 63 19 mer
265 2589 146 26 immense
419 2584 155 26 incendiée
585 2583 33 26 de
633 2583 94 33 soleil,
741 2593 71 20 avec

52 2629 45 24 ses
123 2634 113 28 nappes
266 2624 34 26 de
327 2622 141 27 chaumes
498 2620 94 31 dorés,
622 2620 34 26 de
690 2622 120 32 guérets

51 2656 93 33 hruns
172 2663 28 26 et
230 2661 34 26 de
287 2660 98 27 trèfles
411 2657 81 26 verts
509 2656 53 34 qui
580 2656 231 27 moutonnaient

48 2693 120 40 jusqu'à
184 2696 144 27 l'horizon
343 2695 46 31 où,
407 2700 115 19 comme
537 2693 52 27 des
606 2693 79 27 mâts
705 2693 35 27 de
759 2701 35 19 na-

50 2732 89 33 vires,
156 2733 34 26 de
206 2731 145 27 lointains
374 2727 131 28 clochers
529 2728 163 27 d'ardoises
720 2731 73 26 émer-

52 2770 125 28 geaient.

131 2804 54 30 lié,
204 2803 99 27 Poiret
314 2802 5 32 !

83 2839 25 25 A
124 2842 45 24 cet
185 2838 96 35 appel,
298 2838 44 25 les
358 2837 78 26 deux
459 2836 194 27 travailleurs
674 2836 136 25 levèrent

48 2870 28 28 la
93 2875 67 26 tète.
175 2875 25 25 A
209 2876 118 24 travers
339 2872 44 25 les
394 2871 117 31 sillons,
523 2878 41 18 un
575 2870 119 26 homme
706 2870 104 25 venait

48 2913 67 22 Vers
132 2916 57 19 eux
206 2909 17 24 à
236 2907 129 34 grandes
379 2906 182 32 enjambées.

131 2943 107 31 Poiret,
270 2941 61 26 cria
358 2941 149 28 l'homme,
546 2940 66 25 faut
645 2947 58 26 que
732 2947 77 19 vous

48 2983 91 24 venez
156 2979 96 35 quant
268 2978 28 26 et
312 2975 60 26 moi
386 2975 17 26 à
426 2974 221 33 Francheville,
674 2976 70 25 tous
767 2974 43 26 les

51 3011 122 33 deux...
194 3014 44 27 La
252 3012 120 28 Rosalie
387 3013 45 26 est
442 3011 170 33 défunte...

131 3047 191 31 Matante...
343 3048 34 26 lit
396 3047 30 27 la
441 3047 110 27 femme
563 3054 37 19 en
614 3047 190 28 sursautant.

128 3086 66 32 Oui,
211 3085 92 34 reprit
327 3085 149 30 l'homme,
493 3084 54 26 elle
568 3091 18 18 a
608 3085 45 25 été
669 3084 111 34 étripée
793 3085 18 25 à

48 3124 91 33 coups
154 3122 33 26 de
201 3119 132 31 fourche,
351 3119 53 25 c'te
419 3119 116 38 nuit...

81 3157 40 26 Lu
143 3157 76 26 mari
243 3157 27 24 et
292 3155 31 25 la
344 3155 110 25 femme
472 3161 30 19 se
522 3154 203 34 regardèrent,
744 3157 67 26 tout

48 3191 98 28 saisis.

131 3228 125 26 Mais...
283 3226 125 27 mais...
437 3224 53 35 qui
511 3223 76 27 donc
606 3223 39 27 l'a
669 3224 111 35 étripée
794 3227 18 25 à

48 3266 91 33 coups
154 3262 18 27 d
182 3261 144 27 fourche?
343 3260 150 27 demanda
506 3260 80 27 enfin
604 3261 106 26 Poiret.

126 3299 56 32 Ah,
201 3296 100 27 dame!
317 3298 20 33 j'
360 3296 60 27 sais
439 3305 53 26 pas
514 3296 71 31 moi,
609 3296 33 26 fit
658 3295 150 28 l'homme.

48 3330 79 30 Allez
145 3334 76 31 voir,
239 3333 44 26 les
294 3333 178 33 gendarmes
487 3333 71 26 sont
573 3333 38 25 là.

81 3367 43 28 La
149 3370 118 28 femme,
295 3374 128 18 revenue
451 3367 34 25 de
514 3376 34 18 sa
578 3370 133 33 stupeur,
733 3376 59 19 com-

48 3406 103 31 mença
176 3404 34 25 de
237 3411 30 17 se
289 3402 148 26 lamenter
465 3403 87 25 d'une
582 3404 70 25 voix
681 3404 34 26 de
741 3404 67 32 tête,

48 3437 96 35 aiguë,
161 3444 74 21 avec
252 3444 39 19 un
315 3436 97 34 grand
437 3437 201 33 déploiement
659 3438 34 26 de
711 3441 98 32 gestes

48 3470 120 32 désolés.

129 3510 61 27 C'te
206 3508 189 37 pauv'tanto!
411 3507 104 34 c'est-y
530 3507 77 27 Dieu
622 3509 132 32 possible
768 3510 40 26 !...

47 3541 60 30 Ah!
125 3554 71 19 mon
213 3546 78 26 Dieu
300 3544 85 31 Dieu,
404 3542 53 27 c'te
472 3541 189 35 pauv'tante!

81 3580 39 27 Le
137 3580 76 27 mari
229 3580 119 34 gardait
371 3587 52 18 sur
448 3586 54 19 son
527 3578 106 33 visage
659 3586 54 18 son
732 3587 59 19 mas-

47 3619 54 27 que
128 3614 252 34 d'impassibilité,
394 3614 78 25 mais
502 3613 66 26 tout
592 3620 38 19 en
656 3613 154 33 rajustant

47 3645 40 31 les
110 3651 123 27 harnais
257 3650 39 25 du
321 3648 73 34 petit
418 3647 116 32 cheval,
549 3647 21 25 il
586 3648 128 33 répétait
724 3645 5 38 :

129 3686 64 32 Que
209 3685 144 31 malheur,
372 3691 58 26 que
446 3683 97 34 grand
557 3683 188 28 malheur!...

132 3723 64 27 Ben
219 3723 52 25 sûr
283 3717 5 38 !
325 3717 181 38 approuvait
534 3717 27 26 le
593 3725 119 27 paysan
745 3729 48 25 por-

48 3754 61 30 leur
139 3757 34 26 de
202 3757 30 26 la
260 3755 148 28 nouvelle.
437 3754 38 27 Et
489 3762 115 19 comme
630 3754 28 26 la
678 3756 131 27 Poirette

48 3787 168 33 l'assaillait
233 3793 34 26 de
283 3793 168 34 questions,
467 3789 22 27 il
504 3789 158 37 répondait
678 3787 5 40 :

133 3828 96 26 J'sais
257 3828 47 25 rin
335 3827 115 34 d'plus,
481 3834 57 27 que
569 3826 103 33 j'vous
690 3826 56 26 dis.
763 3826 44 27 On

46 3855 35 32 l'a
98 3863 132 30 trouvée,
249 3862 17 25 à
279 3862 107 31 matin,
411 3854 198 35 écrabouiliée
631 3862 17 25 à
663 3869 92 27 coups
772 3861 34 27 de

47 3893 158 33 d'fourche
222 3898 76 26 dans
314 3904 34 18 sa
363 3893 163 33 cuisine...
546 3907 59 18 une
631 3896 77 28 belle
729 3898 64 26 four-

47 3930 51 30 che
115 3935 81 25 toute
210 3930 144 38 neuve...
374 3932 63 25 v'ià
451 3933 67 26 tout
535 3933 22 26 c'
570 3941 57 26 que
640 3933 100 34 j'sais.

79 3966 202 32 Maintenant,
307 3965 27 26 le
357 3965 106 26 cheval
488 3969 73 25 était
586 3969 161 27 harnaché.
764 3969 44 27 La

46 4004 122 26 carriole
184 4009 136 28 regagna
334 4000 30 26 la
387 4004 93 22 route.
506 4003 58 26 Les
580 4004 77 26 deux
671 4004 137 27 hommes

47 4036 110 31 étaient
183 4037 79 28 assis
286 4043 52 20 sur
353 4036 30 26 la
404 4036 175 34 banquette,
609 4039 61 26 très
685 4046 120 26 graves,

46 4070 100 32 tandis
172 4075 91 35 qu'au
282 4072 81 31 fond,
381 4070 141 30 affaissée
548 4081 53 19 sur
628 4075 30 25 la
686 4075 120 27 luzerne

46 4104 120 39 fraîche,
185 4111 28 25 la
230 4110 129 27 Poirette
371 4108 76 35 pliée
467 4115 38 20 en
534 4109 78 26 deux
641 4109 167 34 sanglotait

47 4147 268 27 convulsivement.

131 4181 60 27 C'te
229 4181 90 33 pnuv'
328 4182 81 26 tante
422 4181 57 30 !...
511 4180 47 27 Ah
572 4180 6 27 !
617 4187 71 20 mon
718 4180 87 33 Dieu,

48 4211 85 32 Jésus
150 4224 71 19 mon
235 4215 77 26 Dieu
324 4218 56 27 !...

410 4285 30 27 II

78 4349 43 27 La
133 4350 122 27 Rosalie
270 4348 117 38 passait
402 4356 76 27 pour
490 4348 90 28 riche.
594 4349 45 27 En
652 4350 107 26 dehors
771 4351 34 26 de

45 4377 30 32 la
87 4388 84 26 rente
184 4387 120 32 viagère
321 4384 53 37 qui
394 4383 44 26 lui
459 4383 83 27 avait
565 4384 45 25 été
632 4384 105 32 léguée
752 4395 53 26 par

44 4413 131 43 l'évôque
190 4422 72 26 dont
278 4422 56 26 elle
353 4420 81 28 avait
451 4420 46 26 été
516 4419 30 26 la
562 4420 158 27 cuisinière
733 4429 54 25 pen-

45 4449 71 33 dant
129 4457 97 26 trente
239 4465 65 25 ans,
322 4456 54 27 elle
386 4454 152 38 possédait
555 4454 51 26 des
622 4454 178 33 économies,

45 4492 57 25 Une
117 4493 117 26 dizaine
252 4493 33 25 de
301 4493 80 26 mille
405 4493 102 26 francs
531 4499 38 18 en
596 4498 39 24 or,
656 4491 149 27 enfermés

45 4520 73 33 dans
133 4535 59 18 une
208 4528 137 25 cassette,
361 4535 39 18 au
426 4526 73 27 fond
526 4526 34 26 de
586 4533 54 19 son
664 4526 137 33 armoire,

44 4561 13 19 s
60 4565 53 22 ous
128 4571 60 19 une
203 4561 59 37 pile
278 4563 34 25 de
330 4563 90 34 draps
431 4565 28 25 et
475 4570 69 28 que,
561 4569 54 28 par
630 4569 59 19 une
704 4561 98 27 manie

44 4591 33 27 de
90 4598 99 27 vieille
206 4598 107 26 femme
327 4598 195 32 avaricieuse,
540 4598 57 26 elle
624 4604 31 20 se
674 4598 129 26 refusait

44 4626 201 33 obstinément
260 4635 15 25 à
291 4632 106 34 placer.
419 4633 57 26 Les
498 4633 100 26 Poiret
620 4632 28 27 la
665 4632 120 27 connais-

44 4664 96 31 sent
161 4669 71 27 bien
254 4670 76 26 celle
351 4670 138 31 cassette,
507 4676 50 20 car
570 4670 31 25 la
617 4669 99 26 vieille
738 4676 48 27 pre-

43 4701 63 45 nait
120 4704 104 33 plaisir
241 4707 17 24 à
281 4704 125 26 l'ouvrir
422 4704 112 26 devant
550 4713 66 24 eux,
631 4706 18 24 à
671 4703 128 32 manier,

44 4737 15 18 a
74 4735 124 35 tripoter
213 4741 45 26 cet
274 4748 41 22 or,
331 4741 28 25 et
372 4740 56 26 elle
441 4740 65 26 leur
517 4740 92 26 disait
626 4747 6 19 :
651 4748 13 17 «
681 4739 40 32 Ça
733 4747 66 19 sera

860 157 77 27 pour
951 157 86 25 vous,
1051 158 64 19 mes
1143 152 109 32 éfants,
1271 154 66 26 tout
1351 161 77 26 pour
1441 159 89 25 vous,
1546 151 78 27 mais

861 185 168 26 seulement
1042 187 104 33 quand
1160 188 27 32 je
1204 187 51 34 n'y
1267 188 78 26 serai
1361 187 78 34 plus.
1457 197 13 15 »

895 220 107 26 C'était
1018 229 58 18 une
1101 221 79 27 boîte
1207 222 223 34 rectangulaire
1454 230 38 19 en
1520 222 102 32 chêne,

861 255 150 26 renforcée
1026 265 60 18 aux
1100 256 105 34 angles
1220 265 54 26 par
1296 257 51 26 des
1374 259 85 25 coins
1485 265 37 20 en
1546 259 79 25 acier

861 291 159 33 guilloché,
1037 299 72 20 avec
1123 300 59 18 une
1198 293 126 33 poignée
1337 293 35 26 de
1385 292 44 27 fer
1444 293 85 33 forgé
1548 292 61 34 figu-

861 327 67 24 rant
943 333 41 18 un
997 330 120 33 serpent
1133 327 120 26 enroulé
1271 330 107 25 autour
1406 328 34 26 de
1469 328 79 26 deux
1574 335 33 19 an-

861 369 106 18 neaux.

895 396 85 28 Dans
996 398 188 27 l'exaltation
1200 399 34 26 de
1251 406 33 19 sa
1296 399 133 32 douleur,
1447 399 31 26 la
1493 399 131 27 Poirette

861 441 37 18 ne
912 435 138 32 songeait
1074 436 89 32 guère
1191 435 15 26 à
1235 435 30 26 la
1290 436 143 31 cassette;
1462 435 100 26 c'était
1591 442 34 19 sa

861 469 84 25 tante
977 469 105 35 qu'elle
1109 471 171 32 regrettait;
1312 478 33 19 sa
1371 470 85 27 chère
1486 472 84 25 tante
1599 471 26 25 si

861 503 98 26 bonne
974 513 76 26 pour
1067 506 64 32 elle,
1148 506 63 33 qui,
1225 507 15 25 à
1253 506 31 26 la
1298 508 78 25 mort
1387 507 34 26 de
1431 514 47 19 ses
1489 507 132 33 parents,

860 539 105 27 l'avait
979 540 158 33 recueillie,
1156 540 98 27 élevée
1270 542 28 24 et
1313 542 69 33 puis
1396 542 85 26 dotée
1496 549 76 27 pour
1597 541 30 25 la

861 574 109 27 marier
985 578 17 25 à
1017 576 159 32 Poiret,un
1193 583 70 26 gars
1277 578 53 33 qui
1345 578 84 26 avait
1446 586 13 15 «
1472 578 34 26 de
1519 578 105 33 quoi»,

861 611 110 33 quinze
987 612 106 26 setiers
1108 611 33 26 de
1154 613 78 24 terre
1245 619 39 18 au
1298 611 93 26 soleil.
1424 612 43 34 Ça
1489 619 37 19 ne
1550 613 60 25 s'ou-

860 645 59 27 blie
934 653 54 27 pas
1000 656 48 18 ces
1064 646 162 27 choses-là!
1244 646 61 26 Ah!
1317 647 91 34 pauv'
1419 647 99 27 tante!
1534 648 90 34 pauv'

861 683 83 25 tante
956 681 5 26 !

894 716 122 27 Devant
1030 718 137 27 l'affreux
1181 717 156 34 spectacle,
1365 726 37 19 en
1415 720 141 33 présence
1584 718 40 26 du

861 751 126 27 cadavre
1002 754 35 26 de
1051 754 31 26 la
1096 755 92 30 tante,
1206 754 211 33 ensanglanté,
1437 754 170 26 méconnais-

861 787 91 33 sable,
970 788 149 34 baignant
1147 788 76 26 dans
1251 796 58 19 une
1333 797 81 19 mare
1439 796 102 26 rouge,
1570 788 54 26 elle

860 823 83 25 avait
953 830 38 19 eu
1004 831 58 19 une
1084 824 155 34 explosion
1256 824 34 26 de
1305 826 58 26 cris
1376 824 167 27 farouches.
1567 824 57 26 Los

859 859 83 32 jours
965 860 52 33 qui
1033 860 156 31 suivirent,
1208 859 63 26 loin
1287 860 168 34 d'apporter
1469 868 43 18 un
1534 859 72 26 adou-

860 893 161 28 cissement
1037 896 17 25 à
1069 904 54 18 son
1140 894 159 34 désespoir,
1328 895 182 27 semblèrent
1541 895 70 26 l'avi-

859 937 52 18 ver
926 937 116 20 encore.
1063 931 63 26 Elle
1153 937 37 20 ne
1214 930 149 26 s'arrêtait
1385 930 35 27 de
1437 930 97 34 gémir
1566 937 58 28 que

857 971 76 26 pour
946 965 84 33 crier,
1045 966 76 26 dans
1136 972 39 19 un
1193 965 84 26 accès
1292 965 35 26 do
1338 973 71 26 rage
1423 974 6 18 :

941 999 45 27 On
999 1000 152 27 l'arrêtera
1167 999 195 35 doncpas?...
1376 1002 45 26 On
1436 1002 44 26 lui
1496 1009 128 26 coupera

859 1035 76 26 donc
950 1042 54 26 pas
1017 1036 26 26 le
1059 1044 64 24 cou,
1141 1036 18 25 à
1174 1043 32 18 ce
1221 1035 174 34 brigand-là
1410 1036 52 30 ?...

893 1069 39 27 Ce
947 1070 47 27 fut
1011 1072 131 34 pendant
1160 1070 79 26 l'une
1252 1070 34 26 de
1304 1078 46 19 ces
1368 1072 92 26 crises
1475 1080 58 27 que
1558 1071 50 27 Poi-

857 1107 53 30 ret,
927 1107 128 34 taquiné
1069 1115 54 26 par
1146 1107 84 26 l'idée
1256 1107 34 26 de
1305 1107 157 34 l'héritage
1494 1107 52 35 qui
1578 1107 46 26 lui

857 1139 168 37 échappait,
1043 1143 69 26 vint
1137 1140 347 30 malencontreusement
1506 1142 44 27 lui
1572 1150 35 19 an-

859 1183 110 19 noncer
992 1186 58 26 que
1064 1178 31 26 la
1108 1178 128 26 cassette
1259 1178 84 26 avait
1357 1179 45 25 été
1419 1178 91 27 volée.
1539 1178 25 26 Il
1592 1185 31 19 se

857 1211 34 26 fit
911 1211 144 30 rabrouer
1070 1214 34 25 de
1115 1212 32 26 la
1160 1211 74 26 belle
1248 1212 97 32 façon,
1363 1213 27 25 le
1408 1222 12 14 «
1436 1213 83 34 prop'
1534 1215 17 24 à
1564 1213 57 32 rin,

859 1246 26 25 le
901 1254 71 19 sans
989 1257 81 19 cœur
1083 1248 52 34 qui
1149 1254 37 19 ne
1201 1247 119 34 pensait
1337 1247 69 34 qu'à
1426 1247 130 35 l'argent
1571 1246 5 37 !
1609 1258 13 17 »

857 1281 94 27 Pauv'
966 1285 92 31 tante,
1076 1292 40 19 va
1130 1283 7 26 !

893 1316 77 28 Huit
984 1319 85 33 jours
1082 1318 202 27 s'écoulèrent.
1317 1318 43 26 La
1387 1319 84 26 tante
1492 1320 131 33 reposait

859 1352 191 28 maintenant
1065 1355 76 26 dans
1156 1354 27 26 le
1198 1354 149 26 cimetière
1363 1354 34 26 de
1410 1354 31 26 la
1456 1355 133 34 paroisse
1605 1355 19 25 à

857 1387 123 28 l'ombre
997 1390 34 26 de
1044 1390 31 26 la
1088 1389 80 27 croix
1183 1388 34 26 do
1233 1388 96 34 pierre
1356 1397 58 26 que
1439 1390 30 25 la
1489 1390 78 34 piété
1589 1390 34 26 de

860 1430 33 18 sa
909 1423 80 27 nièce
1003 1426 81 26 avait
1095 1426 97 26 élevée
1204 1431 52 19 sur
1266 1433 33 18 sa
1311 1426 100 26 tombe
1426 1427 28 25 et
1465 1426 158 26 l'assassin

859 1459 105 26 restait
978 1460 141 27 inconnu.
1136 1460 44 26 La
1194 1459 139 32 Poirette,
1351 1461 141 33 toujours
1513 1460 109 27 hantée

859 1501 54 26 par
928 1501 33 19 sa
977 1495 78 27 furie
1070 1498 34 25 de
1121 1502 180 26 vengeance,
1319 1502 37 19 ne
1375 1495 159 27 décolérait
1546 1504 56 26 pas
1616 1495 5 34 :

943 1530 25 26 A
984 1532 72 33 quoi
1067 1531 48 35 qu'
1127 1538 34 25 ça
1176 1531 69 30 sert,
1263 1530 28 26 la
1307 1530 128 34 police?.
1447 1527 25 39 '..
1501 1532 78 25 mais
1604 1532 18 25 à

859 1564 70 34 quoi
944 1566 48 33 qu'
1006 1574 34 25 ça
1056 1569 70 30 sert,
1141 1565 78 31 hein,
1235 1564 167 35 Poir.et?...

941 1600 25 26 J'
984 1603 60 25 sais
1055 1610 63 27 pas,
1133 1600 158 34 répondait
1305 1602 110 32 Poiret,
1433 1602 138 34 lugubre.

1213 1674 45 27 111

893 1739 25 26 A
933 1739 79 27 deux
1028 1741 83 25 cents
1126 1737 109 27 mètres
1251 1737 40 26 du
1305 1737 113 34 village
1442 1739 136 26 s'élevait
1592 1739 30 26 la

856 1775 119 26 maison
990 1776 40 26 du
1046 1786 13 15 «
1076 1773 159 28 Cheminot
1251 1782 22 15 ».
1298 1772 78 27 C'est
1403 1781 71 18 sous
1499 1781 30 19 ce
1550 1781 72 19 nom

857 1811 89 32 qu'on
964 1811 131 34 désigne,
1111 1817 35 20 en
1161 1808 124 31 Boauco,
1302 1817 48 18 ces
1365 1809 137 26 ouvriers
1519 1817 83 20 noma-

857 1845 60 32 des,
934 1846 124 28 rôdeurs
1075 1847 33 25 de
1121 1843 112 37 grands
1250 1843 145 33 chemins,
1422 1851 72 19 sans
1515 1845 105 26 métier

855 1880 71 27 bien
943 1881 100 33 défini,
1059 1883 61 34 qui,
1134 1880 69 26 d'un
1219 1878 73 26 bout
1303 1878 34 25 de
1349 1878 116 26 l'année
1476 1880 17 25 à
1500 1879 117 33 l'autre,

855 1920 181 31 parcourent
1050 1918 44 26 les
1108 1922 190 28 campagnes,
1317 1913 167 32 mendiant,
1504 1923 98 18 marau-

856 1952 72 26 dant
945 1961 39 19 ou
999 1954 109 26 offrant
1123 1952 81 26 leurs
1218 1950 69 26 bras
1304 1949 15 25 à
1336 1949 53 33 qui
1404 1950 72 25 veut
1496 1949 43 27 les
1561 1951 45 26 uti-

855 1988 71 26 liser
941 1987 272 37 temporairement.

891 2023 38 26 Ce
945 2033 14 14 «
976 2024 158 27 Cheminot
1149 2033 24 21 »,
1194 2020 116 33 fatigué
1325 2027 72 19 sans
1415 2020 89 27 doute
1518 2021 34 26 de
1565 2029 53 19 son

855 2059 150 28 existence
1018 2060 128 30 errante,
1161 2056 81 26 avait
1263 2054 63 27 bâti
1345 2055 30 26 là
1397 2056 148 34 quelques
1569 2065 33 19 an-

854 2095 71 25 nées
951 2095 190 34 auparavant
1153 2099 59 19 une
1226 2091 162 27 chaumino
1409 2099 38 19 en
1461 2092 113 26 torchis
1591 2093 27 25 et

854 2128 22 26 il
892 2137 20 26 y
931 2130 97 27 vivait
1043 2130 65 27 seul
1121 2134 115 20 comme
1250 2135 40 18 un
1300 2127 79 33 loup,
1396 2130 73 24 tenu
1494 2134 37 19 en
1546 2135 56 26 qua-

854 2165 141 27 rantaine
1006 2174 53 26 par
1070 2165 43 26 les
1122 2170 74 26 gens
1207 2163 39 26 du
1258 2170 76 26 pays
1343 2163 53 33 qui
1408 2163 210 26 continuaient

854 2200 80 26 deTe
956 2202 105 26 traiter
1076 2207 35 19 en
1127 2197 159 31 cheminot,
1305 2196 177 26 c'est-à-dire
1500 2204 35 18 en
1553 2204 50 18 sus-

854 2237 73 32 pect.

888 2271 48 32 Or,
950 2280 41 19 un
1006 2271 107 31 matin,
1129 2268 110 35 quinze
1252 2267 86 33 jours
1351 2267 85 33 après
1452 2265 30 26 la
1495 2268 77 25 mort
1583 2267 34 26 de

853 2307 30 26 la
896 2308 94 31 tante,
1006 2307 109 31 Poiret,
1133 2311 31 19 se
1183 2302 128 26 rendant
1324 2309 39 18 au
1378 2301 130 32 marché,
1526 2309 91 27 passa

854 2342 65 35 près
937 2342 34 26 de
986 2343 76 24 cette
1076 2339 209 27 maisonnette.

889 2378 78 27 Tout
984 2378 118 30 autour,
1124 2374 43 27 les
1187 2373 104 35 poules
1310 2374 39 27 du
1363 2373 161 27 Cheminot
1538 2374 64 34 pico-

854 2415 97 27 raient
965 2422 38 19 en
1017 2412 113 27 liberté.
1149 2411 99 26 Poiret
1263 2418 35 19 en
1315 2417 161 27 remarqua
1491 2417 58 20 une
1565 2411 52 33 qui

854 2450 144 32 secouait,
1012 2457 38 19 au
1067 2450 74 25 bout
1154 2447 34 25 de
1202 2454 54 18 son
1271 2446 60 30 bec,
1343 2453 41 18 un
1400 2445 80 33 objet
1489 2445 125 26 bizarre.

854 2485 24 25 Il
906 2483 183 34 s'approcha,
1119 2483 28 22 la
1175 2480 89 33 poule
1286 2479 130 25 s'enfuit.
1447 2479 99 25 Poiret
1571 2486 31 17 ra-

853 2525 102 19 massa
967 2516 110 32 l'objet.
1095 2515 106 25 C'était
1219 2520 58 18 une
1293 2513 79 24 sorte
1387 2512 34 25 do
1434 2512 128 33 poignée
1578 2520 35 17 en

853 2552 52 31 fer,
930 2552 83 25 toute
1035 2548 132 31 rouillée,
1191 2548 209 32 représentant
1423 2554 41 18 un
1494 2548 120 32 serpent

852 2587 130 26 enroulé.

935 2622 45 27 On
997 2620 90 28 dirait
1108 2620 30 26 la
1160 2619 125 35 poignée
1309 2616 34 28 de
1358 2617 31 26 la
1406 2619 128 26 cassette
1547 2619 18 26 à
1584 2617 31 26 la

852 2661 93 31 tante,
965 2656 227 30 murmura-t-il.

887 2698 26 25 Il
925 2698 67 32 jeta'
1005 2695 43 26 les
1065 2702 78 25 yeux
1162 2694 109 25 autour
1287 2691 34 27 de
1342 2691 52 26 lui.
1411 2691 151 27 Personne
1578 2699 37 19 ne

852 2732 27 26 le
906 2731 116 34 voyait.
1056 2730 41 26 Le
1128 2727 161 27 Cheminot
1320 2727 74 26 était
1428 2727 116 32 absent,
1572 2727 44 27 les

853 2769 124 32 champs
1003 2765 122 26 déserts.
1152 2763 100 26 Poiret
1277 2763 54 26 mit
1358 2763 26 26 le
1408 2765 120 31 serpent
1540 2763 76 26 dans

853 2810 33 18 sa
907 2802 93 33 poche
1017 2802 27 22 et
1059 2797 174 34 poursuivit
1246 2797 216 33 paisiblement
1480 2805 53 18 son
1551 2798 50 26 che-

853 2837 73 25 min.

887 2870 39 25 Le
947 2868 70 31 soir,
1042 2874 35 19 en
1098 2867 146 30 rentrant,
1266 2864 24 26 il
1305 2867 64 32 jeta
1395 2867 104 32 l'objet
1519 2874 52 18 sur
1585 2867 31 24 la

850 2903 80 28 table
947 2903 34 25 de
997 2902 30 25 la
1039 2900 128 28 cuisine.

935 2937 105 32 Quien,
1058 2933 31 30 la
1106 2936 167 31 maîtresse,
1290 2935 112 34 guigne
1420 2942 45 19 un
1478 2943 58 27 peu
1548 2935 67 27 voir

850 2983 81 26 ça...

935 3011 89 26 Jésus
1036 3007 5 35 !
1058 3007 161 27 s'exclama
1234 3007 30 27 la
1276 3007 131 27 Poirette
1422 3015 38 19 en
1474 3008 142 34 joignant

852 3048 43 27 les
907 3046 107 27 mains.
1031 3043 44 27 La
1087 3044 126 33 poignée
1231 3043 33 27 de
1277 3043 30 27 la
1324 3046 126 25 cassette
1461 3044 56 28 !...

928 3081 77 26 C'est
1022 3079 22 26 c'
1059 3087 58 26 que
1130 3080 19 33 j'
1161 3079 71 27 m'ai
1247 3080 52 32 dit,
1317 3079 34 26 fit
1363 3080 254 34 judicieusement

852 3119 106 27 Poiret.

889 3154 37 26 Et
943 3152 22 26 il
976 3150 125 27 raconta
1116 3152 152 25 comment
1279 3152 28 25 et
1323 3152 38 25 où
1375 3150 21 26 il
1413 3152 83 26 avait
1509 3152 107 26 trouvé

853 3193 76 26 cette
943 3185 137 38 poignée.

947 3223 77 26 C'est
1054 3220 21 26 li
1089 3220 4 30 !
1126 3222 70 26 c'est
1209 3222 18 26 1'
1252 3222 159 27 Cheminot
1424 3220 5 30 !
1461 3221 104 27 s'écria
1586 3222 31 25 la

854 3262 107 26 femme
976 3265 72 20 avec
1061 3256 144 27 violence.
1224 3257 41 34 Ça
1287 3265 37 20 ne
1342 3259 72 32 peut
1429 3265 53 27 pas
1498 3257 60 26 être
1574 3265 43 20 un

854 3299 83 25 autre
960 3300 57 28 que
1037 3291 69 28 1i...
1134 3292 46 26 On
1205 3300 38 18 va
1265 3302 19 25 y
1306 3301 109 27 couper
1439 3293 18 26 1'
1474 3300 63 24 cou,
1560 3300 56 26 pas

853 3332 74 31 vrai,
945 3330 98 27 Poiret
1058 3326 13 26 ?

933 3365 84 27 M'est
1035 3363 76 32 avis,
1129 3364 141 34 répondit
1285 3364 110 27 Poiret.

940 3399 60 28 C'te
1024 3399 89 33 pauv'
1129 3400 148 27 tante!...
1299 3399 63 26 Ah!
1389 3407 33 25 ça
1440 3407 39 18 va
1499 3407 20 26 y
1541 3399 74 27 faire

852 3439 58 26 ben
935 3433 106 38 plaisir
1068 3435 90 32 qu'on
1185 3443 92 27 coupe
1302 3435 37 26 le-
1352 3442 56 21 cou
1434 3442 38 19 au
1499 3435 98 26 Chemi-

853 3474 117 26 not!...
996 3468 63 27 Elle
1076 3470 52 32 qui
1144 3472 126 32 pouvait
1285 3478 56 27 pas
1363 3469 26 27 le
1415 3469 94 27 sentir
1520 3469 6 27 !

887 3508 97 28 Poiret
999 3504 91 34 partit
1108 3504 25 27 le
1150 3507 60 26 soir
1226 3507 97 26 même
1338 3513 76 27 pour
1429 3506 30 26 la
1475 3506 79 26 ville.
1573 3506 41 27 Le

850 3540 180 32 lendemain,
1057 3539 44 26 les
1124 3542 178 32 gendarmes
1329 3540 150 27 entraient
1501 3541 70 26 chez
1587 3541 27 26 le

852 3578 167 28 Cheminot.
1038 3574 43 26 La
1097 3578 201 33 perquisition
1319 3576 72 26 faite
1410 3576 77 26 dans
1506 3585 33 17 sa
1552 3585 43 18 ma-

853 3624 66 19 sure
933 3618 106 21 amena
1056 3609 28 26 la
1102 3611 185 32 découverte,
1306 3620 38 18 au
1358 3611 104 27 milieu
1480 3611 50 26 des
1550 3619 50 18 cen-

852 3652 66 25 dres
934 3650 33 25 de
990 3646 9 26 l
1002 3646 6 17 ?
1011 3647 71 28 àtre,
1100 3646 34 26 de
1156 3647 67 27 huit
1245 3648 83 26 coins
1349 3654 37 19 en
1408 3647 79 25 acier
1506 3646 92 33 guillo-

852 3686 63 31 ché,
932 3681 79 30 seuls
1029 3681 92 26 restes
1134 3683 74 26 delà
1225 3684 126 25 cassette
1368 3683 110 26 brûlée.
1493 3681 39 26 Le
1541 3681 56 27 Che-

852 3722 94 26 minot
966 3723 107 21 avoua.

886 3754 106 33 Quand
1024 3751 44 26 les
1095 3754 182 32 gendarmes
1306 3754 234 30 l'emmenèrent,
1570 3752 43 26 les

850 3793 99 27 mains
963 3789 80 30 liées,
1062 3787 15 26 à
1091 3788 70 33 pied
1175 3793 83 24 entre
1273 3790 81 26 leurs
1370 3789 145 31 chevaux,
1530 3790 83 24 toute

849 3828 31 25 la
896 3823 172 38 population
1088 3822 33 26 de
1140 3824 209 27 Francheville
1363 3824 104 26 faisait
1480 3823 31 26 la
1532 3823 78 31 haie,

848 3862 32 27 la
892 3860 130 30 Poirette
1037 3865 39 19 au
1100 3861 128 31 premier
1246 3867 86 26 rang,
1350 3859 164 32 échevolée,
1532 3859 65 26 voci-

850 3898 106 26 férant.
978 3895 26 25 A
1017 3893 30 26 la
1062 3901 57 19 vue
1134 3895 40 26 du
1185 3896 158 26 meurtrier
1356 3896 34 26 de
1407 3902 34 19 sa
1449 3893 99 33 .tante,
1558 3894 53 27 elle

849 3932 107 28 voulut
973 3938 31 19 se
1017 3930 74 33 jeter
1120 3937 52 20 sur
1193 3931 52 32 lui,
1264 3931 43 26 les
1331 3930 105 34 ongles
1457 3938 35 19 en
1507 3930 102 27 avant.

848 3969 65 27 Elle
928 3964 119 30 l'aurait
1063 3963 126 39 êcharpé
1206 3967 26 26 si
1247 3976 38 18 on
1312 3976 34 18 no
1371 3966 70 26 l'eût
1457 3966 120 25 retenue
1594 3965 17 25 à

849 4005 70 25 bras
939 4002 26 26 le
987 4007 94 26 corps.
1101 3999 78 28 Mais
1201 4002 56 26 elle
1280 4010 31 18 se
1336 4002 216 32 dédommagea
1574 4007 37 19 en

850 4037 143 30 crachant
1009 4036 17 25 à
1041 4035 30 26 la
1081 4035 97 34 figure
1193 4037 40 27 du
1245 4036 180 33 prisonnier,
1443 4036 167 31 écumanto,

848 4075 45 26 les
907 4080 80 28 yeux
998 4071 71 26 hors
1082 4070 34 27 de
1130 4071 31 27 la
1174 4074 70 32 tête,
1261 4074 133 31 hurlant,
1410 4072 30 26 la
1460 4070 151 28 mâchoire

849 4110 123 26 ouverte
990 4113 113 20 comme
1120 4115 76 26 pour
1212 4109 116 26 mordre
1339 4109 4 32 :

932 4144 46 26 On
1003 4141 146 34 t'coupera
1174 4144 126 26 l'cou!...
1324 4143 85 26 J'irai
1434 4143 89 27 t'voir
1545 4148 50 19 cou-

848 4189 52 26 per
928 4178 123 27 l'cou!...
1070 4178 184 33 entonds-tu,
1278 4179 137 32 canaille,
1439 4178 117 27 ésassin
1570 4175 39 27 !...

1207 4250 41 26 IV

882 4315 41 26 Le
939 4310 159 28 Cheminot
1115 4313 59 31 eut,
1193 4313 112 26 devant
1331 4312 31 26 la
1375 4319 71 19 cour
1460 4311 149 30 d'assises,

847 4348 150 28 l'attitude
1012 4348 157 26 sournoise
1187 4348 86 26 d'une
1289 4348 67 26 bête
1376 4348 132 34 traquée.
1528 4346 24 26 11
1566 4345 45 26 fut

847 4383 152 30 contraint
1026 4381 141 27 d'avouer
1193 4393 54 18 son
1274 4384 102 31 crime,
1408 4383 78 26 mais
1512 4382 100 26 refusa

847 4419 203 28 obstinément
1077 4417 34 25 de
1141 4420 116 26 révéler
1278 4419 141 26 l'endroit
1434 4420 39 25 où
1488 4417 22 26 il
1526 4416 85 28 avait

847 4456 89 27 caché
951 4454 28 27 la
992 4453 136 27 cassette.

880 4492 26 26 Il
924 4491 46 26 fut
992 4488 167 27 condamné
1173 4491 14 24 à
1204 4491 86 24 mort.

880 4527 46 26 En
943 4524 165 28 entendant
1123 4524 26 26 le
1161 4525 149 33 prononcé
1326 4524 74 27 delà
1415 4526 150 31 sentence,
1581 4524 30 25 la

843 4563 132 26 Poirette
991 4558 164 30 manifesta
1168 4567 59 19 une
1243 4560 59 33 joie
1316 4559 80 28 folle.
1413 4560 65 26 Elle
1492 4560 61 26 cria
1573 4565 38 19 en

842 4597 83 34 plein
938 4596 126 35 prétoire
1082 4602 6 20 :

926 4633 77 26 C'est
1016 4631 58 26 ben
1083 4631 56 26 fait
1147 4632 56 28 !...
1224 4631 76 26 Vive
1312 4631 27 27 el
1356 4631 145 26 tribunau
1515 4630 54 27 !...

878 4668 77 27 Mais
971 4667 220 35 quandlemari
1206 4668 28 25 et
1247 4667 30 26 la
1291 4667 118 32 femme,
1423 4667 53 34 qui
1487 4665 124 26 avaient

841 4704 83 26 suivi
939 4704 43 26 les
996 4703 104 26 débats
1129 4703 40 26 du
1193 4703 255 27 commencement
1474 4702 17 25 à
1514 4700 31 26 la
1557 4701 51 32 fin,

841 4739 103 26 furent
964 4739 115 26 rentrés
1095 4739 71 26 chez
1193 4746 65 21 eux,
1277 4737 39 27 ils
1337 4739 146 26 restèrent
1499 4739 109 28 muets,

1668 152 152 32 soucieux,
1840 159 71 20 sans
1938 154 116 34 appétit
2079 154 112 26 devant
2204 154 27 26 le
2244 159 141 20 morceau
2398 152 33 27 de

1667 187 67 26 lard
1761 189 53 32 qui
1843 187 44 27 les
1923 189 158 25 attendait.
2117 188 99 33 Enfin,
2244 189 32 25 la
2302 188 129 27 Poirette

1668 229 172 26 commença
1857 231 6 18 :

1753 257 131 27 Veux-tu
1898 267 58 26 que
1970 259 20 34 j'
2006 260 30 26 te
2050 260 72 31 dise,
2140 260 102 26 Poiret
2252 259 13 26 ?
2290 259 45 27 Hé
2361 259 69 32 ben,

1669 293 70 26 c'est
1754 301 41 18 un
1830 294 150 34 faignant,
1997 296 53 25 ton
2068 293 202 35 Cheminot...
2306 295 26 25 A
2361 295 70 32 quoi

1668 328 50 34 qu'
1733 335 33 26 ça
1782 328 135 27 l'avance
1948 330 35 26 de
2013 337 35 19 ne
2074 338 54 27 pas
2150 330 61 26 dire
2229 331 38 26 où
2293 331 45 25 est
2367 330 52 26 l'ar-

1669 366 72 31 gent
1752 363 13 27 ?
1780 364 144 35 Pisqu'on
1938 373 40 18 va
1994 364 28 26 le
2037 365 178 33 guillotiner
2228 365 39 26 !...
2300 365 66 26 Aile
2393 372 38 19 va

1668 399 61 26 être
1744 400 122 33 pardue,
1884 400 45 26 c't'
1945 400 150 33 argent-là
2111 399 45 27 !...

1703 435 110 32 Poiret,
1827 443 35 18 en
1879 443 31 19 se
1926 437 130 33 coupant
2072 443 60 19 une
2156 435 125 28 tranche
2303 436 33 27 de
2348 436 80 35 pain,

1669 470 128 26 articula
1811 472 176 31 gravement
2003 470 5 33 :

1748 506 77 26 C'est
1840 506 57 27 ben
1913 507 141 34 mesquin
2070 507 35 26 de
2120 515 33 18 sa
2167 509 77 32 part,
2263 508 34 26 t't
2327 508 18 26 à
2373 507 56 26 fait

1669 541 139 35 mesquin
1824 541 40 26 !...

1703 576 26 27 A
1744 576 96 35 partir
1854 578 35 26 de
1905 585 31 19 ce
1950 576 122 35 jour-là,
2102 578 81 26 leurs
2200 579 230 26 conversations

1668 620 37 19 ne
1722 613 150 26 roulèrent
1886 613 69 35 plus
1967 621 57 27 que
2035 621 52 18 sur
2102 613 26 27 le
2145 613 171 27 Cheminot.

1703 648 80 26 Tout
1813 656 35 19 en
1873 648 188 26 déblatérant
2087 648 219 26 furieusement
2330 651 100 25 contre

1668 684 53 32 lui,
1747 684 38 26 ils
1808 685 219 31 conservaient,
2046 692 38 18 au
2108 684 72 26 fond
2206 684 222 33 d'eux-mêmes,

1667 719 120 34 l'espoir
1800 728 58 26 que
1872 720 27 26 le
1909 720 159 26 Cheminot
2076 719 150 34 parlerait,
2237 720 73 33 qu'il
2326 728 89 19 avoue-

1668 755 58 26 rait
1741 755 80 26 enfin
1834 757 38 25 où
1890 763 31 18 se
1933 756 135 26 trouvait
2083 755 128 33 l'argent
2228 755 34 26 de
2277 755 31 26 la
2321 756 107 26 vieille.

1668 790 41 26 Ils
1724 790 113 26 étaient
1853 791 137 33 toujours
2007 791 61 25 l'un
2085 798 39 18 ou
2139 790 105 26 l'autre
2261 791 17 25 à
2300 790 30 26 la
2348 791 80 31 ville,

1668 833 38 18 au
1722 824 91 33 greffe
1830 824 34 26 de
1879 824 28 26 la
1920 826 113 33 prison,
2052 826 17 25 à
2083 824 97 26 l'affût
2193 824 52 26 des
2261 827 154 32 renseigne-

1668 862 107 25 ments.
1792 860 78 27 C'est
1887 861 78 25 ainsi
1980 860 89 35 qu'ils
2085 859 155 35 apprirent
2254 860 28 27 le
2303 862 72 34 rejet
2393 861 38 26 du

1667 896 128 34 pourvoi
1811 904 35 19 en
1861 896 161 26 cassation.

1703 932 71 26 Puis
1791 932 27 26 le
1838 934 98 32 temps
1961 931 131 27 marcha.
2124 931 46 26 On
2198 933 202 33 commençait
2414 933 17 26 à

1667 967 99 31 parler
1781 967 33 27 de
1827 967 31 26 la
1873 967 67 26 date
1957 966 142 35 probable
2113 966 33 26 de
2159 966 180 28 l'exécution
2353 970 28 25 et
2405 969 26 26 le

1668 1003 159 26 Cheminot
1857 1003 165 26 demeurait
2050 1002 77 26 terré
2165 1000 76 26 dans
2278 1011 56 18 son
2368 1011 43 18 mu-

1667 1039 99 26 tisme.

1702 1074 44 26 La
1760 1074 131 27 Poirette
1904 1081 35 19 en
1956 1072 73 26 était
2042 1074 17 25 à
2072 1080 41 19 un
2130 1071 41 27 tel
2180 1072 86 33 point
2282 1074 132 34 d'exaspé-

1665 1109 99 27 ration
1786 1108 105 35 qu'elle
1913 1109 60 25 alla
2002 1108 132 26 relancer
2159 1108 144 34 jusqu'au
2328 1117 86 27 procu-

1665 1153 70 18 reur
1749 1144 35 26 de
1800 1144 30 26 la
1844 1143 190 34 République
2052 1150 76 26 pour
2150 1142 27 26 le
2190 1144 80 32 prier
2290 1144 35 26 de
2340 1146 77 26 retar-

1665 1180 51 27 der
1734 1180 187 26 l'exécution.

1749 1215 150 33 Quelques
1928 1215 84 33 jours
2040 1214 34 26 de
2100 1213 69 35 plus
2197 1221 39 19 ou
2261 1214 35 27 de
2317 1215 110 32 moins,

1665 1252 155 26 monsieur
1844 1250 26 26 le
1898 1250 80 34 juge,
1996 1257 33 25 ça
2057 1248 76 26 n'est
2163 1256 53 27 pas
2230 1257 59 19 une
2315 1250 112 32 affaire,

1665 1287 30 26 et
1720 1287 27 26 le
1774 1286 159 26 Cheminot
1974 1293 30 19 se
2041 1284 159 27 déciderait
2241 1286 146 33 peut-être
2412 1287 17 24 à

1665 1322 109 35 parler.

1702 1358 40 26 Le
1757 1357 169 32 magistrat,
1954 1355 178 31 scandalisé,
2147 1354 30 27 la
2200 1356 148 33 congédia
2365 1364 48 19 ver-

1665 1393 122 26 tement.
1806 1391 64 26 Elle
1885 1393 100 26 revint
2002 1391 70 26 chez
2087 1390 64 32 elle,
2172 1393 111 26 outrée.

1749 1427 129 31 Vois-tu,
1899 1427 107 31 Poiret,
2023 1424 112 27 dit-elle
2160 1426 17 25 à
2200 1434 56 18 son
2277 1427 87 33 mari,
2381 1434 46 19 ces

1667 1470 73 27 gens
1762 1462 146 34 d'justice,
1931 1470 34 25 ça
1989 1470 17 17 a
2031 1461 103 26 l'cœur
2153 1461 104 28 dur...
2277 1462 59 26 ben
2361 1463 66 33 trop

1665 1500 87 30 dur.,,
1794 1506 20 26 y
1853 1496 21 26 li
1913 1498 52 25 ont
1990 1496 83 34 parlé
2106 1496 66 33 trop
2213 1496 168 33 durement,
2412 1499 15 24 à

1665 1534 176 31 c't'homme,
1859 1535 37 30 et,
1911 1532 97 32 dame,
2026 1539 20 27 y
2061 1531 41 26 s'a
2120 1531 98 27 entêté
2229 1532 54 28 !...
2313 1533 115 26 Tandis

1665 1578 58 26 que
1761 1570 26 26 si
1821 1569 196 34 y-s'-avaient
2050 1574 37 19 eu
2126 1574 155 26 queuques
2320 1569 107 33 égards

1664 1613 77 26 pour
1749 1605 20 26 li
1796 1605 22 34 ..

1702 1641 63 26 Elle
1779 1639 143 27 n'acheva
1937 1646 64 27 pas,
2019 1639 78 26 mais
2119 1639 83 25 toute
2225 1637 31 27 la
2278 1639 69 26 nuit
2372 1639 56 27 elle

1664 1677 122 26 rumina
1800 1684 43 19 un
1858 1675 72 35 plan
1945 1675 76 27 dans
2035 1683 33 18 sa
2081 1674 69 26 tête.

1701 1711 40 27 Le
1755 1711 181 31 lendemain,
1964 1711 83 26 levée
2075 1711 93 24 avant
2196 1708 27 27 le
2252 1709 96 34 soleil,
2372 1710 54 27 elle

1664 1755 172 25 commença
1852 1755 53 26 par
1920 1746 126 26 allumer
2073 1744 26 26 le
2113 1744 74 31 four,
2206 1744 71 34 prit,
2294 1746 74 26 dans
2396 1744 31 26 la

1663 1783 107 32 huche,
1787 1791 59 19 une
1863 1789 116 19 mesure
1996 1780 33 27 de
2042 1781 59 25 fine
2126 1780 74 25 fleur
2218 1780 35 26 de
2283 1781 139 33 froment,

1663 1819 53 26 des
1727 1818 77 28 œufs
1820 1817 81 32 frais,
1919 1817 136 26 remonta
2076 1817 34 26 de
2124 1814 30 27 la
2163 1822 72 20 cave
2251 1822 56 20 son
2320 1817 106 26 beurre

1663 1854 27 27 le
1706 1854 69 33 plus
1786 1861 69 26 gras
1871 1854 27 25 et
1912 1859 31 19 se
1958 1852 57 26 mit
2033 1852 15 25 à
2067 1851 93 35 pétrir
2189 1851 30 26 la
2241 1852 70 33 pâte
2337 1853 87 26 d'une

1663 1890 119 31 galette.
1800 1887 63 26 Elle
1879 1896 37 18 en
1932 1887 73 26 était
2019 1887 30 26 là
2066 1887 34 26 de
2117 1894 33 19 sa
2172 1886 133 34 besogne
2322 1887 104 35 quand

1663 1926 98 26 Poiret
1775 1932 31 18 se
1821 1925 122 24 montra
1957 1931 39 18 au
2013 1923 78 27 seuil
2104 1922 39 27 du
2161 1922 122 27 fournil.
2303 1923 57 26 Ces
2375 1931 34 26 ap-

1662 1961 80 35 prêts
1755 1959 129 27 inusités
1897 1959 132 33 juraient
2046 1958 154 27 tellement
2213 1965 72 19 avec
2315 1958 43 27 les
2374 1958 34 26 ha-

1662 1997 119 26 bitudes
1814 1994 254 37 parcimonieuses
2104 1994 35 25 de
2161 2001 34 18 sa
2218 1993 110 27 femme
2352 1993 73 35 qu'il

1663 2031 123 27 s'arrêta
1800 2031 93 31 court,
1906 2037 59 19 une
1981 2029 100 34 jambe
2098 2036 35 18 en
2148 2028 76 26 l'air.

1696 2065 33 28 —•
1747 2067 94 26 Mâtin
1853 2065 5 28 !
1877 2065 86 27 dit-il.

1696 2104 78 26 Mais
1789 2102 64 30 elle,
1872 2109 72 18 sans
1970 2099 171 31 l'entendre,
2166 2098 119 28 affairée
2309 2107 115 20 comme

1661 2145 60 19 une
1735 2138 109 25 fourmi
1861 2144 6 18 :

1746 2173 93 27 Cours
1859 2179 39 18 au
1918 2166 168 40 poulailler,
2104 2166 149 40 Poiret...
2275 2172 34 25 tu
2322 2173 102 25 tueras

1659 2207 31 26 la
1703 2205 130 34 noire...
1853 2207 33 26 tu
1904 2207 61 25 sais
1982 2206 66 30 ben,
2072 2205 18 25 1'
2106 2205 102 33 poulet
2231 2206 35 27 de
2282 2207 97 32 grain,
2394 2207 30 25 et

1659 2245 34 26 tu
1707 2244 243 34 l'apporteras...
1970 2239 40 37 Ça
2039 2241 27 26 n'
2091 2239 120 27 coûtera
2236 2243 90 32 guère
2355 2242 69 35 plus

1658 2280 135 34 pendant
1808 2285 58 26 que
1881 2278 26 25 le
1922 2277 69 26 four
2003 2278 45 25 est
2068 2275 106 28 chaud.

1694 2315 107 33 Poiret,
1820 2313 124 27 habitué
1956 2314 17 25 à
2000 2311 92 33 obéir,
2122 2313 53 25 tua
2190 2311 30 26 la
2236 2313 93 32 noire,
2355 2311 57 35 l'ap-

1659 2352 94 34 porta,
1768 2350 28 26 la
1807 2349 111 35 pluma.

1743 2387 73 27 N'en
1833 2385 59 27 v'ià
1907 2385 40 27 du
1968 2385 87 27 fricot
2066 2383 5 31 !
2087 2383 195 27 h'asarda-t-il
2291 2383 80 26 enfin
2388 2391 37 19 on

1659 2422 149 26 reniflant.
1827 2422 78 26 C'est
1918 2422 76 26 donc
2009 2421 28 25 la
2054 2428 80 24 noce,
2153 2420 116 33 annuiy
2280 2419 13 26 ?

1743 2458 123 28 Tais-té,
1885 2457 107 30 Poiret,
2016 2456 43 25 dit
2067 2456 185 26 sévèrement
2263 2461 33 19 sa
2303 2456 118 26 femme.

1657 2491 79 26 C'est
1750 2498 74 26 pour
1839 2490 27 24 le
1881 2489 168 25 Cheminot.

1693 2526 100 25 Poiret
1802 2523 102 27 ouvrit
1918 2523 240 25 démesurément
2173 2522 31 25 la
2217 2522 115 26 bouche
2343 2522 78 25 etles

1656 2567 89 26 yeux,
1763 2561 37 28 et,
1811 2558 33 26 de
1853 2557 143 34 surprise,
2007 2557 93 25 laissa
2117 2556 115 27 tomber
2243 2557 28 25 la
2283 2565 14 17 «
2309 2557 83 26 noire
2407 2567 13 14 «

1657 2595 76 26 dans
1748 2595 44 26 les
1807 2593 130 27 cendres.

1742 2630 73 27 Le...
1833 2629 59 27 1e...
1911 2627 183 28 Cheminot?
2107 2628 171 35 répéta-t-il.

1740 2667 26 27 Y
1779 2666 28 28 n'
1822 2666 123 27 doivent
1961 2665 89 35 guère
2066 2665 60 27 être
2140 2665 130 32 nourris,
2284 2665 136 31 là-bas...

1657 2705 44 34 Ça
1711 2704 24 26 li
1749 2704 64 26 fera
1828 2704 40 26 du
1883 2702 70 27 bien
1969 2704 17 24 à
2000 2701 187 31 l'estomac,..
2218 2701 39 27 Et
2275 2704 40 33 pi,
2329 2704 78 26 main-

1657 2743 106 25 tenant
1780 2747 57 27 que
1853 2740 65 25 tout
1933 2738 27 27 le
1985 2737 107 27 monde
2108 2738 21 25 li
2144 2739 73 33 jette
2231 2738 28 26 la
2270 2739 104 34 pierre,
2406 2746 20 26 y

1658 2785 67 19 sera
1737 2776 84 26 flatté
1833 2774 91 34 qu'on
1933 2774 22 26 li
1970 2773 81 27 fasse
2067 2781 59 17 une
2140 2773 175 34 politesse...
2335 2774 46 25 s'il
2408 2781 18 18 a

1657 2819 44 18 un
1716 2811 66 25 brin
1796 2810 132 32 d'usage,
1946 2816 35 24 ça
1996 2809 27 25 le
2041 2807 135 26 décidera
2191 2807 123 33 p't-être.

1740 2850 26 25 A
1783 2850 63 25 dire
1861 2850 39 24 où
1926 2849 45 24 est
1996 2846 31 26 la
2055 2848 129 25 cassette
2196 2846 13 26 ?
2226 2846 46 26 En
2289 2846 59 26 v'ià
2363 2855 60 19 une

1657 2885 99 26 bonne
1772 2883 65 26 idée
1847 2883 6 26 !
1872 2882 103 27 s'écria
2003 2881 99 26 Poiret
2119 2888 37 18 en
2172 2888 32 18 se
2218 2882 107 33 tapant
2344 2882 61 26 d'en-

1657 2919 189 27 thousiasme
1861 2926 52 19 sur
1929 2919 43 26 les
1989 2917 124 27 cuisses.

1748 2955 41 35 Ça
1818 2954 56 27 fait
1903 2954 59 27 ben
1987 2953 58 27 d'ia
2074 2953 137 34 dépense,
2236 2952 123 35 soupira
2393 2952 31 27 la

1659 2993 118 27 femme.
1795 2991 78 28 Mais
1900 2989 65 27 faut
1993 2989 47 27 rin
2068 2989 145 33 épargner
2243 2988 26 26 si
2296 2996 38 19 on
2350 2989 72 26 veut

1659 3030 71 34 qu'y
1744 3030 59 26 soit
1819 3027 131 30 content,
1969 3025 175 26 c't'homme.

1696 3064 107 32 Quand
1818 3063 30 26 la
1864 3061 110 34 galette
2008 3060 46 25 fut
2079 3059 87 31 cuite,
2197 3066 57 26 que
2276 3058 26 26 le
2319 3058 102 34 poulet

1659 3102 52 25 eut
1726 3100 69 26 doré
1808 3099 76 26 dans
1905 3097 26 26 le
1950 3096 66 27 four
2030 3102 47 19 ses
2104 3094 94 26 flancs
2215 3094 150 31 rebondis,
2392 3094 32 26 la

1661 3136 130 26 Poirette
1811 3133 56 27 mit
1886 3133 26 26 le
1929 3133 66 26 tout
2009 3130 76 27 dans
2099 3137 43 18 un
2157 3129 113 35 panier,
2285 3129 94 26 attela
2394 3129 26 27 le

1659 3172 76 33 petit
1748 3171 81 26 bidet
1846 3170 18 25 à
1876 3168 30 27 la
1922 3167 123 28 carriole
2062 3167 28 26 et
2107 3165 91 34 partit
2213 3172 73 26 pour
2302 3163 30 26 la
2337 3163 81 28 ville.

1695 3206 125 27 Arrivée
1835 3206 18 26 à
1863 3206 30 25 la
1909 3204 103 33 prison
2027 3211 6 18 :

1741 3242 26 26 Y
1782 3241 133 33 aurait-y
1931 3246 111 27 moyen
2057 3237 34 27 de
2118 3237 99 35 parler
2238 3244 38 18 au
2303 3235 99 27 Chemi-

1658 3279 53 25 not
1724 3276 14 27 ?
1753 3274 242 30 demanda-t-elle
2009 3282 38 18 au
2065 3272 213 37 gardien-chef.

1694 3312 125 27 Celui-ci
1833 3311 45 26 lui
1893 3309 143 34 expliqua
2053 3309 89 34 qu'on
2165 3317 37 19 ne
2217 3307 125 35 pouvait
2355 3307 65 26 voir

1658 3348 26 26 le
1696 3346 168 28 condamné
1878 3345 124 35 qu'avec
2017 3345 28 26 la
2059 3345 180 35 permission
2252 3343 39 26 du
2303 3341 66 27 chef
2381 3343 39 26 du

1657 3384 137 35 parquet.

1695 3424 41 26 La
1757 3424 129 26 Poirette
1904 3424 89 32 parut
2001 3420 156 27 vivement
2166 3419 172 27 contrariée.
2355 3418 65 28 Elle

1658 3459 86 26 allait
1761 3459 170 33 s'éloigner,
1949 3457 77 27 mais
2041 3465 30 18 se
2087 3457 137 26 ravisant
2238 3463 6 18 :

1742 3494 100 27 P't'ôte
1859 3495 58 25 ben
1938 3500 58 28 que
2022 3500 76 19 vous
2118 3493 135 33 pourriez
2270 3489 20 26 li
2306 3489 115 28 donner

1657 3530 56 33 ça?
1729 3528 263 34 interrogea-t-elle
2009 3535 35 19 en
2061 3528 126 26 tendant
2204 3533 53 20 son
2268 3524 113 34 panier.
2395 3527 25 25 Il

1657 3575 20 26 y
1697 3574 17 17 a
1733 3572 60 19 une
1808 3565 112 32 galette
1935 3566 28 24 et
1993 3570 41 19 un
2062 3563 60 26 bon
2152 3562 99 34 poulet
2271 3561 58 25 ben
2357 3562 47 26 ten-

1657 3602 98 27 dre...
1776 3600 81 26 Vous
1872 3608 20 24 y
1910 3600 79 26 direz
2003 3607 58 26 que
2091 3598 71 27 c'est
2191 3598 57 27 d'ia
2272 3596 69 33 part
2368 3596 52 27 des

1657 3637 107 30 Poiret,
1794 3635 35 26 de
1854 3633 259 35 Francheville...
2145 3641 21 27 y
2192 3639 74 21 nous
2296 3633 124 27 connaît

1656 3673 58 26 ben
1728 3671 5 28 !

1740 3706 54 26 Les
1808 3707 124 32 parents
1948 3706 34 26 de
1996 3706 31 26 la
2040 3706 123 26 victime
2178 3705 13 27 ?

1690 3758 34 4 •
1740 3741 65 27 Oui.
1818 3741 78 26 Mais
1907 3749 76 18 vous
1996 3750 19 25 y
2029 3742 78 25 direz
2125 3741 58 26 ben
2197 3739 125 35 qu'j'ons
2334 3739 86 33 point

1656 3780 170 28 d'rancune,
1843 3776 144 26 entendez
2003 3776 67 32 ben,
2089 3777 85 33 point
2190 3776 34 27 de
2239 3781 131 20 rancune
2381 3783 39 19 en

1655 3815 74 24 tout.
1748 3811 47 31 Et,
1800 3827 34 4 —
1850 3811 198 33 ajouta-t-elle
2065 3819 35 19 en
2118 3811 141 31 hésitant,
2263 3824 33 4 —
2309 3817 78 19 vous
2399 3819 21 26 y

1655 3849 79 26 direz
1750 3847 85 26 aussi
1851 3853 106 27 que...
1977 3847 34 30 si,
2029 3847 52 27 des
2102 3847 67 33 fois,
2186 3847 22 26 il
2224 3844 83 26 avait
2327 3852 76 27 queu-

1655 3891 57 28 que
1729 3883 89 26 chose
1833 3883 18 25 à
1874 3889 77 19 nous
1981 3882 110 28 dire...
2121 3882 122 35 rapport
2263 3881 65 27 à...
2354 3889 50 27 rap-

1654 3920 67 34 port
1737 3919 17 24 à
1769 3918 129 32 l'argent
1915 3915 138 39 caché...
2073 3918 37 26 hé
2126 3919 66 30 ben,
2209 3922 74 20 vous
2302 3922 20 26 y
2339 3915 79 27 direz

1655 3954 72 34 qu'y
1740 3953 61 26 n'se
1819 3952 73 34 gêne
1910 3951 133 38 point...
2061 3954 207 27 J'demeurons
2281 3951 139 33 toujours

1655 3998 39 18 au
1710 3989 97 26 même
1821 3987 128 32 endroit,
1967 3989 17 25 à
1998 3987 220 33 Francheville,
2230 3987 64 26 dret
2307 3994 37 18 en
2355 3987 65 27 face

1654 4025 30 26 la
1698 4025 129 26 mare...

1690 4059 107 32 Quand
1812 4059 54 26 elle
1884 4067 31 19 se
1929 4059 172 34 représenta
2121 4061 19 25 à
2163 4059 30 26 la
2211 4058 111 35 prison,
2342 4058 78 27 deux

1654 4097 85 33 jours
1762 4096 97 34 après,
1877 4096 139 34 flanquée
2044 4097 76 26 cette
2140 4096 59 26 fois
2216 4094 34 26 de
2265 4094 111 32 Poiret,
2393 4096 27 26 le
2430 4094 1 37 ,

1656 4130 125 33 gardien
1800 4131 45 26 lui
1859 4131 45 26 dit
1919 4139 58 27 que
1998 4131 27 26 le
2040 4131 159 26 Cheminot
2216 4129 81 27 avait
2313 4131 107 26 trouvé

1654 4166 31 26 la
1716 4166 111 34 galette
1856 4167 163 27 excellente
2044 4168 30 26 et
2100 4167 27 26 le
2157 4165 100 35 poulet
2283 4166 91 26 aussi.
2394 4166 26 26 Il

1655 4202 84 26 avait
1753 4204 66 26 tout
1830 4205 111 32 mangé
1955 4204 34 26 de
2003 4204 59 26 bon
2079 4201 120 34 appétit.

1740 4237 77 27 Cher
1833 4239 118 26 homme
1965 4235 5 30 !
1995 4240 31 24 lit
2042 4238 28 25 la
2089 4235 129 27 Poirette
2235 4243 73 19 avec
2322 4237 83 27 atten-

1656 4272 190 28 drissement.
1877 4274 37 25 Et
1943 4281 20 26 y
1988 4274 107 26 n'vous
2121 4280 18 18 a
2161 4272 47 26 rin
2237 4272 89 25 narré
2342 4280 78 26 pour

1655 4316 78 19 nous
1746 4309 13 26 ?

1737 4344 77 28 Rien
1831 4346 40 26 du
1885 4346 77 26 tout.
1977 4345 48 26 Ah
2041 4345 26 27 si
2078 4344 54 28 !...

1743 4380 77 32 Quoi
1847 4381 96 27 donc'?
1970 4381 89 26 firent
2089 4380 151 27 ensemble
2268 4378 44 27 les
2341 4380 79 26 deux

1654 4416 106 33 époux,
1774 4416 27 27 le
1817 4424 81 20 cœur
1912 4419 131 26 battant.

1737 4450 25 26 Il
1775 4459 19 19 a
1807 4452 44 27 dit
1866 4460 58 27 que
1939 4452 26 26 le
1982 4452 102 34 poulet
2100 4452 72 26 était
2200 4457 43 19 un
2269 4457 58 27 peu
2350 4452 67 32 trop

1654 4486 71 27 cuit.

1690 4521 172 34 Là-dessus,
1879 4524 24 26 il
1918 4522 65 27 leur
1998 4524 99 33 apprit
2113 4531 57 27 que
2189 4522 106 26 l'ordre
2324 4521 78 27 d'exé-

1654 4558 103 27 cution
1773 4560 73 26 était
1860 4560 107 27 arrivé.
1987 4559 107 25 C'était
2106 4566 77 27 pour
2204 4559 26 26 le
2244 4557 174 28 lendemain

1654 4594 107 26 matin.
1780 4594 38 26 Et
1828 4596 178 26 doucement
2023 4594 24 26 il
2061 4594 44 26 les
2118 4602 113 26 poussa
2244 4593 118 27 dehors.

1689 4629 41 27 Ils
1747 4631 99 26 furent
1859 4630 182 27 consternés.

1735 4667 115 32 Allons,
1879 4667 71 26 c'est
1978 4664 119 30 fini!...
2127 4665 59 27 ben
2216 4667 53 26 fini
2289 4665 46 27 d'à
2350 4667 69 27 c'te

1654 4709 85 27 coup,
1756 4702 96 33 gémit
1871 4702 110 26 Poiret.

1736 4737 26 26 Y
1778 4744 18 19 a
1809 4744 105 19 encore
1931 4744 40 19 un
1984 4737 109 33 espoir,
2117 4737 92 33 reprit
2232 4744 34 19 sa
2296 4737 119 26 femme.

2476 154 32 28 Si
2522 154 27 28 le
2563 156 154 34 président
2730 164 20 26 y
2766 156 105 27 faisait
2893 156 87 34 grâce
2989 157 56 28 !...
3077 157 46 27 On
3150 158 90 27 n'sait

2474 197 105 27 pas...

2843 253 27 28 V

2509 314 96 33 Après
2626 314 180 28 l'exécution
2825 315 40 27 du
2883 315 168 32 Cheminot,
3072 314 43 28 les
3138 314 99 28 Poirev

2474 351 146 33 reprirent
2640 351 26 26 le
2683 351 119 27 chemin
2819 352 34 26 de
2869 351 220 28 Francheville.
3107 351 130 33 Mornes,

2473 385 125 34 pensifs,
2616 385 38 26 ils
2673 386 155 26 suivaient
2842 386 31 26 la
2891 389 85 25 route
2995 386 128 26 blanche
3139 386 53 35 qui
3208 394 31 18 se

2474 420 148 27 déroulait
2639 429 70 19 sous
2728 420 27 26 le
2770 422 98 32 grand
2881 422 86 27 soleil
2981 424 81 25 entre
3079 422 77 27 deux
3171 430 51 19 ran-

2476 457 69 33 gées
2561 457 34 26 de
2610 457 174 34 pommiers.

2509 491 116 35 Depuis
2644 491 27 27 le
2688 490 128 34 lugubre
2833 493 145 33 spectacle
2994 494 111 34 auquel
3122 494 54 27 elle
3190 501 30 20 ve-

2474 528 66 26 nait
2563 528 162 31 d'assister,
2747 528 30 25 la
2797 527 130 26 Poirette
2950 528 116 27 n'avait
3091 537 57 26 pas
3176 529 46 26 des-

2476 563 79 26 serré
2569 562 44 27 les
2629 563 94 26 dents.
2752 561 64 27 Elle
2841 561 85 26 allait
2950 562 69 26 d'un
3044 570 54 26 pas
3115 566 125 26 saccadé

2476 606 72 19 avec
2562 607 59 19 une
2637 599 174 34 expression
2828 596 156 27 mauvaise
2998 598 76 26 dans
3090 599 31 26 la
3131 600 106 33 figure,

2476 635 27 24 et
2523 633 109 33 Poiret,
2657 634 17 25 à
2698 633 53 35 qui
2776 633 26 26 le
2831 633 109 26 silence
2962 633 159 33 hargneux
3146 635 34 25 de
3206 644 35 18 sa

2474 670 110 25 femme
2609 670 142 26 semblait
2776 669 253 27 l'avant-coureur
3052 667 70 27 d'un
3148 677 91 27 orage

2473 705 67 34 près
2555 704 146 32 d'éclater,
2715 705 149 26 marchait
2876 704 210 34 prudemment
3099 704 137 33 derrière,

2476 748 71 19 sans
2563 739 123 26 souffler
2699 742 72 25 mot.

2507 776 157 31 Pourtant,
2685 782 35 19 en
2737 777 122 25 entrant
2874 776 77 26 dans
2970 775 26 27 le
3011 775 123 34 village,
3159 783 60 19 com-

2474 819 47 18 me
2545 810 38 26 ils
2606 809 175 33 longeaient
2794 809 27 26 le
2849 817 69 18 mur
2943 810 40 26 du
3012 810 149 27 cimetière
3187 819 35 19 au-

2474 847 105 26 dessus
2594 844 112 35 duquel
2717 844 196 34 s'apercevait
2924 846 28 25 la
2962 847 81 25 croix
3051 848 84 25 toute
3141 855 97 19 neuve

2474 882 34 26 de
2523 882 28 25 la
2567 882 91 31 tante,
2678 881 21 26 il
2715 887 157 20 murmura
2901 880 77 26 dans
3004 888 59 19 une
3085 882 154 27 intention

2474 917 159 27 manifeste
2648 915 34 26 de
2698 914 204 32 conciliation,
2920 922 38 18 en
2983 920 150 30 songeant
3163 919 17 25 à
3208 918 31 26 la

2474 953 77 26 mort
2567 953 139 32 tragique
2722 952 34 25 de
2772 951 30 26 la
2812 950 100 27 vieille
2930 950 5 35 :

2557 986 61 32 Qué
2631 985 96 35 grand
2743 985 138 26 malheur
2896 986 65 25 tout
2978 985 189 35 d'même!...

2507 1023 98 32 Alors,
2623 1023 30 26 la
2668 1022 109 27 femme
2793 1020 123 26 s'arrêta
2930 1022 92 25 court.
3046 1020 39 27 Sa
3102 1030 133 20 rancune

2473 1058 105 26 éclata.

2554 1095 78 26 C'est
2644 1096 31 25 ta
2691 1094 92 31 faute,
2802 1091 83 27 aussi
2895 1091 54 28 !...
2983 1091 154 35 Pourquoi
3150 1094 85 32 qu'tu

2472 1129 54 26 l'as
2542 1129 143 32 dénoncé,
2702 1130 38 31 té,
2759 1129 96 33 grand
2870 1127 167 35 cli'val?...

2507 1165 109 33 Poiret,
2631 1165 99 32 ébahi,
2750 1163 150 27 balbutia:

2557 1200 41 26 Le
2626 1200 215 27 Cheminot?...
2857 1200 56 27 C'ti
2933 1200 30 26 là
2987 1199 69 35 qu'a
3085 1200 93 33 étripé
3207 1200 31 27 la

2472 1237 83 25 tante
2569 1234 51 28 ?...

2507 1271 78 26 Mais
2603 1270 64 32 elle,
2688 1278 73 20 avec
2789 1279 59 19 une
2872 1272 229 26 recrudescence
3128 1271 35 27 de
3190 1279 32 19 co-

2471 1305 59 26 lèi-e
2552 1313 6 19 :

2554 1341 43 35 Ça
2619 1342 28 26 te
2663 1339 177 35 r'gardait-y
2850 1339 45 27 ?...
2922 1342 133 34 c'était-y
3065 1344 31 25 ta
3111 1344 84 26 tante
3221 1344 17 26 à

2470 1377 30 26 té
2515 1383 39 20 ou
2568 1377 58 26 ben
2653 1384 51 19 ma
2735 1377 84 25 tante
2835 1377 18 25 à
2880 1377 46 26 mô
2940 1377 46 26 ?...
3014 1377 80 26 Belle
3123 1385 113 19 avance

2471 1413 90 33 qu'on
2572 1411 22 26 li
2611 1413 41 25 ait
2667 1411 92 31 coupé
2787 1410 19 26 1'
2820 1419 54 19 cou
2891 1410 53 27 àc'
2959 1411 91 33 pauv'
3065 1411 169 28 Cheminot.

2470 1448 79 26 C'est
2561 1455 54 26 pas
2631 1455 33 26 ça
2680 1448 53 33 qui
2746 1447 197 26 ressuscitera
2965 1446 28 26 la
3009 1446 131 35 tante...
3170 1448 50 26 tan-

2471 1483 46 26 dis
2541 1491 58 27 que
2614 1483 26 26 si
2665 1482 98 27 t'étais
2783 1481 58 27 allé
2869 1481 155 27 l'trouver
3053 1482 57 26 ben
3139 1485 81 32 genti-

2469 1520 117 26 ment...

2551 1554 45 26 Hé
2611 1554 58 26 ben
2686 1554 13 26 ?

2551 1590 45 26 Hé
2613 1591 58 26 ben
2685 1591 6 25 !
2708 1591 103 26 fit-elle
2828 1598 37 20 en
2878 1591 183 33 foudroyant
3089 1597 53 19 son
3157 1591 78 26 mari

2470 1624 71 26 d'un
2558 1625 109 33 regard
2682 1625 176 33 méprisant,
2884 1635 38 18 on
2939 1626 99 26 aurait
3053 1633 40 26 pu
3105 1625 112 27 s'enten-

2470 1659 51 27 dre
2536 1661 142 27 avecli...
2696 1661 106 26 C'était
2819 1663 85 33 point
2920 1670 41 19 un
2985 1662 141 27 mauvais
3149 1661 64 27 hom-

2469 1703 58 25 me,
2546 1703 39 19 au
2598 1696 73 26 fond
2691 1696 39 26 !...
2756 1696 104 27 Plutôt
2876 1706 57 26 que
2950 1697 34 26 de
3001 1704 104 28 passer
3116 1704 37 19 en
3171 1697 46 34 jus-

2469 1731 66 30 tice,
2552 1730 22 25 il
2587 1731 98 26 aurait
2702 1731 94 26 rendu
2811 1733 128 34 l'argent
2957 1730 5 37 !

2503 1766 120 27 Devant
2644 1766 44 27 les
2704 1767 196 27 hochements
2924 1768 33 26 de
2975 1768 60 26 tête
3065 1768 33 26 de
3124 1768 107 32 Poiret,

2467 1800 54 27 elle
2533 1801 111 26 insista
2662 1800 5 28 :

2551 1837 25 26 J'
2593 1840 27 22 te
2637 1837 46 27 dis
2700 1838 74 34 qu'il
2789 1838 119 27 l'aurait
2923 1839 93 26 rendu
3031 1839 39 26 !...

2502 1872 81 31 Puis,
2602 1872 139 26 baissant
2756 1872 32 26 la
2802 1873 72 26 voix
2889 1881 115 18 comme
3020 1873 34 32 si,
3069 1873 35 26 de
3124 1873 105 27 l'autre

2467 1906 63 27 côté
2551 1906 39 26 du
2604 1915 76 24 mur,
2693 1907 31 26 la
2740 1910 92 31 tante,
2861 1917 38 18 au
2914 1909 73 27 fond
3012 1910 35 26 de
3061 1918 33 18 sa
3118 1910 111 32 tombe,

2467 1944 50 25 eût
2535 1950 39 26 pu
2587 1942 174 34 l'entendre,
2779 1944 56 26 elle
2849 1944 113 34 ajouta,
2980 1944 61 27 très
3063 1944 91 34 digne
3170 1954 6 19 :

2548 1977 45 26 On
2606 1977 22 26 li
2641 1980 100 26 aurait
2757 1980 57 27 fait
2828 1988 59 19 une
2902 1981 92 35 petite
3017 1983 91 30 rente,
3118 1989 113 19 comme

2466 2014 35 26 de
2513 2014 80 34 juste
2608 2013 39 28 !...

2888 2089 111 26 Michel
3011 2091 149 25 THIVARS.

2472 2219 751 58 ROSILDA

2584 2344 136 44 (PIÈGE
2743 2350 56 32 EN
2820 2348 126 33 TROIS
2968 2348 145 40 ACTES)

2842 2478 14 25 I

2500 2541 158 26 Sébastien
2674 2541 116 27 Bachot
2803 2542 149 26 marchait
2967 2550 69 19 vers
3052 2550 33 19 sa
3102 2550 123 27 quaraife.

2464 2571 91 32 tième
2570 2577 103 25 année.
2693 2577 47 26 Un
2754 2583 58 27 peu
2829 2583 78 26 gros,
2921 2577 85 33 point
3031 2577 87 27 obèse
3143 2587 67 26 pour-

2466 2614 77 28 tant,
2561 2619 72 20 avec
2653 2620 59 18 une
2737 2613 176 25 moustache
2937 2611 74 26 cirée
3033 2615 28 24 et
3084 2614 143 34 quelques

2467 2648 135 27 cheveux
2617 2648 71 34 gris,
2706 2648 139 33 toujours
2869 2647 89 34 drapé
2982 2647 76 27 dans
3080 2648 30 26 la
3135 2650 92 26 même

2467 2686 156 34 redingote
2659 2685 92 32 noire,
2790 2682 163 27 reluisante
2987 2683 129 32 d'usure,
3152 2687 74 26 mais

2467 2721 102 33 vierge
2585 2720 35 26 de
2635 2720 112 32 taches,
2766 2720 22 26 il
2803 2720 165 33 présentait
2988 2720 181 26 néanmoins
3187 2728 40 19 un

2467 2757 103 33 aspect
2600 2764 84 19 assez
2709 2757 198 32 majestueux.
2934 2754 155 32 Ponctuel,
3115 2763 112 20 comme

2466 2792 66 25 tout
2546 2791 73 26 vieil
2634 2791 137 33 employé
2787 2791 52 33 qui
2856 2798 31 18 se
2900 2792 143 32 respecte,
3059 2791 24 26 il
3097 2798 32 20 se
3137 2791 90 27 levait

2466 2826 18 24 à
2510 2825 69 26 huit
2608 2825 117 32 heures,
2757 2825 151 33 déjeunait
2937 2825 18 25 à
2978 2826 86 31 neuf;
3091 2829 30 24 et
3144 2829 18 24 à
3177 2828 50 25 dix

2465 2861 109 26 heures
2589 2863 99 26 moins
2706 2862 71 33 cinq
2797 2861 189 25 exactement
3009 2862 163 26 traversait
3201 2863 26 26 la

2466 2896 116 33 grande
2611 2904 71 19 cour
2712 2896 40 26 du
2792 2895 155 27 ministère
2981 2895 39 26 du
3054 2903 172 20 commerce.

2466 2931 87 26 Deux
2569 2933 131 26 minutes
2717 2939 76 27 pour
2806 2931 119 26 monter
2940 2930 79 26 deux
3044 2931 102 33 étages
3168 2934 45 30 jus-

2465 2968 71 32 qu'à
2549 2975 56 19 son
2621 2968 122 32 bureau,
2761 2967 74 27 trois
2851 2967 132 26 minutes
2998 2974 74 26 pour
3084 2974 30 19 se
3128 2967 83 27 débar-

2465 3011 100 19 rasser
2578 3004 34 26 de
2627 3011 54 19 son
2693 3002 162 34 pardessus
2864 3004 28 25 et
2901 3001 120 27 enlever
3031 3009 54 19 son
3097 3002 130 35 chapeau

2465 3040 30 24 et
2511 3046 47 20 ses
2575 3040 105 32 gants;
2705 3040 38 28 et,
2767 3046 39 18 au
2826 3040 135 24 moment
2986 3040 39 25 où
3047 3039 51 25 dix
3123 3039 104 26 heures

2466 3074 162 25 sonnaient
2644 3072 58 26 àla
2717 3072 138 33 pendule,
2880 3072 21 26 il
2928 3072 161 34 s'asseyait
3117 3081 53 19 sur
3196 3081 31 18 sa

2465 3109 102 26 chaise
2582 3109 34 26 de
2628 3107 64 26 cuir
2707 3107 112 25 devant
2835 3116 34 18 sa
2882 3107 79 26 table
2978 3107 34 26 de
3025 3109 119 25 travail.
3165 3110 61 26 Une

2465 3143 58 27 fois
2538 3144 87 31 assis,
2639 3143 21 25 il
2675 3150 37 18 ne
2728 3150 30 18 se
2772 3142 93 26 levait
2882 3143 78 34 plus,
2975 3144 30 24 et
3018 3143 30 25 la
3057 3144 125 32 journée
3198 3151 28 19 se

2464 3178 116 34 passait
2590 3178 18 25 à
2622 3177 139 34 expédier
2777 3177 144 33 quelques
2934 3177 135 26 dizaines
3078 3177 34 26 de
3125 3177 102 28 lettres

2464 3222 59 26 que
2538 3222 54 18 son
2608 3213 69 26 chef
2691 3213 34 26 de
2734 3213 115 26 bureau
2858 3210 45 28 lui
2914 3213 161 34 apportait.
3091 3214 39 26 Le
3143 3222 84 26 corps

2464 3248 123 35 penché,
2601 3248 27 26 le
2646 3255 53 19 nez
2714 3255 51 19 sur
2791 3255 56 19 son
2872 3248 113 35 papier,
3007 3248 24 26 il
3058 3252 169 32 promenait

2464 3293 33 18 sa
2516 3286 98 34 plume
2630 3285 35 26 de
2680 3285 91 26 ronde
2784 3293 52 19 sur
2849 3285 26 26 le
2890 3285 103 35 papier
3009 3285 217 27 administratif

2464 3321 28 25 et
2510 3320 86 26 d'une
2613 3320 126 27 écriture
2751 3320 125 33 moulée,
2895 3328 73 18 avec
2985 3328 40 18 un
3045 3320 65 26 soin
3133 3321 76 25 minu-

2464 3357 93 32 tieux,
2575 3357 150 26 exécutait
2741 3357 52 26 des
2809 3357 97 33 pleins
2921 3358 30 24 et
2966 3357 51 25 des
3031 3356 100 32 déliés,
3144 3357 83 26 tirait

2464 3391 52 27 des
2531 3392 103 26 barres
2649 3392 28 26 et
2693 3392 146 26 décrivait
2856 3391 51 27 des
2923 3391 164 26 accolades.
3107 3391 24 26 Il
3154 3391 73 26 était

2463 3428 38 25 né
2517 3429 105 25 artiste
2634 3426 196 34 calligraphe,
2857 3433 115 18 comme
2986 3433 39 18 on
3041 3425 65 26 naît
3123 3426 104 26 artiste

2464 3463 124 33 peintre.
2608 3463 44 26 La
2666 3462 215 34 journée.finie,
2895 3461 26 26 il
2930 3462 141 34 rangeait
3090 3470 54 18 son
3163 3462 48 34 plu-

2464 3497 84 32 mier,
2563 3497 122 27 fermait
2700 3504 56 19 son
2771 3496 94 33 tiroir,
2891 3496 120 27 mettait
3030 3496 28 27 la
3079 3496 57 27 clef
3151 3497 76 26 dans

2464 3541 34 18 sa
2513 3535 103 33 poche,
2634 3542 31 18 se
2680 3534 103 31 levait,
2807 3533 119 35 prenait
2952 3541 46 18 ses
3024 3534 90 33 gants
3130 3535 28 24 et
3174 3541 52 18 son

2464 3568 144 35 chapeau,
2627 3568 154 26 endossait
2797 3575 54 19 son
2864 3568 171 33 pardessus,
3056 3568 171 26 descendait

2464 3612 47 19 ses
2529 3605 76 26 deux
2621 3605 102 31 étages
2738 3604 30 25 et
2784 3602 60 26 s'en
2859 3602 167 25 retournait
3043 3602 70 25 chez
3129 3601 52 26 lui.

2499 3640 24 25 11
2549 3639 83 26 avait
2653 3638 90 33 vingt
2769 3645 54 18 ans
2846 3637 35 26 de
2907 3637 123 30 service,
3053 3638 39 30 et,
3120 3637 105 33 depuis

2463 3674 89 31 vingt
2569 3680 64 24 ans,
2647 3672 22 26 il
2693 3672 81 26 avait
2790 3672 138 33 toujours
2944 3672 74 25 vécu
3035 3671 35 26 do
3085 3671 30 26 la
3130 3672 97 26 même

2463 3710 57 31 vie,
2538 3707 96 28 s'était
2653 3707 137 32 toujours
2806 3706 77 25 assis
2897 3712 52 19 sur
2965 3705 28 26 la
3006 3706 96 26 même
3112 3706 112 34 chaise,

2463 3744 83 26 avait
2561 3743 138 27 travaillé
2724 3750 60 18 aux
2805 3742 112 26 mêmes
2934 3741 107 27 heures
3058 3744 28 25 et
3103 3743 72 27 écrit
3191 3744 35 26 de

2461 3781 30 26 la
2507 3780 93 27 même
2614 3777 135 27 écriture.
2766 3777 26 26 Il
2817 3784 37 19 ne
2869 3777 196 33 connaissait,
3086 3787 37 19 ne
3141 3788 70 27 soup-

2463 3816 122 32 çonnait
2597 3821 53 27 pas
2666 3813 113 26 d'autre
2794 3813 161 33 existence,
2974 3816 28 24 et
3025 3815 21 25 il
3069 3816 74 25 était
3156 3815 53 26 heu-

2461 3859 81 19 reux.
2563 3849 26 26 Il
2609 3848 83 27 avait
2715 3848 81 27 servi
2818 3856 71 19 sous
2910 3849 152 34 plusieurs
3084 3850 139 33 régimes,

2463 3886 81 27 avait
2557 3894 41 18 vu
2616 3883 102 28 défiler
2741 3885 112 27 devant
2875 3886 44 26 lui
2941 3894 41 18 un
2996 3886 123 26 nombre
3133 3885 77 25 incal-

2464 3920 116 27 culable
2595 3920 32 27 de
2644 3921 163 26 ministres.
2836 3920 25 27 Il
2881 3928 35 18 ne
2941 3920 98 26 s'était
3052 3919 110 34 jamais
3180 3919 32 25 de-

2463 3958 109 27 mandé
2596 3958 150 34 pourquoi
2763 3957 40 27 tel
2817 3957 113 33 régime
2944 3954 83 26 avait
3054 3953 170 27 commencé

2463 3997 28 22 et
2503 3993 150 35 pourquoi
2675 3992 21 26 il
2718 3992 84 26 avait
2817 3992 61 28 fini,
2896 3989 150 27 comment
3063 3986 40 26 tel
3118 3989 89 27 minis-

2463 4031 45 25 tre
2522 4030 73 26 était
2609 4036 80 19 venu
2711 4029 27 24 et
2754 4025 150 26 comment
2919 4024 21 25 il
2962 4023 74 25 était
3056 4024 89 33 parti.
3163 4024 63 33 Que

2463 4064 44 26 lui
2517 4063 165 35 importait,
2700 4070 38 18 au
2751 4059 99 27 reste?
2867 4058 32 27 Si
2908 4057 44 26 les
2965 4057 125 28 maîtres
3103 4062 124 26 avaient

2464 4100 129 33 changé,
2621 4098 30 25 la
2676 4096 118 26 maison
2817 4094 106 26 restait
2950 4094 141 35 toujours
3120 4096 104 27 solide.

2464 4135 77 26 Sous
2557 4135 70 25 tous
2648 4133 43 26 les
2719 4130 265 34 gouvernements,
3007 4137 38 20 ne
3070 4131 157 27 l'avait-on

2461 4178 56 27 pas
2542 4168 109 26 félicité
2673 4174 52 19 sur
2750 4173 33 18 sa
2803 4163 119 27 louable
2947 4168 174 26 exactitude
3144 4169 30 25 et
3194 4175 32 19 sa

2463 4204 206 28 merveilleuse
2681 4200 126 27 écriture
2819 4199 13 27 ?

2497 4240 100 32 Quant
2614 4245 58 19 aux
2692 4235 124 34 plaisirs
2836 4238 165 28 extérieurs
3025 4240 28 26 et
3066 4238 159 27 mondains

2461 4277 22 25 il
2498 4274 44 26 les
2556 4271 182 34 dédaignait.
2756 4271 26 27 Il
2802 4272 116 28 n'avait
2936 4283 56 27 pas
3017 4274 45 26 été
3079 4273 73 26 trois
3168 4272 58 26 fois

2461 4318 39 19 au
2516 4309 113 27 théâtre
2646 4299 76 34 dans
2738 4315 35 19 sa
2792 4310 59 32 vie,
2869 4311 28 26 et
2921 4310 30 26 la
2966 4310 110 27 lecture
3091 4309 39 25 du
3144 4307 66 33 jour-

2463 4344 50 27 nal
2529 4345 280 32 gouvernemental,
2826 4344 97 34 grand
2940 4345 118 30 format,
3072 4344 18 25 à
3105 4350 41 19 un
3158 4350 65 26 sou,

2461 4383 28 24 et
2502 4380 31 26 la
2552 4378 198 34 quotidienne
2776 4382 93 34 partie
2893 4381 34 26 de
2947 4380 103 35 piquet
3076 4384 72 19 avec
3170 4385 54 20 son

2460 4415 100 27 voisin
2581 4414 27 28 le
2624 4416 110 27 relieur
2748 4424 38 19 en
2803 4416 139 26 chambre
2957 4415 44 25 lui
3017 4413 132 27 suffisait
3162 4422 43 20 am-

2459 4449 142 37 plement.

2496 4487 158 28 Sébastien
2680 4488 116 26 Bachot
2817 4485 167 28 travaillait
3002 4492 39 20 au
3057 4485 167 34 ministère,

2460 4522 76 28 dans
2552 4533 58 18 une
2633 4525 91 34 petite
2748 4524 81 34 pièce
2854 4520 73 26 dont
2946 4520 43 27 les
3012 4520 130 28 fenêtres
3155 4521 54 27 don-

2460 4560 105 26 naient
2588 4567 52 19 sur
2663 4559 27 26 le
2711 4554 165 31 boulevard
2901 4557 255 27 Saint-Germain.
3178 4558 47 26 En

2461 4596 64 26 face
2541 4596 34 26 de
2588 4596 52 31 lui,
2654 4594 112 26 devant
2779 4599 41 19 un
2837 4592 117 27 bureau
2976 4593 104 34 séparé
3105 4592 39 27 du
3161 4592 65 27 sien

2461 4638 54 27 par
2529 4638 40 19 un
2595 4631 202 33 gigantesque
2822 4629 103 32 casier,
2950 4636 30 19 se
3002 4629 97 26 tenait
3120 4629 106 34 depuis

2461 4665 146 37 quelques
2624 4665 77 27 mois
2722 4658 39 33 M*.
2780 4664 117 27 Gilbert
2915 4663 35 27 de
2974 4663 148 34 Sanceny,
3136 4664 91 32 jeune

2460 4702 157 27 rédacteur
2633 4702 34 26 de
2682 4701 174 34 vingt-cinq
2871 4708 66 25 ans,
2953 4700 128 34 critique
3096 4698 131 27 théâtral

2461 4739 18 25 à
2493 4736 31 27 la
2536 4739 104 25 Revue
2654 4735 155 34 exotique,
2826 4736 107 25 auteur
2947 4735 222 33 dramatique...
3187 4742 37 19 ou

1331 99 198 39 supplément
1547 94 123 34 illustré
1683 94 45 35 du
1744 96 86 35 Petit
1845 98 130 34 Journal

3081 105 24 30 3
