3332 4897
81 149 123 28 crachée
227 149 17 26 à
263 148 31 27 la
320 148 92 27 sortie
441 146 40 26 du
510 146 73 34 pont
608 151 52 28 par
680 150 59 20 une
769 143 61 26 loco-

80 185 115 27 motive
211 191 60 19 aux
286 182 201 28 halètements
503 181 118 32 sourds,
645 180 80 27 lents
738 180 27 26 et
780 187 51 19 rau-

81 228 84 28 ques.

167 255 67 32 Oui,
260 254 156 26 monsieur
438 250 201 30 Lemeun!...
669 252 28 25 et
720 252 30 33 je
769 250 77 26 crois

81 292 74 34 qu'il
167 292 63 26 doit
243 289 129 35 repartir
384 296 56 27 par
451 288 27 26 le
496 296 14 15 «
527 287 39 26 19
581 296 13 15 »
607 286 120 27 demain
738 286 105 26 matin.

116 326 74 27 —Il
206 326 44 34 s'y
261 325 132 31 connaît,
411 324 28 26 le
456 330 87 27 gosse
556 320 53 40 !...
640 321 84 27 Nous
746 320 99 27 allons

83 371 14 17 «
112 371 30 18 re
158 361 111 27 «-boire
293 367 57 19 une
376 358 91 33 bolée,
484 358 80 32 hein,
585 356 185 28 Omnès?...
797 357 48 26 En

81 399 128 26 veux-tu
228 391 107 37 une...
363 394 103 33 espèce
482 393 35 26 de
541 399 122 20 mousse
674 391 13 26 ?
704 399 39 18 on
768 392 28 25 te
814 391 31 26 la

83 433 66 34 paie
162 432 56 28 !...

122 463 41 33 ...
183 468 50 26 Un
255 465 66 27 vrai
335 465 120 31 Breton,
474 464 96 26 môme
585 464 18 25 à
618 463 93 26 douze
728 470 64 25 ans,
810 469 37 20 ne

84 503 98 26 recule
197 502 111 33 jamais
324 502 111 26 devant
450 508 60 19 une
527 498 91 31 bolée,
634 498 111 34 jamais
758 498 6 26 !

118 537 138 27 L'enfant
273 537 94 26 suivit
387 537 45 25 les
445 536 78 25 deux
539 534 148 32 hommes,
703 534 61 26 très
782 534 61 32 fier,

84 575 28 25 et
145 573 72 27 vida
249 574 18 26 à
289 573 104 27 moitié
406 580 35 19 sa
458 570 112 35 grande
599 572 80 24 tasse
706 568 34 26 de
758 568 87 32 cidre,

85 609 70 26 d'un
178 609 120 27 trait...
334 615 52 19 sur
413 607 31 25 la
465 606 81 26 table
569 605 202 34 poisseuse...
798 605 45 25 On

84 645 139 34 l'envoya
237 652 39 19 au
289 645 115 25 bureau
419 643 35 26 de
468 640 90 27 tabac
572 639 148 40 voisin...
739 639 109 32 Quand

85 679 21 27 il
119 680 109 31 revint,
244 679 45 26 les
309 679 78 25 deux
406 678 105 26 brutes
536 676 123 27 avaient
673 677 86 25 versé
776 683 54 26 qua-

84 717 45 25 tre
144 723 100 19 verres
259 716 34 25 de
311 720 115 26 cognac
439 711 76 26 dans
530 710 26 27 le
575 715 78 21 reste
670 710 35 26 de
720 718 33 18 sa
769 710 64 26 bois-

86 758 54 19 son
154 745 5 35 :
176 758 59 18 une
267 750 99 26 subite
393 748 65 26 idée
489 746 34 26 de
549 746 96 34 génie,
660 754 60 19 une
746 745 99 26 bonne

86 788 78 25 farce
180 780 5 37 !
204 795 13 15 «
231 783 119 28 saouler
367 782 60 27 »le
445 780 150 37 gamin...
618 781 38 27 oh
671 782 30 25 là
715 781 31 26 là
758 780 5 37 !
785 780 63 27 cela

86 821 85 26 allait
184 821 60 26 être
261 819 80 27 drôle
354 819 4 28 !

119 856 43 26 Le
176 855 85 34 petit,
278 861 37 19 en
327 855 154 34 reportant
496 854 30 26 la
539 854 80 25 tasse
635 853 18 25 à
669 859 48 20 ses
735 850 110 31 lèvres,

86 892 148 34 s'aperçut
263 891 130 26 aussitôt
416 891 40 25 du
471 892 69 24 tour
554 888 53 34 qui
631 887 44 26 lui
691 886 85 27 avait
803 886 45 26 été

85 927 71 33 joué
168 934 6 21 ;
191 926 85 32 mais,
295 933 53 27 par
363 925 126 33 orgueil,
507 925 22 26 il
549 931 35 19 ne
599 922 137 26 broncha
750 921 96 34 point,

86 961 72 27 vida
174 970 34 19 sa
220 961 91 31 bolée,
326 963 17 24 à
356 960 83 32 fond,
458 959 187 32 bravement,
664 958 182 32 crânement,

86 997 151 32 remercia,
254 999 28 24 et
299 997 61 26 s'en
386 996 59 26 alla
461 996 165 26 au-devant
643 993 34 26 de
703 999 56 19 son
769 992 77 34 père.

120 1033 25 26 Il
158 1041 37 19 ne
224 1033 161 25 rencontra
412 1030 86 35 point
528 1030 27 26 le
582 1028 185 28 mécanicien
796 1028 53 34 qui

86 1069 73 26 était
175 1068 69 34 déjà
257 1068 106 27 arrivé.

119 1104 130 33 Fatigué
278 1103 35 26 de
335 1110 48 19 ses
399 1102 52 26 dix
477 1102 107 26 heures
612 1100 35 25 de
663 1098 122 31 service,
804 1097 31 26 de-

86 1140 83 31 bout,
187 1139 31 26 la
230 1139 103 27 moitié
346 1137 39 26 du
402 1144 86 27 corps
501 1135 111 31 brûlée,
630 1134 106 26 l'autre
748 1133 100 34 glacée

87 1182 53 26 par
162 1174 26 26 le
203 1175 73 25 vent
305 1173 103 34 rapide
437 1173 34 25 de
494 1170 30 26 la
549 1168 130 33 marche,
698 1169 150 31 économe,

89 1218 70 18 sans
176 1209 90 26 sortir
282 1217 34 18 en
344 1207 81 32 ville,
454 1206 133 33 Legoree
615 1205 71 26 était
717 1205 61 26 vite
807 1211 28 18 re-

89 1245 100 26 monté
203 1245 71 26 chez
289 1243 53 31 lui,
360 1251 39 17 au
411 1241 67 34 plus
496 1243 93 28 court,
618 1247 54 27 par
686 1246 44 19 un
758 1239 90 26 étroit

90 1280 110 25 sentier
216 1280 131 32 coupant
364 1278 27 26 le
419 1277 125 27 remblai
560 1277 35 26 de
609 1276 31 26 la
654 1276 78 31 voie,
749 1273 100 35 pressé

90 1316 34 26 de
139 1323 32 18 se
184 1315 84 26 laver
280 1315 28 25 et
321 1313 34 26 de
372 1312 119 27 dormir.

123 1350 60 26 Son
204 1349 155 27 chauffeur
387 1349 84 26 avait
497 1348 107 27 remisé
634 1355 39 18 au
699 1344 89 34 dépôt
817 1351 32 18 sa

90 1385 137 27 machine
237 1394 7 21 ;
260 1385 30 26 la
305 1384 139 27 machine
455 1384 96 25 3672.

125 1495 47 26 Ah
183 1488 5 40 !
206 1501 57 27 que
285 1493 27 26 le
328 1493 76 34 petit
418 1491 185 28 Jean-Marie
619 1489 30 26 la
665 1488 187 27 connaissait

91 1532 78 30 bien,
180 1532 76 25 cette
274 1526 184 28 machine-là
467 1524 5 38 !
494 1526 67 32 Lui,
576 1525 27 26 le
619 1525 69 33 gâté
702 1524 34 26 de
751 1525 99 25 toutes

91 1569 28 24 et
132 1566 34 25 de
182 1567 77 30 tous,
278 1571 38 19 on
332 1564 26 26 le
369 1563 120 26 laissait
504 1563 99 24 entrer
625 1567 39 18 au
684 1559 98 34 dépôt,
798 1566 54 27 par

90 1610 43 18 un
146 1607 129 28 passage
295 1598 119 26 réservé
437 1604 60 19 aux
513 1596 201 34 employés,—
728 1594 61 26 bah
798 1594 5 41 !

91 1643 113 19 comme
221 1643 38 19 on
275 1633 131 26 autorise
430 1632 44 26 les
496 1631 123 26 enfants
639 1630 51 26 des
704 1630 149 26 châteaux

91 1674 17 24 à
123 1671 105 25 visiter
241 1669 44 26 les
300 1669 137 26 chevaux
451 1668 34 26 de
508 1667 80 27 leurs
604 1674 105 27 papas,
723 1665 130 34 puisque

91 1707 43 26 les
156 1706 97 27 valets
282 1703 126 27 d'écurie
433 1704 69 24 sont
523 1710 39 18 ou
586 1701 124 26 doivent
732 1701 60 26 être
821 1701 32 25 là

91 1749 74 27 pour
181 1740 73 35 qu'il
267 1740 50 33 n'y
331 1740 43 25 ait
385 1747 54 26 pas
456 1736 189 28 d'accidents.

124 1778 45 26 La
182 1775 139 27 machine
338 1775 105 25 3672!

124 1811 184 28 Jean-Marie
315 1809 135 27 tournait
457 1811 117 27 autour,
586 1806 148 35 guilleret,
741 1807 113 26 faisant

91 1847 138 27 l'homme
246 1847 28 25 et
285 1846 26 26 le
326 1845 206 31 connaisseur,
549 1844 157 26 sifflotant.

124 1881 151 28 Etait-elle
291 1881 151 30 brillante,
457 1879 143 31 luisante,
619 1885 72 19 avec
716 1885 34 19 sa
764 1877 72 27 chau-

92 1918 77 27 dière
182 1918 118 33 géante,
315 1919 47 24 seà
378 1923 87 20 roues
480 1917 146 28 énormes,
645 1922 46 18 ses
717 1920 70 26 gros
806 1920 33 26 cy-

91 1954 123 31 lindres,
230 1959 47 19 ses
293 1951 118 26 cuivres
428 1949 181 27 semblables
620 1949 17 26 à
658 1949 33 26 de
716 1948 61 32 l'or,
808 1956 46 19 ses

91 1989 126 33 longues
233 1988 104 26 barres
352 1987 106 26 d'acier
480 1985 91 26 blanc
592 1984 126 26 tendues
741 1990 113 19 comme

91 2026 44 25 les
146 2023 117 34 jambes
280 2022 70 26 d'un
365 2028 57 28 pur
435 2028 77 26 sang
528 2028 38 19 au
579 2021 97 33 galop.

130 2082 40 5 ...
190 2059 39 27 Et
241 2059 27 26 le
282 2057 122 35 poitrail
420 2056 35 26 de
476 2063 47 19 ses
537 2055 78 26 deux
640 2056 143 33 tampons
793 2054 5 40 _
813 2054 28 33 gi-

92 2096 194 32 gantesques,
304 2100 35 19 en
357 2093 93 26 avant
458 2089 5 39 !
482 2091 58 31 Qui
550 2091 76 26 donc
647 2089 168 26 résisterait
837 2091 18 24 à

92 2138 54 19 son
163 2130 72 27 choc
250 2127 129 28 colossal
391 2127 53 28 !...

132 2189 38 6 ...
190 2164 183 27 Jean-Marie
390 2170 35 19 ne
439 2161 102 27 savait
566 2169 30 19 ce
621 2160 73 34 qu'il
718 2160 131 27 avait...

92 2200 105 26 C'était
214 2199 80 26 drôle
313 2196 4 31 :
333 2198 39 26 du
386 2198 50 26 feu
444 2197 44 26 lui
503 2197 116 26 courait
632 2196 77 27 dans
723 2196 44 26 les
795 2196 45 26 vei-

91 2243 63 25 nes,
171 2236 51 26 des
231 2235 107 26 éclairs
348 2233 44 26 lui
407 2233 156 34 passaient
579 2231 77 26 dans
670 2230 44 26 les
724 2238 125 26 yeux...

130 2265 40 38 .(.
190 2270 26 26 Il
231 2275 35 21 né
283 2269 126 34 pouvait
425 2275 33 20 se
463 2265 184 38 contenir...
665 2267 25 25 Il
702 2267 26 25 le
738 2265 113 27 fallait:

138 2314 58 19 une
210 2306 126 30 minute,
348 2311 59 18 une
423 2304 117 25 minute
554 2310 39 18 au
607 2302 109 32 moins,
777 2301 77 26 luisi

91 2340 193 28 raisonnable
300 2339 187 27 d'habitude!
556 2344 107 19 envers
684 2339 28 25 et
739 2336 115 33 malgré

92 2380 76 28 tout,
230 2376 22 25 il
267 2374 118 27 voulait
402 2375 117 24 monter
534 2380 51 19 sur
600 2373 30 26 la
644 2372 89 32 Nuit,
804 2380 50 18 car

91 2412 56 26 elle
161 2411 157 34 s'appelait
332 2409 30 25 la
374 2409 89 30 Nuit,
478 2408 30 25 la
521 2408 87 25 3672
625 2409 9 22 !

131 2441 40 35 ...
189 2446 117 25 Autour
322 2445 34 26 do
371 2444 53 32 lui,
436 2444 22 25 il
471 2443 129 34 regarda
611 2441 204 26 furtivement.

126 2483 73 27 Très
228 2481 72 31 loin,
331 2479 126 27 derrière
489 2478 45 27 les
565 2477 129 33 tenders,
723 2484 43 20 un
789 2477 65 27 seul

92 2518 119 26 homme
227 2516 97 27 vidait
335 2523 59 19 une
423 2516 90 31 fosse,
541 2522 54 27 par
613 2512 139 35 pelletées
771 2515 67 24 auto-

92 2555 200 33 matiques...
321 2551 45 26 lui
385 2551 148 25 tournant
553 2549 26 26 le
593 2549 64 26 dos.
678 2548 116 32 C'était,
815 2548 39 27 du

92 2590 86 31 reste,
195 2595 58 19 une
268 2588 52 26 des
338 2587 107 26 heures
469 2585 44 26 les
528 2584 69 34 plus
619 2583 136 35 propices
770 2583 35 26 de
823 2583 31 26 la

92 2624 133 34 journée,
234 2622 111 26 l'heure
358 2621 94 26 calme
463 2621 34 26 de
510 2620 77 34 répit
600 2621 84 25 entre
694 2619 44 26 les
745 2619 107 31 trains,

92 2661 38 25 où
145 2660 44 26 les
204 2659 154 34 employés
381 2656 125 26 allaient
523 2654 92 26 boire.
639 2654 48 25 Au
706 2653 76 30 loin,
795 2660 59 18 une

93 2694 138 27 sonnerie
260 2693 171 32 électrique,
462 2688 223 30 tremblotante,
703 2686 154 33 indiquait

93 2731 93 33 qu'un
201 2727 102 34 signal
318 2726 73 26 était
406 2725 141 39 fermé...

129 2765 45 25 En
198 2764 79 26 deux
287 2760 107 31 bonds,
411 2758 184 27 Jean-Marie
613 2757 118 35 grimpa
751 2764 52 20 sur
827 2756 30 27 la

94 2798 189 28 locomotive.

130 2835 122 26 Comme
276 2839 38 19 on
328 2832 73 26 était
431 2831 70 26 bien
524 2830 30 26 là
573 2829 5 34 !
612 2829 74 33 Quel
715 2829 116 34 orgueil
848 2829 6 26 !

97 2875 52 21 sur
161 2869 30 26 VA
201 2868 79 27 Nuit
289 2871 11 24 !
313 2868 105 27 C'était
433 2868 45 26 lui
491 2868 52 33 qui
562 2865 83 32 était,
665 2872 34 18 en
730 2872 30 19 ce
794 2872 40 19 mo-

97 2908 87 25 ment.
202 2904 27 27 le
242 2904 109 26 maître
366 2903 34 26 de
417 2903 30 25 la.
456 2903 79 25 Nuit
548 2904 11 22 !

136 2963 40 5 ...
188 2940 77 27 Sans
280 2940 92 32 bruit,
389 2939 22 26 il
426 2939 102 25 ouvrit
540 2937 31 26 la
583 2939 83 32 porte
691 2935 40 26 du
756 2935 94 34 foyer.

94 2976 45 26 Oh
150 2978 6 25 !
182 2983 58 26 que
255 2974 64 27 cela
331 2974 74 26 était
422 2973 99 26 chaud
534 2973 6 25 !
556 2972 103 31 Quelle
679 2972 155 26 fournaise
849 2972 5 38 !

94 3012 83 26 Cette
191 3009 123 33 aiguille
328 3009 40 25 du
384 3008 196 30 manomètre,
593 3006 26 26 le
635 3006 111 26 niveau
758 3006 94 32 d'eau,

94 3046 81 27 voilà
203 3052 31 19 ce
248 3044 74 35 qu'il
334 3044 99 26 fallait
449 3051 37 19 ne
501 3043 85 34 point
600 3043 104 34 perdre
738 3040 34 26 de
788 3050 66 24 vue,

94 3090 37 19 en
145 3089 86 19 cours
248 3080 34 26 de
296 3080 85 25 route
396 3079 6 26 !
417 3080 30 24 et
461 3078 43 26 les
528 3078 72 26 rails
628 3078 86 31 donc,
735 3077 122 27 'devant

96 3117 53 32 soi,
177 3117 18 26 à
209 3118 117 25 travers
341 3123 48 19 ces
405 3122 122 27 grosses
544 3113 100 34 glaces
669 3111 118 32 rondes,
819 3119 38 18 au

96 3152 102 27 milieu
214 3152 51 26 des
280 3150 146 32 ténèbres,
444 3151 122 24 surtout
579 3149 4 33 !

135 3188 94 27 ...Et-
250 3188 63 26 dire
332 3185 73 35 qu'il
433 3185 51 33 n'y
506 3184 102 27 aurait
639 3183 69 35 qu'à
735 3185 123 25 tourner

94 3223 26 26 le
136 3223 105 26 volant
270 3222 38 26 du
326 3222 195 32 chargement
533 3221 34 26 de
588 3220 131 32 marche,
737 3221 18 24 à
787 3219 71 27 tirer

96 3260 190 33 légèrement,
302 3256 39 32 là,
358 3265 52 18 sur
423 3255 26 26 le
457 3254 196 33 régulateur,
663 3270 33 2 —
711 3256 77 25 cette
795 3254 46 33 poi-

97 3295 72 33 gnée
184 3293 70 34 plus
270 3293 131 26 luisante
417 3299 58 26 que
494 3293 66 22 tout
586 3291 27 25 le
632 3293 86 28 reste,
791 3291 66 25 cela

96 3328 193 28 marcherait
299 3330 11 22 !
319 3328 12 24 !
338 3328 12 24 !

169 3364 61 30 .Un
255 3371 58 27 peu
324 3359 5 39 !
359 3370 43 19 un
415 3360 76 37 petit
506 3369 58 27 peu
586 3359 181 27 seulement!
782 3366 76 27 pour

96 3409 129 26 essayer,
250 3406 77 26 pour
356 3397 74 27 faire
457 3404 130 19 avancer
618 3397 31 26 la
672 3397 89 25 3672
785 3396 71 26 d'un

97 3437 90 25 mètre
206 3436 4 26 !

136 3502 40 35 ...
196 3504 50 27 Un
260 3506 41 32 jet
315 3504 34 25 de
365 3511 115 25 vapeur
493 3503 64 25 !un
582 3503 84 25 autre
678 3502 71 25 !un
772 3503 84 24 autre

97 3541 67 35 plus
181 3540 53 32 vif,
250 3539 69 34 plus
334 3539 60 26 fort
407 3536 5 40 !
436 3546 43 18 un
501 3536 190 27 crachement
717 3537 141 33 puissant

97 3578 34 26 de
148 3575 107 31 fumée,
274 3581 115 20 comme
404 3573 85 26 lancé
509 3580 54 27 par
579 3573 44 26 les
639 3579 135 19 naseaux
788 3572 70 26 d'un

97 3613 202 33 gigantesque
332 3609 110 32 étalon,
472 3608 30 26 la
529 3607 103 27 lourde
663 3614 100 19 masse
789 3606 70 26 s'est

97 3646 145 32 ébranlée,
259 3645 92 33 roule,
369 3646 64 26 sort
448 3645 39 26 du
502 3645 98 33 dépôt.

136 3677 40 40 ...
193 3683 48 27 Un
256 3681 137 35 employé
407 3689 31 19 se
451 3683 118 24 montre
583 3686 39 19 au
634 3678 72 27 loin.
718 3677 139 28 L'enfant

97 3718 92 33 prend
204 3726 81 26 peur,
306 3717 104 31 hésite,
432 3723 31 20 se
491 3716 128 32 trouble,
651 3715 119 26 devient
794 3716 61 30 fou,

97 3756 72 22 veut
182 3754 76 26 faire
273 3752 137 27 machine
424 3759 38 18 en
477 3751 118 31 arrière,
613 3757 31 19 se
658 3752 125 31 trompe,
802 3749 54 26 tire

98 3788 34 26 de
149 3789 99 25 toutes
263 3795 47 19 ses
325 3788 93 26 forces
436 3795 51 19 sur
500 3787 27 26 le
550 3785 93 27 levier
659 3784 195 27 étincelant...

137 3821 40 34 ...
195 3821 120 27 Comme
326 3830 71 18 sous
410 3821 168 27 d'irritants
589 3828 91 27 coups
693 3821 162 33 d'éperons,

97 3859 30 26 la
141 3859 80 26 Nuit
236 3856 172 28 s'élance...

132 3894 46 27 Oh
189 3889 5 38 !
211 3900 58 27 que
283 3899 33 20 sa
327 3891 109 34 charge
449 3893 45 24 est
507 3892 99 33 légère
619 3892 54 27 !...
690 3892 46 26 En
750 3892 92 26 avant
850 3889 5 38 !

98 3932 18 25 à
130 3932 83 25 toute
228 3930 113 26 vitesse
356 3927 54 26 !...
435 3925 65 27 Elle
528 3927 52 31 qui
608 3930 45 21 est
679 3926 142 26 habituée
841 3927 18 24 à

97 3965 83 27 voler
195 3971 116 20 comme
332 3971 40 19 un
398 3961 83 32 trait,
498 3961 97 26 même
619 3969 73 18 avec
717 3960 52 26 des
790 3964 67 22 cent

98 4000 81 26 mille
195 4003 28 24 et
240 4000 52 26 des
306 4000 66 26 cent
389 3997 80 27 mille
498 3997 146 27 kilos!...
672 3996 46 26 En
744 3997 111 25 avant!

100 4043 35 19 en
149 4037 92 25 avant
254 4036 53 27 !...
327 4035 190 27 Maintenant
528 4032 56 27 elle
594 4031 116 32 hennit,
722 4030 54 26 elle
788 4030 57 26 s'ex-

100 4070 65 31 cite,
176 4070 56 25 elle
246 4071 100 33 glisse,
365 4069 54 27 elle
436 4069 57 32 file,
509 4069 135 34 joyeuse,
661 4068 123 37 libre...

139 4127 45 5 ....
198 4104 129 35 Surpris,
345 4104 183 34 l'aiguilleur
554 4104 51 26 des
626 4103 76 26 trois
722 4102 118 27 embran-

102 4140 154 27 chements
275 4140 34 27 de
337 4140 94 33 Brest,
450 4140 35 27 de
511 4140 105 27 Bedon
645 4141 28 24 et
700 4139 35 26 de
761 4139 98 26 Saint-

100 4174 90 32 Malo,
209 4181 31 18 se
254 4174 72 32 jette
338 4176 106 26 dehors
461 4175 34 26 de
511 4183 34 18 sa
563 4174 126 34 guérite.

133 4211 104 26 Avant
254 4209 72 32 qu'il
341 4211 43 25 ait
409 4219 40 26 pu
476 4211 142 34 dépluyer
645 4217 54 19 son
726 4209 131 33 drapeau

100 4244 141 38 rouge...
262 4244 132 33 pendant
407 4245 93 33 qu'un
524 4245 154 27 sous-chef
694 4244 34 27 de
745 4251 79 26 gare,
842 4245 17 25 à

100 4281 156 35 casquette
273 4278 137 32 blanche,
426 4279 106 33 là-bas,
560 4280 137 32 derrière,
717 4280 78 33 agite
813 4286 46 19 ses

98 4319 71 26 bras
181 4313 203 32 follement...
405 4313 56 26 elle
484 4323 18 17 a
530 4317 117 26 franchi
677 4317 99 26 toutes
791 4315 51 26 bar-

99 4355 100 31 rières,
231 4355 69 25 tous
332 4349 131 34 signaux
493 4352 146 27 sacrés...
672 4350 56 27 elle
744 4358 18 18 a
777 4349 81 27 suivi

98 4389 45 27 les
151 4388 73 27 rails
241 4384 317 38 réglementairement
580 4385 112 34 dirigés
715 4394 52 19 sur
781 4385 30 26 la
826 4385 22 25 li-

98 4433 58 25 gne
172 4424 35 26 de
231 4419 230 39 Sainl-Ma10...
496 4421 30 24 et
546 4419 54 26 elle
614 4421 57 26 fuit
686 4428 116 19 comme
820 4427 39 20 un

98 4460 214 25 tourbillon...

133 4495 40 26 Le
188 4495 72 26 vieil
273 4493 163 37 aiguilleur
451 4493 47 26 n'a
508 4499 37 20 eu
553 4496 57 28 que
622 4488 27 28 le
660 4492 97 33 temps
770 4492 34 26 de
817 4499 28 19 re-

99 4532 154 26 connaître
269 4538 38 19 au
322 4537 141 28 passage,
467 4526 150 28 —debout
622 4525 18 26 à
648 4525 30 26 la
685 4525 81 34 place
777 4526 67 26 habi-

97 4565 92 27 tuelle
204 4566 34 26 de
254 4573 54 19 son
324 4566 77 33 père,
469 4564 27 26 le
511 4564 76 34 petit
602 4561 183 27 Jean-Marie
808 4563 35 25 Le-

98 4609 96 26 gorec,
209 4602 116 33 pétrifié
354 4599 230 35 d'impuissante
615 4599 163 25 terreur...
794 4597 67 34 pâle

98 4643 113 19 comme
227 4643 43 19 un
285 4636 76 34 petit
374 4636 138 31 cadavre,
529 4633 152 27 semblant
699 4632 162 26 demander

97 4672 115 33 pardon
227 4674 30 25 et
272 4678 130 24 secours,
418 4670 35 26 de
470 4677 48 19 ses
534 4669 113 34 grands
665 4676 80 27 yeux
765 4668 77 27 déme-

97 4708 154 26 surément
274 4708 133 27 ouverts,
424 4714 48 19 ses
484 4706 90 34 longs
589 4704 137 27 cheveux
739 4704 122 27 flottant

97 4749 35 19 on
149 4743 118 27 arrière,
286 4742 76 26 dans
377 4741 31 26 la
420 4741 149 28 fumée...

922 143 78 26 Loin
1016 143 77 33 déjà,
1117 143 67 26 tout
1201 141 109 31 là-bas,
1328 148 40 19 on
1384 139 156 33 distingue
1567 138 85 26 aussi

889 178 52 26 des
957 177 196 27 surveillants
1169 176 34 27 de
1217 176 31 26 la
1267 176 66 26 voie
1350 176 60 33 qui,
1429 175 44 26 les
1486 175 70 26 bras
1571 174 81 27 levés

889 221 39 19 ou
943 214 64 26 leur
1019 214 131 33 drapeau
1175 214 18 25 à
1222 211 32 26 la
1279 211 92 31 main,
1391 209 191 34 gesticulent,
1599 216 34 27 pa-

889 249 130 26 raissent
1035 255 125 28 pousser
1175 247 52 26 des
1243 247 107 37 cris...

925 285 78 26 Mais
1029 285 53 34 qui
1109 283 76 27 donc
1208 282 112 27 oserait
1349 289 32 19 se
1395 282 76 33 jeter
1486 280 113 27 devant
1620 287 32 19 ce

889 319 171 27 Léviathan
1077 319 132 34 emporté
1221 318 46 27 ?...
1284 318 57 32 Qui
1355 318 61 27 ?...
1436 317 159 27 Comment
1610 314 44 26 lui

889 357 103 25 sauter
1006 357 18 25 à
1039 356 30 26 la
1082 354 124 27 crinière
1215 352 13 27 ?
1244 352 27 27 le
1286 353 152 26 maîtriser
1449 352 60 28 ?...
1531 351 26 27 Il
1573 351 51 33 n'y
1637 358 17 19 a

889 391 66 34 qu'à
972 391 138 26 s'écarter
1121 397 38 20 au
1169 390 69 34 plus
1252 389 71 27 vite.
1332 389 89 27 Place
1434 386 56 30 !...

924 425 38 26 Et
977 425 30 26 la
1020 426 80 26 Nuit
1116 432 97 28 passe,
1228 424 77 26 dans
1324 431 43 19 un
1391 423 204 33 rugissement
1619 422 35 26 de

889 462 104 27 défi...

1247 504 53 26 ***

924 552 43 27 Le
980 552 152 27 sous-chef
1146 552 34 26 de
1198 557 70 27 gare
1284 550 35 25 de
1332 548 120 27 Rennes
1469 547 71 26 s'est
1563 546 77 34 préci-

891 586 63 35 pité
967 595 39 18 au
1020 586 223 35 télégraphe...

925 622 39 26 Sa
980 622 126 35 dépêche
1127 624 45 25 est
1201 622 15 25 à
1241 621 87 34 peine
1351 619 164 27 transmise
1544 626 58 26 que
1628 617 27 27 le

891 658 67 26 chef
973 658 34 26 de
1022 665 70 26 gare
1110 658 33 26 de
1166 658 109 26 Betton
1300 656 28 35 (à
1342 654 72 35 quoi
1436 654 122 26 servent
1585 654 70 24 tous

889 692 44 27 les
948 693 132 33 signaux
1102 693 110 26 fermés
1222 691 18 35 !)
1267 691 65 27 voit
1362 690 135 26 accourir
1520 687 31 26 la
1576 686 79 27 Nuit

889 736 117 19 comme
1018 736 43 19 un
1076 736 184 26 ouragan...

926 764 61 31 Que
1003 764 84 32 faire,
1101 771 71 19 mon
1187 763 77 26 Dieu
1276 762 56 27 !...
1349 761 31 28 Si
1389 759 126 27 l'enfant
1530 758 125 35 pouvait

891 800 168 26 seulement
1071 798 136 33 ralentir,
1234 804 157 20 renverser
1417 796 30 25 la
1470 802 115 27 vapeur
1594 795 57 28 !...

891 834 57 27 Lui
964 834 65 26 seul
1041 836 71 32 peut
1123 834 136 34 dompter
1273 834 26 26 le
1316 833 182 26 monstre...
1518 830 45 26 On
1572 829 27 26 le
1610 829 44 26 lui

892 869 106 28 crie...
1019 878 39 19 on
1072 869 27 26 le
1110 869 44 26 lui
1169 868 85 27 hurle
1266 868 54 27 !...

926 905 228 27 Vainement!...
1172 905 200 33 Mugissante,
1383 900 132 33 terrible,
1528 900 30 26 la
1567 900 87 26 3672

891 943 46 24 est
951 941 137 33 passée...

926 977 24 25 E
979 976 71 27 c'est
1065 977 28 25 la
1109 976 67 27 voie
1195 973 163 35 unique!...
1376 972 38 26 Et
1436 971 22 26 il
1478 971 51 34 n'y
1551 978 17 19 a
1589 970 66 34 plus

892 1011 110 34 qu'une
1018 1019 70 25 gare
1110 1012 94 25 avant
1228 1017 58 19 une
1312 1009 157 26 rencontre
1491 1005 164 27 inévitable

892 1054 73 20 avec
986 1046 26 26 le
1025 1046 81 26 train
1122 1046 34 27 22
1180 1045 34 26 de
1237 1050 174 28 voyageurs
1426 1043 80 34 parti
1530 1042 107 26 mainte-

894 1083 74 25 nant
981 1082 34 26 de
1025 1082 172 33 Combourg
1208 1081 4 34 !

928 1116 45 26 Oh
981 1113 5 34 !
1006 1116 76 27 Dieu
1091 1113 5 34 !
1122 1116 30 26 la
1175 1115 91 32 seule,
1280 1114 187 27 l'inévitable
1489 1113 132 27 décision
1638 1113 17 25 à

891 1153 136 34 prendre,
1045 1160 71 19 sous
1131 1153 86 33 peine
1233 1152 34 26 de
1284 1149 142 27 crime!...

973 1187 41 26 Le
1032 1187 208 34 télégraphe...
1260 1193 115 20 encore.

973 1222 128 26 Chef!..:
1134 1221 116 27 chef!...
1284 1220 151 26 sûreté!...
1467 1218 113 27 vite!...
1607 1218 32 26 Ai-

894 1258 109 33 guillez
1019 1265 53 19 sur
1084 1258 148 26 buttoir...
1254 1257 91 26 faites
1361 1254 141 27 dérailler
1517 1252 138 27 machine

893 1293 181 34 échappée...

974 1329 33 26 B.
1023 1329 31 27 G.
1072 1329 118 32 (Bien...
1209 1326 138 34 Compris
1362 1326 19 34 !)

933 1395 41 35 ...
993 1400 87 26 Trois
1107 1400 145 31 hommes,
1278 1397 52 26 des
1348 1397 152 33 drapeaux
1514 1402 110 26 rouges
1641 1395 17 26 à

893 1434 30 26 la
939 1434 91 26 main.
1050 1435 85 26 Deux
1156 1434 53 34 qui
1226 1434 52 26 ont
1307 1440 92 20 couru
1430 1440 37 18 en
1494 1433 103 28 avant,
1623 1429 34 27 de

894 1470 115 34 chaque
1023 1470 63 26 côté
1100 1470 34 26 de
1144 1470 30 25 la
1193 1469 91 34 ligne,
1303 1476 74 26 pour
1394 1467 28 26 la
1436 1467 103 31 l'orme,
1556 1466 84 26 hélas
1650 1465 5 40 !

893 1506 79 26 C'est
983 1506 26 26 le
1024 1506 67 26 chef
1114 1506 33 26 de
1175 1512 70 26 gare
1274 1505 34 25 de
1336 1501 321 28 Saint-Germain-sur-

893 1540 53 27 Ille
963 1543 28 24 et
1006 1548 54 18 son
1076 1540 224 27 facteur-mixte
1311 1546 6 24 ;
1342 1538 116 31 l'autre,
1485 1545 37 19 en
1547 1537 107 26 blouse

893 1576 97 32 bleue,
1017 1577 17 25 à
1062 1577 30 26 la
1117 1577 154 33 casquette
1299 1574 34 25 de
1359 1574 64 25 cuir
1446 1571 117 32 bouilli,
1628 1578 30 19 ce

894 1611 91 26 vieux
997 1611 53 34 qui
1063 1611 84 26 vient
1160 1610 34 26 de
1209 1610 123 26 tourner
1342 1617 43 18 un
1393 1607 93 27 levier
1501 1607 156 25 maintenu

895 1646 87 27 d'une
998 1654 104 26 grosse
1128 1645 84 27 main
1241 1643 138 32 calleuse,
1447 1643 107 32 auprès
1571 1642 86 26 d'une

894 1682 93 26 touffe
1017 1681 165 27 admirable
1212 1680 34 27 de
1277 1678 105 34 genêts
1404 1685 61 18 aux
1480 1677 90 26 fleurs
1586 1676 71 32 d'or,

895 1717 70 27 c'est
978 1716 189 32 l'exécuteur,
1181 1716 27 26 le
1225 1716 167 25 bourreau.

931 1753 44 27 La
990 1753 92 26 voici!
1098 1753 30 26 la
1143 1753 65 26 bête
1222 1752 223 28 monstrueuse,
1460 1747 158 34 emportée,
1630 1747 27 26 la

895 1788 67 27 bête
978 1787 156 32 infernale,
1154 1787 146 26 courbant
1325 1785 110 27 l'herbe
1457 1791 52 19 sur
1522 1791 56 19 son
1593 1789 48 27 pas-

898 1831 81 27 sage,
992 1824 115 26 faisant
1126 1821 230 31 tourbillonner,
1388 1819 126 28 derrière
1544 1818 65 32 elle,
1630 1818 27 26 la

895 1858 154 37 poussière
1063 1860 30 24 et
1102 1858 44 26 les
1167 1858 91 34 petits
1271 1857 141 27 cailloux.

937 1889 40 38 ...
997 1893 273 30 Instinctivement,
1285 1891 26 27 le
1324 1891 76 35 petit
1414 1890 183 27 Jean-Marie
1606 1889 34 27 Le-

898 1937 86 27 gorec
1009 1937 17 18 a
1052 1929 66 27 levé
1147 1936 47 19 ses
1221 1929 70 25 bras
1318 1935 39 18 au
1383 1926 64 26 ciel.
1479 1925 53 34 (La
1557 1925 100 34 pieuse

898 1967 158 30 Bretonne,
1075 1972 33 18 sa
1120 1964 89 31 mère,
1226 1963 18 25 à
1259 1962 122 34 présent
1394 1962 129 31 là-haut,
1544 1961 43 26 lui
1610 1968 32 26 ap-

896 2001 118 34 prenait
1029 2001 79 26 ainsi
1121 2001 17 25 à
1153 2000 79 34 prier
1246 1997 112 35 quand,
1376 1998 69 25 tout
1465 2003 65 19 rose
1556 1997 28 24 et
1604 1995 35 26 mi-

899 2043 90 27 gnon,
1004 2034 22 26 il
1041 2035 126 26 souriait
1182 2042 52 18 sur
1248 2041 47 19 ses
1311 2031 142 35 genoux.)
1474 2031 45 26 On
1541 2030 39 26 l'a
1605 2039 51 22 vu,

896 2073 22 26 il
932 2080 18 17 a
965 2069 93 27 voulu
1074 2072 61 25 dire
1167 2069 129 35 quelque
1325 2067 98 32 chose,
1454 2067 137 31 croit-on,
1623 2073 34 19 sa

896 2106 116 27 bouche
1039 2106 69 26 s'est
1137 2105 209 30 entr'ouverte,
1377 2102 77 26 mais
1479 2109 38 18 on
1532 2101 48 26 n'a
1594 2101 63 26 rien

896 2140 180 30 entendu...
1098 2148 47 19 ses
1166 2140 135 27 cheveux
1323 2138 110 26 blonds
1454 2138 198 26 flottaient...

896 2177 196 27 flottaient...

935 2235 41 7 ...
997 2210 78 27 C'est
1103 2211 123 28 fait!...
1258 2210 31 26 la
1316 2210 80 26 Nuit
1434 2217 18 19 a
1476 2207 181 28 abandonné

895 2249 31 26 la
939 2248 81 34 ligne
1036 2246 110 27 directe
1160 2256 6 18 :
1183 2246 56 27 elle
1254 2255 17 18 a
1284 2245 63 34 pris
1357 2245 30 25 la
1400 2244 92 35 petite
1507 2244 67 25 voie
1585 2243 58 26 obli-

896 2290 67 28 que,
983 2289 57 19 aux
1056 2282 72 26 rails
1140 2282 131 32 rouilles,
1286 2282 112 32 longue
1413 2281 34 25 de
1472 2278 52 27 400
1545 2280 112 25 mètres

896 2320 66 26 tout
979 2326 37 17 au
1030 2316 78 34 plus.

934 2352 43 31 ...
999 2353 84 27 Deux
1098 2352 206 28 secondes!...

998 2412 46 39 Ùn
1062 2431 74 26 coup
1153 2422 33 25 de
1200 2420 92 27 bélier
1304 2419 228 27 assourdissant
1545 2412 38 45 !..
1596 2418 61 27 .des

896 2459 146 28 madriers
1070 2458 105 32 brisés,
1193 2458 50 26 des
1272 2464 162 20 morceaux
1455 2454 35 27 de
1513 2453 45 27 fer
1581 2460 61 19 arra-

896 2497 117 26 chés...
1035 2494 28 26 la
1093 2497 76 24 terre
1193 2492 202 32 bouleversée,
1415 2491 139 33 ravagée,
1571 2490 72 26 fouil-

895 2532 53 31 lée,
965 2533 27 24 et
1011 2530 32 26 la
1067 2530 80 26 Nuit
1170 2536 31 20 se
1230 2528 159 35 couche...
1410 2528 76 25 dans
1502 2533 43 19 un
1560 2532 97 27 nuage

896 2569 35 25 de
947 2574 115 27 vapeur
1076 2568 28 24 et
1121 2565 34 26 de
1167 2564 164 35 poussière.

932 2603 57 25 Les
1006 2608 170 26 voyageurs
1201 2601 39 25 du
1271 2600 81 25 train
1377 2598 37 27 22
1449 2600 70 25 sont
1537 2597 119 31 sauvés,

896 2639 79 25 mais
997 2636 22 25 il
1048 2644 20 25 y
1097 2644 18 17 a
1137 2635 39 32 là,
1194 2642 38 19 en
1258 2634 132 31 bouillie,
1408 2641 71 19 sous
1493 2634 45 25 les
1553 2633 104 33 genêts

899 2667 107 35 d'or...
1028 2678 41 17 un
1082 2670 74 32 petit
1172 2669 125 25 cadavre
1315 2676 38 17 au
1368 2668 105 25 milieu
1489 2668 51 25 des
1558 2667 99 25 débris

900 2707 27 25 et
944 2705 40 26 du
998 2704 132 25 charbon
1147 2704 129 25 fumant.

1382 2770 98 25 Pierre
1495 2769 77 26 Doo.

896 2926 104 64 lOTS
1013 2910 158 76 CARRÉS
1180 2911 480 78 COHllïßl§lS(illiltS)

991 3130 45 19 Des
1049 3126 170 22 sourds-muets
1234 3124 90 21 célébré
1337 3123 144 20 instituteur.

1030 3156 33 19 De
1081 3154 99 21 Cicéron
1193 3152 52 20 telle
1257 3151 58 21 était
1325 3149 154 26 l'éloquence.

1024 3182 31 20 Ce
1069 3182 57 19 dont
1137 3184 31 15 au
1182 3178 76 25 bagne
1271 3182 31 15 011
1315 3178 52 18 sent
1380 3175 22 20 la
1417 3176 133 25 pesanteur.

1029 3208 57 20 Plus
1098 3207 56 20 d'un
1167 3204 48 26 agit
1228 3208 56 15 avec
1297 3201 197 26 inconséquence.

1024 3233 84 26 Quand
1123 3234 50 22 trop
1186 3230 99 20 souvent
1297 3234 32 14 on
1341 3229 89 26 change
1441 3228 26 20 de
1482 3227 89 27 métier,

992 3262 19 20 Il
1024 3262 35 19 est
1069 3259 89 21 certain
1169 3256 70 26 cju'on
1252 3255 52 21 n'en
1318 3260 92 15 amasse
1421 3255 78 26 guère.

1028 3289 67 22 Ange
1107 3291 31 15 ou
1150 3282 91 24 démon,
1256 3281 52 27 plus
1318 3281 56 21 d'un
1385 3281 70 26 jeune
1469 3281 96 22 héritier

990 3318 20 18 A
1019 3319 26 15 sa
1058 3311 115 27 conquête
1186 3308 148 21 ardemment
1346 3311 52 24 part
1411 3313 30 17 en
1455 3314 91 21 guerre.

1267 3353 24 20 II

991 3405 33 20 De
1037 3400 123 22 Zoroastre
1173 3404 32 15 un
1219 3397 46 22 zélé
1283 3399 125 21 sectateur.

1028 3430 33 19 De
1076 3426 100 22 l'Arabie
1191 3430 47 15 une
1251 3425 141 25 importante
1402 3426 64 21 ville.

1026 3456 46 20 Joli
1083 3457 94 25 garçon,
1192 3450 14 21 à
1213 3451 81 20 Reims
1304 3456 91 18 comme
1408 3452 13 21 à
1430 3452 128 21 Trouville.

991 3484 59 21 Plus
1063 3482 54 21 d'un
1128 3480 100 26 pinceau
1241 3477 48 21 s'en
1304 3480 79 21 trouve
1397 3478 130 22 détenteur.

991 3573 24 21 Si
1028 3572 50 21 l'un
1089 3569 107 21 s'avance
1209 3572 54 17 avec
1276 3573 46 15 une
1335 3567 119 28 gaillarde,

1022 3595 118 25 l'entresol
1149 3592 81 22 i'autre
1241 3594 44 20 fait
1294 3595 78 20 bonne
1382 3595 81 26 garde.

1395 3647 27 19 A.
1435 3646 159 20 FRÉMENDITY

924 3703 113 21 Adresser
1046 3700 33 22 les
1090 3698 115 21 solutions
1215 3703 30 17 au
1256 3698 133 22 Rédacteur
1402 3705 30 17 en
1444 3699 53 21 chef
1512 3699 33 21 du
1561 3698 90 27 Supplé-

899 3730 69 21 ment
980 3726 106 24 illustré
1094 3725 35 21 du
1142 3724 67 21 Petit
1221 3724 118 27 Journal.

960 3836 165 33 Solution
1163 3836 47 28 du
1248 3837 112 32 carré
1396 3837 204 40 syilabique

1070 3919 72 25 MAS
1205 3917 44 24 CA
1313 3919 46 24 RA
1423 3919 45 22 DE

1084 3981 46 24 CA
1201 3980 47 24 RA
1313 3981 40 24 CO
1406 3980 79 25 LAIS

1078 4048 50 25 RA
1202 4046 40 25 CO
1298 4049 69 24 LEU
1427 4049 38 24 SE

1080 4113 45 24 DE
1183 4109 79 25 LAIS
1316 4110 39 25 SE
1406 4111 97 25 MENT

1106 4219 195 22 SOLUTIONS
1324 4219 131 20 JUSTES:

927 4271 39 20 Un
979 4267 83 28 bipède
1072 4265 110 24 lédonien
1230 4265 53 20 Elin
1297 4265 85 20 Octave
1395 4264 14 20 à
1421 4265 146 20 Marceleave
1626 4265 27 20 Co-

901 4297 110 20 cardasse
1024 4296 22 20 et
1056 4291 120 27 Passepoil
1191 4291 13 20 à
1217 4291 117 20 Gourvilie
1391 4291 66 20 Deux
1470 4292 77 26 Gagas
1609 4292 44 19 Gus-

901 4324 52 19 tave
966 4322 80 21 Corcol
1098 4318 100 21 Gabillot
1211 4317 77 21 donne
1300 4317 24 20 la
1336 4317 46 26 gîte
1439 4318 124 25 Marmote,
1574 4318 92 20 Toulon

950 4349 32 20 Le
994 4345 169 24 feldmaréclial
1174 4343 191 21 Trombinoskoff
1430 4344 38 20 Un
1492 4344 54 20 hors
1569 4344 52 26 logé
1638 4344 28 21 de

901 4376 89 20 Nantes
1039 4371 130 24 Monrnond
1176 4371 24 21 et
1211 4370 53 21 Vivi
1276 4369 13 21 à
1299 4370 86 21 Rocroi
1431 4370 120 21 Florentin
1566 4370 27 21 de
1605 4371 47 20 Nan-

901 4404 34 19 tes
948 4403 22 19 et
981 4401 84 27 zéptair
1077 4401 28 20 de
1119 4398 188 21 Lamaisonroux
1354 4398 26 18 L.
1394 4397 27 19 N.
1436 4398 21 19 et
1470 4402 41 15 son
1526 4398 59 19 mari
1636 4398 31 20 Le

901 4428 54 27 père
971 4428 97 26 Spicace
1116 4427 38 20 Un
1168 4424 80 26 spirite
1294 4424 33 19 La
1341 4423 107 21 Perliche
1500 4424 40 20 Lie
1552 4426 24 19 et
1587 4423 52 21 Joie
1654 4423 13 20 à

901 4454 113 27 Nampcel
1025 4454 76 20 —Un
1113 4452 84 28 potard
1208 4452 21 20 et
1244 4456 33 15 un
1290 4449 98 22 rouleux
1401 4450 65 20 —G.
1485 4450 32 20 It.
1538 4450 26 21 G.
1622 4452 45 20 Les

901 4480 120 22 Bordelais
1039 4480 27 21 de
1080 4480 105 20 l'avenue
1198 4478 138 21 Daumesnil
1387 4478 40 21 Un
1449 4476 56 27 pain
1527 4479 39 24 pot
1587 4476 41 21 lait

902 4508 59 21 Paul
976 4506 110 26 Geoffroy
1098 4506 13 20 à
1124 4506 81 26 Nancy
1260 4505 93 20 Eurêka
1380 4505 84 20 CCXII
1483 4504 13 20 à
1518 4504 104 21 Clamart

902 4534 83 26 Furjot
996 4533 97 21 Charles
1143 4532 66 26 liopp
1222 4531 122 27 Hernique
1397 4531 187 20 Sidi-Bouboum
1635 4531 33 20 Le

901 4565 25 18 n°
939 4561 26 20 54
978 4560 27 21 de
1020 4560 24 20 la
1056 4565 41 15 rue
1110 4558 190 21 d'Aubervilliers
1355 4558 52 20 Une
1419 4557 97 21 victime
1530 4557 26 21 de
1569 4557 48 21 bibi
1633 4558 22 19 ta-

902 4589 40 26 pin
991 4587 91 21 Jeanne
1094 4585 77 21 l'amie
1183 4584 28 21 de
1225 4584 60 21 Paul
1341 4584 69 20 Hôtel
1420 4583 28 21 de
1461 4584 91 20 France
1565 4584 22 20 et
1599 4583 56 21 d'An-

902 4615 98 26 gleterre
1013 4613 13 20 ii
1041 4611 136 27 Quimperlé
1230 4612 30 19 Le
1271 4610 76 26 major
1359 4610 143 20 Pickassiett
1511 4610 30 20 de
1556 4610 112 20 Lichflutt

938 4641 64 21 Léon
1013 4641 26 19 G.
1054 4638 78 21 Sedan
1179 4637 83 21 Alfred
1276 4638 24 20 et
1312 4638 91 19 Jeanne
1415 4636 102 26 Blanzey
1528 4636 13 20 à
1551 4636 83 26 Nancy

901 4669 27 19 A.
943 4665 91 22 Trouvé
1103 4667 60 25 Eug.
1176 4667 22 19 et
1211 4665 41 20 Jos
1269 4662 116 22 Bertrand
1439 4663 30 21 H.
1483 4663 77 20 Mutet
1570 4662 83 21 colima-

904 4700 43 20 çon
960 4694 13 20 à
984 4693 92 21 Presles
1131 4693 26 20 D.
1173 4693 27 19 D.
1217 4690 13 21 à
1248 4690 86 21 Mohon
1403 4690 60 20 Ham
1481 4688 27 22 de
1528 4688 125 22 Montreuil-

904 4721 119 20 sous-Bois
1076 4720 80 20 Pierre
1170 4720 91 19 Bourut
1273 4717 28 20 de
1313 4716 135 21 laTerrade
1504 4715 85 21 L'abbé
1600 4716 66 20 Casse

904 4747 28 19 de
950 4747 104 19 Brancas
1200 4744 14 20 à
1225 4742 208 22 Erize-la-Grande
1448 4742 74 24 (Oise)
1583 4742 84 21 Vestro

1694 137 32 21 du
1740 136 77 21 Gallet
1861 136 69 20 Estar
1943 141 45 15 can
2001 135 50 21 dini
2062 133 5 27 !
2080 135 34 20 dit
2124 135 67 20 Moco
2202 136 45 20 —2
2256 133 65 27 geais
2331 139 30 15 au
2374 133 79 20 maître

1695 164 31 21 de.
1735 163 141 25 Ponthierry
1931 163 13 19 2
1957 167 44 17 ans
2014 162 27 21 11
2054 161 14 21 à
2081 162 13 20 6
2113 161 30 21 du
2206 161 58 20 Nico
2282 159 34 21 dit
2333 159 99 26 bonjour
2445 159 8 20 à

1695 190 67 25 Yitry
1812 190 27 20 E.
1851 189 90 21 Turian
1952 189 24 20 la
1989 189 78 20 Turne
2122 187 74 22 L'ami
2211 187 26 21 de
2246 188 69 26 Kopp
2328 188 125 26 Hernique.

1704 272 92 64 LE
1831 262 326 73 DÉPUTE
2191 266 262 69 SOURD

1730 374 41 22 Un
1795 373 116 24 incident
1937 373 43 24 des
2007 373 57 31 plus
2093 372 105 24 curieux
2217 371 59 25 s'est
2289 370 100 32 produit
2404 371 43 24 der-

1701 405 144 22 nièrement
1857 404 14 24 à
1880 405 24 22 la
1918 404 129 24 Chambre
2059 404 44 22 des
2115 404 97 22 Cortès.

1731 436 32 24 M.
1804 435 93 25 Tomas
1930 435 154 31 Castellano,
2126 433 132 24 l'éminent
2296 433 91 30 député
2428 433 31 22 de

1702 465 137 31 Saragosse
1853 465 52 31 qui,
1917 465 90 31 depuis
2024 465 154 32 longtemps,
2196 464 60 24 était
2276 465 60 21 tenu
2359 463 100 31 éloigné

1702 497 44 24 des
1757 500 105 21 travaux
1878 496 143 32 législatifs,
2035 504 46 22 par
2093 496 66 24 suite
2172 496 31 22 de
2218 495 25 24 la
2256 495 97 24 surdité
2367 495 59 22 dont
2439 494 20 24 il

1702 528 60 22 était
1791 528 96 30 atteint,
1917 528 112 22 assistait
2054 528 13 22 à
2091 528 24 22 la
2143 527 99 30 séance,
2263 526 196 31 complètement

1702 559 81 31 guéri.

1733 589 80 31 Après
1827 596 51 24 que
1892 596 40 17 ses
1946 589 128 31 collègues
2089 589 109 22 l'eurent
2223 587 93 24 félicité
2339 588 31 22 de
2395 589 64 21 cette

1702 628 60 15 cure
1791 620 139 30 inespérée,
1956 620 44 30 j'ai
2028 627 33 22 pu
2087 618 177 32 m'approcher
2288 618 33 24 du
2355 617 104 25 brillant

1702 654 103 20 orateur
1819 654 24 20 et
1859 651 61 24 c'est
1936 651 31 24 de
1989 658 28 17 sa
2041 651 98 24 bouche
2154 651 84 24 même
2255 656 47 24 que
2317 648 44 31 j'ai
2374 648 85 31 appris

1702 681 25 25 le
1741 689 60 17 nom
1817 681 30 24 de
1860 681 109 24 l'auteur
1982 681 30 24 de
2022 684 65 21 cette
2099 680 156 32 magnifique
2271 679 129 31 guérison,
2415 678 44 31 qui

1702 713 65 22 n'est
1791 715 71 21 autre
1886 719 50 22 que
1963 713 24 22 le
2010 712 145 30 spécialiste
2181 710 87 32 réputé
2307 711 43 28 qui
2379 710 80 31 dirige

1703 743 122 24 l'lnstitut
1837 743 100 22 Drouet.

1775 774 66 25 C'est
1872 781 45 24 par
1939 774 24 22 le
1988 772 112 25 Journal
2126 772 32 24 de
2178 772 28 24 la
2226 771 115 30 Surdité,
2363 771 50 24 m'a
2422 770 37 25 dit

1702 804 33 25 M.
1762 804 152 26 Castellano,
1943 811 47 22 que
2008 804 43 30 j'ai
2074 811 85 15 connu
2186 810 28 17 ce
2230 802 146 24 traitement
2389 809 53 15 mer-

1703 836 117 24 veilleux.
1834 836 28 22 Je
1878 835 98 22 m'étais
1995 835 102 22 adressé
2112 842 64 21 pour
2191 834 52 22 cela
2261 831 14 24 à
2289 833 25 24 la
2335 831 124 25 direction

1704 867 31 22 de
1749 874 28 15 ce
1787 866 110 31 journal,
1918 865 53 32 112,
1988 866 135 24 boulevard
2133 863 202 30 Rochechouart,
2348 863 13 24 à
2375 863 81 31 Paris,

1703 898 44 31 qui
1762 896 83 25 s'était
1865 896 144 31 empressée
2023 896 31 24 de
2068 896 144 22 m'envover
2228 894 13 24 à
2256 894 57 22 titre
2329 894 129 30 gracieux,

1704 935 44 17 sur
1761 935 41 17 ma
1817 928 133 30 demande,
1967 935 34 14 un
2022 926 154 31 exemplaire
2192 926 64 22 dans
2269 925 83 34 lequel
2367 925 92 24 étaient

1706 959 145 30 comparées
1873 959 38 22 les
1924 958 131 24 méthodes
2072 958 111 22 diverses
2198 954 161 33 préconisées
2374 958 85 21 contre

1704 990 37 24 les
1769 997 74 17 maux
1870 989 133 25 d'oreilles.
2035 989 128 24 Persuadé
2190 993 48 25 que
2259 987 24 22 la
2307 986 152 24 médication

1704 1020 93 24 Drouet
1811 1019 59 25 était
1881 1019 24 24 la
1918 1019 71 24 seule
1996 1020 148 30 présentant
2159 1019 43 22 des
2213 1018 109 22 chances
2335 1017 124 24 sérieuses

1706 1052 30 22 de
1763 1052 97 27 succès,
1879 1050 45 31 j'ai
1943 1051 63 25 écrit
2031 1050 13 22 à
2067 1049 122 24 l'lnstitut
2204 1051 24 21 et
2246 1048 120 31 quelques
2388 1048 71 31 jours

1706 1083 81 30 après,
1807 1081 81 31 j'étais
1904 1089 33 15 en
1950 1081 154 24 traitement.
2128 1078 152 26 Emerveillé
2307 1081 86 21 autant
2412 1085 47 24 que

1706 1113 109 25 satisfait
1843 1113 43 24 des
1916 1111 131 30 résultats,
2074 1111 117 31 j'engage
2218 1117 56 17 mes
2304 1110 64 22 amis
2399 1110 60 24 dont

1706 1143 106 26 l'oreille
1824 1143 76 24 serait
1915 1150 47 22 peu
1976 1143 99 30 subtile,
2088 1142 14 24 à
2117 1142 70 24 avoir
2202 1147 102 18 recours
2315 1147 33 17 au
2361 1141 98 24 célèbre

1706 1174 146 32 guérisseur
1861 1173 119 30 français.

1736 1205 80 31 Après
1838 1207 38 21 cet
1897 1204 118 30 incident,
2033 1204 24 24 la
2073 1204 91 24 séance
2184 1202 119 24 continue
2320 1209 32 15 au
2373 1202 86 24 milieu

1707 1237 30 24 de
1753 1235 181 24 l'indifférence
1955 1235 125 31 générale,
2096 1234 85 24 tandis
2197 1240 48 24 que
2261 1233 22 22 la
2303 1233 100 30 plupart
2417 1233 43 22 des

1707 1267 103 30 députés
1837 1267 133 30 espagnols
1989 1266 136 22 dissertent
2138 1267 70 20 entre
2223 1271 46 17 eux
2290 1271 45 15 sur
2348 1264 37 24 les
2398 1263 50 25 bril-

1707 1298 80 24 lantes
1804 1305 72 17 cures
1891 1297 103 31 opérées
2007 1304 45 22 par
2062 1297 26 22 le
2102 1296 146 24 traitement
2263 1293 100 25 Drouet.

1701 1423 261 52 CHOSES
2039 1424 78 50 ET
2187 1422 269 52 AUTRES

1884 1543 152 19 BULLETIN
2061 1539 220 22 ORPHÉONIQUE

1729 1579 20 24 Il
1776 1578 99 26 semble
1905 1585 51 24 que
1978 1585 50 18 nos
2048 1577 154 32 précédents
2219 1576 105 24 articles
2353 1584 45 18 sur
2426 1577 38 25 les

1698 1610 109 30 fraudas
1825 1616 33 18 en
1874 1609 109 25 matière
2003 1609 32 25 de
2057 1613 132 19 concours
2217 1606 46 25 ont
2291 1607 107 30 produit
2425 1615 37 18 un

1698 1641 102 22 certain
1813 1639 71 24 émoi
1897 1641 66 22 dans
1983 1639 25 24 le
2029 1641 59 22 clan
2113 1638 47 25 des
2189 1637 73 26 chefs
2288 1637 45 31 qui
2352 1644 34 19 ne
2400 1638 52 25 crai-

1701 1670 79 31 gnent
1794 1676 47 25 pas
1863 1670 31 25 de
1920 1670 161 30 s'adjoindre
2094 1689 6 11 ,
2124 1676 34 18 au
2178 1668 119 25 moment
2319 1670 143 30 opportun,

1700 1702 45 24 des
1760 1701 128 25 éléments
1905 1701 136 30 étrangers
2061 1701 15 24 à
2095 1701 26 24 la
2138 1698 178 31 composition
2335 1700 129 31 régulière

1698 1733 47 24 des
1757 1731 110 24 sociétés
1896 1731 78 30 qu'ils
1996 1730 124 31 dirigent.
2148 1730 65 25 C'est
2235 1729 67 25 ainsi
2317 1736 59 25 que,
2396 1731 67 24 cette

1701 1762 124 31 semaine,
1852 1762 56 25 l'un
1929 1761 32 26 de
1984 1767 51 20 nos
2048 1761 224 35 correspondants
2284 1766 69 20 nous
2363 1761 100 32 signale

1700 1800 35 19 un
1759 1800 98 24 moyen
1878 1793 46 31 qui
1952 1800 65 24 sera,
2041 1794 124 30 paraît-il,
2189 1792 123 34 employé
2328 1792 26 25 la
2373 1794 90 24 saison

1700 1825 144 32 prochaine
1854 1831 69 24 pour
1935 1825 85 24 éviter
2034 1825 24 24 le
2070 1824 112 31 flagrant
2198 1821 65 25 délit
2276 1821 33 31 et,
2324 1830 47 24 par
2385 1824 76 30 suite,

1700 1858 25 22 la
1737 1856 65 25 mise
1818 1856 63 25 hors
1893 1861 142 19 concours.
2049 1857 34 22 La
2095 1853 187 26 combinaison
2296 1859 32 19 ne
2349 1860 115 25 manque

1700 1893 47 25 pas
1761 1886 176 31 d'originalité
1950 1892 104 19 comme
2068 1892 37 19 on
2117 1891 34 19 va
2165 1885 24 24 le
2199 1884 66 25 voir.

1729 1918 154 31 Supposons
1896 1917 97 35 qu'une
2007 1917 99 31 plainte
2126 1916 54 25 soit
2207 1915 119 25 adressée
2349 1922 34 18 au
2398 1917 63 30 jury

1700 1956 35 18 ou
1749 1949 15 25 à
1779 1949 26 24 la
1817 1949 182 28 commission,
2015 1949 92 24 contre
2122 1952 52 18 une
2200 1944 97 26 société
2311 1946 80 30 ayant
2418 1946 46 25 des

1700 1980 131 25 membres
1859 1980 157 30 d'emprunt.
2043 1980 46 24 Ces
2121 1976 132 26 membres
2276 1976 46 25 ont
2348 1977 39 25 été
2413 1983 51 19 vus

1698 2010 96 31 jouant
1825 2016 34 19 ou
1880 2009 126 26 chantant
2033 2010 66 24 dans
2127 2009 38 24 les
2193 2013 79 24 rangs
2298 2008 63 25 d'un
2388 2009 76 24 autre

1700 2048 100 24 groupe
1817 2041 183 31 orphéonique
2015 2041 26 24 et
2054 2041 38 24 les
2106 2037 148 33 plaignants
2269 2037 133 26 affirment
2413 2046 51 25 que

1698 2079 43 18 ces
1755 2072 156 25 exécutants
1925 2072 59 24 font
2006 2069 203 31 régulièrement
2224 2067 83 32 partie
2330 2069 78 25 d'une
2424 2076 27 18 so-

1698 2102 65 25 ciété
1775 2102 76 24 autre
1865 2108 51 24 que
1931 2101 65 25 celle
2009 2101 46 31 qui
2074 2107 27 19 se
2117 2100 120 32 présente
2263 2105 27 19 ce
2309 2100 99 30 jour-là
2421 2100 28 26 de-

1700 2133 64 26 vant
1780 2133 24 25 le
1826 2133 72 31 jury.
1924 2133 71 25 Vous
2019 2139 94 24 croyez
2126 2131 130 32 peut-être
2270 2137 51 24 que
2335 2132 25 25 le
2382 2132 70 25 direc-

1698 2165 59 25 teur
1767 2164 141 25 incriminé
1937 2170 33 18 va
1995 2164 136 24 confesser
2159 2169 28 19 sa
2200 2161 137 25 mauvaise
2360 2163 99 25 action.

1698 2197 113 24 Erreur!
1834 2194 90 26 C'était
1937 2194 54 25 bon
2015 2194 77 30 jadis,
2108 2192 69 26 mais
2198 2191 163 26 maintenant
2376 2199 35 19 on
2432 2199 33 18 ne

1700 2226 184 25 s'embarrasse
1897 2226 77 31 point
1988 2231 69 26 pour
2072 2225 21 25 si
2107 2231 58 25 peu.

1731 2265 12 14 «
1760 2257 20 25 Il
1800 2257 39 25 est
1859 2257 123 31 possible,
2007 2251 193 37 répondrâ-t-îl;
2222 2254 80 31 qu'on
2324 2256 37 24 ait
2381 2262 34 18 vu
2433 2255 32 25 de

1700 2296 12 14 »
1727 2295 53 18 mes
1794 2289 155 24 exécutants
1963 2288 65 24 dans
2041 2288 39 24 les
2092 2293 79 24 rangs
2184 2285 78 24 d'une
2276 2285 73 25 autre
2365 2287 98 24 société

1701 2328 12 13 »
1728 2320 14 22 à
1756 2320 35 22 tel
1809 2326 37 18 ou
1859 2320 35 22 tel
1911 2324 139 24 concours,
2067 2317 66 25 mais
2151 2317 31 24 ils
2198 2316 197 25 commettaient
2411 2322 52 19 une

1701 2357 12 14 »
1729 2349 94 24 fraude
1845 2349 25 25 et
1885 2349 61 25 c'est
1957 2349 79 30 alors,
2061 2348 86 31 quand
2165 2348 25 24 le
2205 2348 48 24 fait
2272 2348 60 24 s'est
2348 2348 115 30 produit,

1702 2387 12 14 »
1729 2380 64 28 qu'il
1809 2380 86 22 aurait
1916 2380 67 22 fallu
2001 2379 71 24 sévir
2095 2378 92 24 contre
2203 2385 53 17 eux
2276 2385 37 17 ou
2329 2378 92 24 contre
2440 2379 25 21 le

1702 2418 12 14 »
1728 2409 61 24 cbef
1805 2408 45 31 qui
1864 2408 38 25 les
1913 2407 145 31 employait
2070 2407 154 28 indûment;
2238 2407 84 28 quant
2334 2407 14 22 à
2362 2407 64 26 moi,
2439 2407 26 27 je

1702 2447 12 15 »
1733 2446 32 18 ne
1793 2439 59 25 dois
1881 2445 54 25 pas,
1959 2445 34 18 en
2016 2438 90 24 bonne
2131 2435 104 31 justice,
2258 2435 142 30 supporter
2426 2435 39 24 les

1701 2479 13 15 »
1729 2471 195 32 conséquences
1937 2466 87 37 des...
2039 2467 126 33 légèretés
2179 2466 142 27 commises
2335 2473 47 25 par
2394 2466 57 32 quel-

1701 2511 13 14 »
1729 2510 65 25 ques
1818 2503 131 25 membres
1969 2502 32 25 de
2021 2502 25 24 la
2068 2499 97 26 société
2190 2505 51 26 que
2262 2499 26 31 je
2309 2498 91 32 dirige.
2426 2499 39 25 Du

1702 2543 12 14 »
1729 2535 77 28 reste,
1820 2535 70 24 voici
1905 2533 39 25 les
1958 2531 135 26 contrôles
2105 2531 194 31 d'inscription.
2315 2538 13 15 »

1731 2567 19 22 11
1776 2571 31 18 va
1826 2571 61 18 sans
1903 2564 64 31 dire,
1984 2564 107 25 n'est-ce
2111 2563 67 31 pas?
2192 2569 52 24 que
2267 2568 43 19 ces
2330 2562 135 25 contrôles

1702 2596 60 25 sont
1778 2596 123 31 arrangés
1912 2602 34 18 en
1959 2602 51 18 vue
2022 2595 37 24 du
2068 2594 116 31 système
2198 2594 33 22 de
2239 2593 107 25 défense
2362 2593 103 24 résumé

1702 2628 136 27 ci-dessus,
1859 2627 26 24 et
1900 2627 83 30 qu'on
1996 2631 18 22 y
2033 2631 15 17 a
2072 2624 48 24 fait
2139 2623 97 30 figurer
2263 2623 203 25 naturellement

1702 2657 39 24 les
1753 2657 138 30 emprunts
1911 2661 33 18 en
1968 2655 58 24 leur
2052 2653 146 25 attribuant
2217 2659 37 17 un
2272 2659 43 22 an,
2331 2653 70 22 deux
2417 2659 48 18 ans

1703 2687 32 21 de
1746 2686 149 22 sociétariat
1910 2691 35 17 ou
1959 2683 86 24 même
2061 2682 154 30 davantage.
2230 2681 38 24 On
2283 2687 69 18 nous
2367 2681 38 24 dit
2419 2681 48 25 àce

1703 2720 99 28 propos
1828 2714 63 31 qu'il
1919 2720 17 24 y
1961 2720 15 17 a
1994 2713 32 24 de
2048 2712 111 31 grandes
2179 2711 110 25 sociétés
2311 2712 35 22 où
2361 2712 56 24 l'on
2434 2718 33 18 ne

1704 2746 72 24 radie
1788 2745 105 30 jamais,
1922 2750 46 18 sur
1984 2744 38 24 tes
2036 2743 142 30 contrôles,
2192 2743 39 24 les
2245 2741 131 25 membres
2391 2741 77 25 actifs

1704 2776 247 30 démissionnaires;
1969 2774 32 25 de
2015 2774 66 25 cetle
2095 2774 79 32 façon
2193 2773 18 25 il
2225 2773 74 25 suffit
2314 2773 81 31 qu'un
2411 2772 43 26 exé-

1704 2807 91 26 cutant
1809 2807 37 25 ait
1859 2807 74 31 passé
1959 2805 58 26 huit
2029 2806 78 31 jours
2133 2812 37 19 ou
2196 2812 35 19 un
2257 2805 69 26 mois
2349 2805 66 25 dans
2431 2805 37 25 les

1704 2845 78 26 rangs
1798 2845 67 25 pour
1878 2838 53 26 être
1943 2838 138 25 maintenu
2102 2838 14 25 à
2132 2837 145 32 perpétuité
2293 2844 47 18 sur
2355 2837 24 25 la
2400 2837 67 25 liste.

1735 2872 63 24 Mais
1809 2877 132 19 revenons
1956 2870 14 26 à
1982 2870 77 26 notre
2068 2870 78 31 sujet.

1735 2904 72 24 Nous
1827 2909 85 19 avons
1939 2909 37 18 vu
2001 2902 26 25 la
2041 2902 112 31 réponse
2171 2901 35 24 du
2223 2900 131 25 directeur
2368 2900 53 31 pris
2437 2906 31 18 en

1704 2935 93 24 fraude
1813 2935 25 24 et
1853 2935 89 22 disant
1957 2940 51 24 que
2034 2934 37 24 les
2094 2931 144 25 musiciens
2264 2930 122 31 désignés
2409 2930 58 24 font

1704 2966 203 30 régulièrement
1935 2965 84 30 partie
2034 2963 31 24 do
2079 2969 28 18 sa
2121 2962 105 25 société.
2244 2962 151 31 Supposons
2420 2967 47 24 que

1707 2996 57 24 huit
1778 2996 77 30 jours
1867 2994 83 32 après,
1972 3000 48 25 par
2033 2994 24 25 le
2069 2994 60 31 plus
2145 2993 80 32 grand
2239 2993 45 24 des
2300 2992 116 27 hasards,
2433 2992 34 22 les

1706 3026 99 26 mêmes
1812 3026 73 31 jurés
1898 3026 171 25 rencontrent
2080 3021 38 27 les
2126 3024 98 25 mêmes
2237 3021 156 28 exécutants
2404 3021 64 25 dans

1706 3059 24 24 le
1749 3058 142 31 personnel
1903 3057 37 25 du
1955 3063 100 24 groupe
2068 3054 182 31 orphéonique
2264 3053 96 32 auquel
2381 3052 32 25 ils
2427 3059 27 22 ap-

1707 3089 168 31 partiennent
1889 3087 152 25 réellement
2057 3087 25 24 et
2096 3086 39 25 les
2158 3084 207 30 reconnaissent,
2380 3090 34 18 ou
2427 3089 27 18 en-

1706 3125 61 19 core
1781 3119 64 31 qu'il
1865 3125 19 25 y
1909 3118 35 25 ait
1969 3124 52 18 une
2043 3117 176 31 protestation
2233 3117 32 28 dp
2293 3117 26 22 la
2341 3115 59 31 part
2426 3113 41 24 des

1707 3150 181 26 concurrents.
1898 3148 235 31 Qu'arrivera-t-il?
2150 3150 33 21 Le
2189 3148 64 30 jury
2265 3154 35 18 ou
2309 3146 25 24 la
2348 3144 103 26 commis-

1707 3183 60 22 sion
1779 3181 158 25 demandera
1952 3181 25 22 la
1991 3184 98 25 preuve
2104 3178 31 24 de
2148 3177 187 32 l'inscription,
2352 3176 25 25 et
2392 3176 61 24 natu-

1707 3211 145 30 rellement,
1873 3217 37 18 on
1932 3211 26 24 la
1977 3209 38 25 lui
2031 3209 122 26 fournira
2170 3209 119 25 d'autant
2314 3207 91 26 mieux
2420 3210 47 25 que

1707 3243 54 24 cela
1778 3242 120 25 n'offrira
1915 3247 44 25 pas
1970 3241 26 24 la
2010 3240 123 25 moindre
2146 3236 321 33 diHçiulté.Conclusion;

1709 3274 34 25 Le
1757 3274 60 31 jury
1833 3280 33 19 ne
1880 3279 100 25 pourra
2002 3272 71 24 sévir
2098 3272 26 24 ni
2139 3270 66 25 dans
2228 3278 37 17 un
2291 3275 44 19 cas
2361 3268 26 25 ni
2406 3267 61 25 dans

1706 3306 93 24 l'autre
1811 3305 25 24 et
1851 3304 141 24 messieurs
2007 3304 38 22 les
2060 3302 139 24 fraudeurs
2213 3299 189 27 continueront
2413 3299 54 22 leur

1706 3335 113 25 aimable
1831 3340 156 19 commerce.
2002 3334 41 24 En
2057 3333 89 25 est-on
2160 3333 60 25 bien
2233 3333 46 24 sûr
2289 3333 13 22 ?

2315 3372 27 17 E.
2356 3371 60 18 MAS.

1906 3456 116 20 USAGES
2046 3456 37 19 ET
2104 3456 162 19 COUTUMES

1736 3496 33 25 Ce
1785 3495 66 25 n'est
1866 3501 47 25 pas
1926 3498 63 19 sans
2011 3491 100 31 regrets
2135 3498 51 24 que
2210 3498 69 18 nous
2301 3495 107 26 voyons
2434 3488 34 25 les

1707 3528 112 24 femmes
1834 3531 26 18 se
1874 3526 84 22 livrer
1976 3528 54 19 aux
2043 3522 111 28 plaisirs
2171 3522 31 25 (ïe
2213 3523 26 24 la
2255 3522 100 28 chasse,
2373 3521 25 24 et
2413 3521 43 22 tou-

1707 3557 76 30 jours
1795 3556 61 30 plus
1869 3554 174 26 nombreuses
2056 3553 110 25 d'année
2180 3560 33 18 en
2229 3554 91 30 année,
2337 3550 131 32 pratiquer

1707 3594 30 18 ce
1756 3587 72 32 sport
1854 3593 65 18 avec
1939 3585 104 24 ardeur.
2070 3583 119 31 Quoique
2203 3585 27 30 je
2243 3592 33 18 ne
2297 3585 59 24 date
2376 3587 45 25 pas
2435 3580 33 25 du

1707 3619 86 30 temps
1808 3618 31 24 de
1854 3614 219 31 Louis-Philippe,
2089 3614 44 31 j'ai
2152 3615 124 30 pourlant
2288 3612 100 33 l'esprit
2400 3618 69 19 assez

1706 3648 99 26 arriéré
1817 3654 70 24 pour
1900 3652 33 19 ne
1949 3645 181 31 comprendre,
2147 3652 33 19 en
2203 3646 48 25 fait
2263 3644 161 27 d'exercices
2440 3643 28 24 de

1707 3686 86 24 corps,
1807 3684 69 26 pour
1890 3684 54 19 mes
1958 3677 161 30 congénères
2140 3677 35 25 du
2198 3684 61 18 sexe
2283 3674 123 30 féminin,
2420 3679 48 25 que

1708 3710 174 32 l'équitation,
1899 3710 24 22 le
1938 3707 87 25 tennis
2039 3707 25 24 et
2074 3707 24 24 le
2109 3709 115 25 crochet.

1737 3742 64 24 Mais
1817 3742 59 24 voir
1891 3739 45 24 des
1952 3738 69 24 êtres
2035 3737 73 25 doux
2128 3739 24 22 et
2171 3739 113 28 tendres,
2313 3737 50 25 tels
2381 3742 51 25 que
2447 3736 21 24 le

1708 3771 146 32 paraissent
1866 3770 25 25 et
1906 3770 25 24 le
1945 3769 60 24 sont
2014 3775 32 18 en
2062 3769 104 31 général
2179 3770 37 25 les
2232 3770 118 28 femmes,
2361 3767 107 30 abattre,

1708 3809 69 25 pour
1791 3802 136 27 s'amuser,
1949 3800 45 24 des
2017 3798 133 27 centaines
2169 3801 32 25 de
2219 3801 70 25 hâtes
2306 3797 163 30 innocentes,

1708 3834 56 25 cela
1792 3839 40 18 me
1854 3830 98 31 déplaît
1976 3835 103 20 comme
2106 3831 74 24 toute
2207 3831 142 25 anomalie.
2380 3828 89 26 Savoir

1708 3863 107 32 qu'elles
1828 3863 67 24 rient
1906 3862 26 24 et
1945 3860 111 28 causent
2066 3861 185 32 joyeusement
2264 3860 113 33 pendant
2391 3860 78 31 qu'on

1708 3896 94 28 égorge
1815 3894 24 24 le
1852 3893 63 30 cerf,
1932 3893 22 22 le
1969 3892 69 25 daim
2057 3887 74 31 ou'le
2144 3893 143 30 chevreuil,
2304 3893 45 30 qui
2369 3892 99 30 pleure,

1708 3925 46 32 qui
1769 3925 98 24 semble
1876 3922 142 25 demander
2030 3924 83 30 grâce,
2128 3925 56 24 cela
2197 3932 41 17 me
2252 3924 103 25 révolte
2369 3927 99 19 comme

1709 3963 52 18 une
1774 3956 79 24 chose
1867 3953 116 30 odieuse,
2001 3959 53 19 une
2063 3953 81 26 chose
2157 3956 92 24 contre
2262 3954 102 25 nature.

1740 3986 63 25 Mais
1815 3985 73 25 toute
1904 3991 63 19 mon
1980 3984 168 32 indignation
2167 3992 32 18 ne
2213 3986 58 24 fera
2281 3991 46 26 pas
2346 3984 123 25 délaisser

1709 4019 24 24 le
1748 4013 214 28 divertissement
1972 4016 83 26 cruel,
2070 4017 20 22 il
2105 4017 63 24 vaut
2184 4017 89 25 mieux
2291 4022 69 19 nous
2375 4016 93 24 borner

1709 4050 14 24 à
1737 4048 144 26 demander
1900 4048 86 24 moins
2015 4051 53 20 aux
2085 4046 177 26 chasseresses
2280 4052 66 26 pour
2368 4045 100 25 obtenir

1709 4087 34 18 un
1761 4085 58 24 peu.
1835 4078 110 30 Qu'elles
1968 4078 136 31 allongent
2118 4077 70 25 donc
2210 4080 72 24 leurs
2294 4078 77 30 jupes
2383 4075 85 33 quand

1709 4111 63 26 elles
1787 4109 122 25 chassent
1923 4109 14 25 à
1948 4109 46 25 tir.
2014 4110 19 24 11
2046 4116 18 25 y
2079 4115 32 19 en
2121 4115 15 19 a
2153 4110 44 31 qui
2217 4108 164 26 découvrent
2401 4108 67 24 leurs

1708 4141 103 33 jambes
1821 4140 144 32 jusqu'aux
1981 4147 115 25 genoux.
2112 4141 65 25 C'est
2192 4141 50 25 très
2258 4139 180 27 inconvenant
2447 4140 21 21 et

1708 4174 54 25 très
1774 4179 51 26 peu
1840 4172 100 34 seyant.
1955 4173 34 24 La
2002 4173 64 30 jupe
2081 4172 35 25 du
2128 4173 120 25 costume
2263 4172 32 24 de
2310 4172 92 24 chasse
2415 4168 53 25 doit

1709 4204 145 27 descendre
1873 4201 105 31 jusqu'à
1994 4204 70 24 deux
2081 4204 100 24 travers
2197 4204 31 24 de
2241 4202 73 31 doigt
2326 4201 32 24 de
2376 4201 25 24 la
2414 4199 41 26 che-

1708 4237 73 24 ville.
1804 4233 78 25 Alors
1903 4232 50 25 elle
1980 4239 58 19 sera
2067 4234 107 24 décente
2193 4234 26 24 et
2250 4232 141 33 gracieuse.
2419 4232 50 24 Une

1709 4269 98 24 femme
1820 4265 34 24 du
1871 4264 96 24 monde
1977 4271 33 19 ne
2024 4265 119 25 s'habille
2160 4271 46 25 pas
2219 4271 54 18 non
2287 4265 60 31 plus
2359 4269 31 19 en
2401 4261 54 25 chas-

1710 4303 99 20 seresse
1824 4294 248 32 d'opéra-comique.
2089 4296 67 25 Tout
2177 4302 50 18 son
2239 4294 98 25 attirail
2350 4293 39 25 est
2401 4292 67 25 aussi

1708 4329 94 30 simple
1815 4331 50 25 que
1879 4325 116 31 possible
2009 4328 26 22 et
2050 4328 38 22 les
2108 4326 148 31 garnitures
2271 4326 33 24 de
2320 4331 30 18 sa
2370 4323 98 26 toilette

1710 4359 60 25 sont
1786 4357 78 25 d'une
1879 4356 117 25 extrême
2010 4357 123 25 sobriété.

1739 4388 92 32 Quand
1847 4394 34 18 on
1897 4394 33 17 ne
1942 4387 92 26 chasse
2050 4395 46 24 pas
2115 4395 46 18 sur
2183 4395 41 18 ses
2238 4388 91 28 terres,
2349 4391 35 19 on
2399 4384 70 31 porte

1708 4420 25 27 le
1746 4421 104 25 bouton
1864 4419 35 22 du
1926 4417 59 26 chef
2000 4419 152 28 d'équipage
2169 4420 45 27 qui
2230 4426 69 18 vous
2323 4424 14 17 a
2356 4415 85 26 invité
2459 4416 9 25 à

2499 137 77 26 venir
2588 137 59 26 tuer
2659 143 52 20 son
2722 137 91 31 gibier.
2831 137 60 25 Cela
2907 137 76 26 suffit
3001 137 89 32 quand
3106 144 35 19 on
3152 144 33 19 ne
3200 138 61 31 peut

2500 169 65 25 faire
2582 169 26 24 la
2621 169 115 31 dépense
2747 169 37 24 du
2809 169 119 25 costume
2954 169 96 30 spécial
3074 176 35 18 ou
3130 169 83 25 livrée
3231 169 30 25 de

2500 200 91 25 chasse
2607 200 111 30 adoptée
2732 206 45 24 par
2792 200 38 24 les
2848 198 98 31 grands
2959 200 194 35 propriétaires.
3174 200 30 31 (Il
3215 207 18 24 y
3247 207 14 18 a

2500 230 25 24 la
2537 230 83 24 livrée
2634 229 31 25 de
2680 230 164 30 Bonneville,
2859 230 25 24 la
2898 229 83 25 livrée
2996 230 32 24 de
3039 230 142 31 Chantilly,
3196 231 65 24 celle

2500 261 35 25 du
2549 261 116 26 vicomte
2678 261 31 25 de
2724 261 74 32 T...,
2810 261 58 31 etc.,
2883 261 58 31 etc.,
2956 261 69 31 etc.).

2532 294 54 24 Une
2600 293 97 25 femme
2708 299 34 19 ne
2757 293 112 25 réclame
2894 299 45 25 pas
2953 299 65 18 avec
3037 292 144 26 insistance
3195 300 66 24 pour

2502 324 66 25 faire
2582 324 111 25 inscrire
2713 330 35 19 au
2759 324 104 25 tableau
2880 324 39 25 les
2939 324 85 37 pièces
3039 324 94 30 qu'elle
3151 330 17 18 a
3181 325 80 30 tuées,

2500 354 26 25 et
2541 354 50 25 elle
2604 353 56 25 doit
2676 360 26 19 se
2715 356 119 24 montrer
2848 354 54 25 très
2916 354 188 24 désintéressée
3116 360 33 18 en
3170 361 28 18 ce
3220 356 41 30 qui

2502 391 129 20 concerne
2640 385 26 25 la
2674 385 58 31 part
2746 385 32 26 de
2793 385 83 32 gibier
2891 386 45 31 qui
2952 385 39 25 lui
3004 385 40 25 est
3056 385 138 26 attribuée.

2531 417 112 30 J'espère
2657 423 51 24 que
2722 423 69 19 nous
2806 424 33 18 ne
2861 423 112 19 verrons
2992 416 97 31 jamais
3113 423 33 18 en
3170 417 91 26 Franco

2502 455 52 18 une
2567 446 149 26 cérémonie
2731 448 170 31 cynégétique
2928 448 72 25 aussi
3030 448 162 31 répugnante
3215 455 46 24 quo

2502 480 64 24 celle
2581 478 45 31 qui
2642 478 161 31 s'accomplit
2813 484 33 18 en
2859 478 161 31 Angleterre,
3034 478 26 24 la
3074 478 128 31 première
3213 480 48 24 fois

2502 510 83 31 qu'un
2598 509 115 30 homme,
2728 515 53 18 une
2796 509 97 25 femme
2907 515 35 19 ou
2956 515 38 19 un
3006 509 92 25 enfant
3113 509 80 31 prend
3208 510 53 30 part

2502 547 14 19 a
2530 547 52 19 une
2596 541 92 24 chasse
2702 547 34 18 au
2748 540 104 24 renard.
2869 541 40 24 Un
2923 541 32 24 de
2972 547 56 19 mes
3043 541 66 24 amis
3122 541 93 24 assista
3228 548 33 17 un

2500 572 64 31 jour
2576 572 14 24 à
2602 572 155 24 l'initiation
2774 570 63 24 d'un
2855 572 143 30 garçonnet
3021 572 31 24 de
3072 572 57 24 huit
3144 578 56 22 ans,
3223 572 38 25 fils

2502 602 64 24 d'un
2580 602 59 24 lord
2653 602 25 24 et
2691 608 33 18 en
2738 601 89 25 revint
2839 601 110 25 écœuré.
2968 604 38 22 Un
3031 608 99 18 veneur
3152 602 85 24 tendit
3250 604 11 22 à

2502 633 118 30 l'enfant,
2635 633 45 31 qui
2696 633 71 25 avait
2781 632 70 26 suivi
2864 632 26 25 la
2906 632 91 25 chasse
3014 639 64 19 avec
3092 639 50 19 son
3167 632 60 32 père
3240 633 21 25 et

2502 671 30 18 sa
2545 665 79 28 jeune
2639 671 72 18 sœur
2722 665 27 30 (I)
2766 665 25 24 la
2803 670 85 25 queue
2902 664 37 24 du
2957 664 96 24 renard
3076 664 91 24 abattu
3184 665 33 28 et,
3233 671 28 18 en

2502 694 85 25 même
2600 696 92 30 temps,
2707 696 143 30 plongeant
2863 702 28 18 sa
2904 693 72 25 main
2991 693 66 25 dans
3071 693 25 25 le
3110 698 65 26 sang
3195 696 31 24 de
3240 696 21 24 la

2502 724 59 26 bête
2571 725 131 31 éventrée,
2719 725 105 25 couvrit
2843 726 26 24 la
2889 725 57 25 face
2960 725 35 25 du
3018 725 80 31 jeune
3122 731 98 25 garçon
3233 726 28 24 de

2502 762 28 19 ce
2543 763 64 22 sang
2622 756 85 25 chaud
2722 756 25 25 et
2759 756 151 26 ruisselant.
2924 758 34 22 Le
2970 750 64 41 petit
3050 756 130 25 baronnet
3194 756 67 32 reçut

2502 794 28 18 ce
2554 785 119 31 baptême
2698 794 65 18 avec
2787 794 37 18 un
2851 788 145 30 sang-froid
3018 788 144 24 admirable
3183 788 30 37 (I)
3233 794 28 18 au

2503 816 81 32 grand
2600 816 198 25 enthousiasme
2811 819 32 24 de
2852 819 171 25 l'assemblée.
3041 820 20 22 Il
3085 824 17 24 y
3124 819 71 24 avait
3220 819 41 24 des

2503 848 111 26 femmes
2629 848 5 26 I

3067 880 52 19 Ann
3141 880 73 19 SKPH.

2727 963 38 20 LA
2784 961 86 20 MODE
2891 960 152 22 PRATIQUE

2536 999 136 31 Questions
2683 999 122 25 diverses.
2867 999 39 25 On
2917 1004 41 20 me
2972 998 128 25 demande
3115 999 40 24 s'il
3169 1000 39 24 est
3228 1005 35 20 un

2504 1037 99 25 moyen
2621 1030 32 26 de
2673 1030 110 26 blondir
2800 1031 39 25 les
2863 1031 122 25 cheveux
3005 1036 61 18 sans
3089 1029 39 25 les
3142 1030 102 25 teindre
3253 1032 12 22 ?

2504 1063 48 24 Par
2567 1063 164 30 expérience,
2747 1063 26 30 je
2789 1063 59 24 n'en
2869 1063 61 30 puis
2953 1061 201 26 recommander
3169 1067 96 19 aucun.

2503 1095 30 22 Je
2546 1093 99 31 signale
2661 1094 146 24 seulement
2836 1100 28 18 ce
2889 1100 51 24 que
2961 1098 43 18 me
3024 1093 39 24 dit
3078 1093 59 24 Ann
3154 1093 66 30 Seph
3233 1091 34 31 (la

2504 1123 119 25 baronne
2639 1122 89 32 Staffe)
2745 1122 5 32 :
2764 1123 25 25 le
2803 1124 91 30 lavage
2908 1123 14 25 à
2936 1124 26 24 la
2973 1123 72 25 bière
3069 1129 35 19 ou
3125 1123 139 25 l'infusion

2504 1154 32 25 de
2548 1154 154 31 coloquinte
2717 1154 66 25 dans
2797 1154 37 25 du
2848 1155 89 24 rhum.
2948 1154 61 25 Plus
3038 1154 115 25 radicale
3176 1154 38 25 est
3240 1154 25 24 la

2505 1185 119 31 pratique
2639 1185 32 25 de
2682 1186 67 24 l'eau
2765 1186 137 31 oxygénée
2911 1192 6 24 ;
2937 1186 66 24 mais
3025 1186 19 22 il
3069 1185 56 25 faut
3146 1185 56 31 agir
3214 1185 53 25 très

2507 1215 196 31 prudemment.

2535 1247 35 24 La
2584 1246 132 31 magnésie
2731 1246 39 25 est
2783 1252 53 20 une
2850 1246 146 25 excellente
3005 1246 100 31 poudre
3118 1246 148 26 dentifrice.

2536 1278 25 24 Si
2576 1278 54 24 l'on
2646 1284 14 17 a
2675 1283 52 18 une
2748 1277 83 30 bague
2855 1278 60 30 trop
2933 1278 78 30 large,
3037 1278 18 22 il
3067 1283 33 18 ne
3115 1278 57 24 faut
3184 1285 45 22 pas
3244 1278 22 24 la

2505 1309 67 24 faire
2583 1313 106 24 couper.
2706 1309 33 22 Le
2754 1307 128 30 bijoutier
2900 1307 60 30 peut
2982 1307 92 24 couler
3087 1313 37 18 un
3139 1313 50 30 peu
3211 1309 56 24 d'or

2505 1338 66 25 dans
2585 1338 146 25 l'intérieur
2746 1337 32 26 de
2792 1338 130 30 l'anneau,
2950 1344 67 25 pour
3043 1338 25 25 la
3079 1338 107 25 rétrécir
3208 1344 59 19 sans

2505 1369 128 26 l'abîmer.

2535 1402 39 24 On
2590 1401 92 25 enlève
2708 1401 40 25 cet
2761 1407 31 18 or
2806 1400 53 25 très
2869 1400 152 26 facilement
3034 1402 22 24 si
3071 1402 54 24 l'on
3138 1402 61 24 veut
3213 1408 41 18 ren-

2505 1431 47 25 dre
2563 1431 15 25 à
2590 1433 25 22 la
2626 1431 85 31 bague
2725 1437 31 19 sa
2770 1431 131 35 grandeur
2916 1431 144 31 primitive.

2536 1463 137 24 Lesileurs
2686 1462 161 25 artificielles
2855 1463 113 30 passées,
2982 1463 165 30 défraîchies,
3155 1462 112 32 peuvent

2505 1493 54 25 être
2569 1493 120 26 ravivées
2704 1493 176 26 adroitement
2907 1500 34 19 au
2953 1493 111 32 pinceau
3091 1500 64 19 avec
3168 1500 39 19 un
3220 1500 47 25 peu

2506 1525 31 24 de
2549 1525 110 24 couleur
2673 1525 15 24 à
2702 1525 74 24 l'eau.

2537 1557 70 22 Pour
2621 1556 38 24 les
2675 1556 123 30 guignols
2815 1556 144 30 enfantins,
2975 1556 24 25 le
3014 1556 81 26 bâton
3110 1556 32 25 de
3161 1556 93 35 polichi-

2506 1585 69 25 nelle
2584 1585 57 25 doit
2657 1585 54 25 être
2727 1591 37 20 un
2779 1586 115 25 bambou
2908 1586 90 30 fendu,
3015 1586 21 25 si
3054 1587 54 24 l'on
3120 1586 85 25 désire
3220 1591 47 26 que

2506 1622 43 19 ses
2562 1622 90 24 coups,
2668 1616 67 25 dans
2753 1617 38 24 les
2815 1617 119 24 batailles
2957 1617 219 30 traditionnelles,
3200 1617 54 24 n'en-

2506 1646 170 30 dommagent
2688 1652 46 24 pas
2748 1646 60 30 trop
2823 1646 39 24 les
2885 1646 200 25 marionnettes.

2536 1678 47 24 Les
2598 1676 195 32 timbres-poste
2822 1677 61 25 sont
2897 1676 103 26 utilisés
3015 1683 47 25 par
3072 1677 37 25 les
3124 1683 143 26 personnes

2506 1709 128 31 patientes
2660 1715 69 25 pour
2751 1715 139 25 composer
2916 1709 45 25 des
2987 1709 150 32 mosaïques
3161 1709 59 32 plus
3235 1715 32 19 ou

2505 1740 89 25 moins
2623 1740 120 31 grandes.
2770 1740 40 25 On
2835 1740 83 25 essaie
2943 1747 47 24 par
3011 1741 33 24 de
3065 1741 93 31 petites
3175 1741 92 31 pièces,

2506 1770 74 25 telles
2596 1776 51 25 que
2661 1770 110 25 dessous
2781 1770 32 25 de
2826 1772 111 30 plateau,
2954 1772 193 31 pare-lumière,
3204 1778 63 25 pour

2505 1802 103 24 arriver
2622 1808 52 18 aux
2701 1802 146 30 paravents.
2874 1804 20 24 Il
2916 1808 33 18 ne
2978 1802 57 24 faut
3059 1808 46 24 pas
3120 1802 86 25 croire
3220 1808 47 25 que

2505 1833 56 25 cela
2576 1832 51 26 soit
2635 1832 15 25 à
2659 1832 151 33 dédaigner,
2824 1833 109 32 lorsque
2950 1833 61 26 c'est
3024 1833 109 25 exécuté
3143 1839 65 19 avec
3220 1833 47 25 art.

2536 1865 19 22 11
2569 1864 40 24 est
2622 1864 33 24 de
2667 1864 78 25 mode
2769 1871 33 18 en
2816 1870 28 19 ce
2859 1865 119 24 moment
2989 1864 31 24 de
3035 1865 92 22 laisser
3141 1865 26 22 le
3176 1864 91 24 beurre

2506 1900 46 18 sur
2564 1894 25 24 la
2606 1894 73 30 table,
2695 1894 105 31 jusqu'à
2825 1894 26 24 la
2870 1894 37 24 fin
2928 1894 37 24 du
2988 1894 109 30 dessert,
3122 1893 53 25 afin
3190 1896 77 30 qu'on

2506 1925 87 31 puisse
2607 1930 32 19 en
2655 1925 113 31 prendre
2778 1930 64 20 avec
2864 1924 25 26 le
2914 1924 128 32 fromage,
3058 1924 38 26 les
3110 1925 97 31 poires,
3234 1926 33 24 les

2505 1956 76 30 noix,
2595 1956 64 28 etc.,
2675 1956 51 24 etc.
2787 1956 39 24 En
2841 1956 124 30 intimité,
2980 1962 37 19 on
3030 1956 53 25 met
3094 1962 52 19 une
3157 1956 110 32 coquille

2505 1987 32 25 de
2548 1985 93 25 beurre
2655 1985 65 25 dans
2737 1993 52 18 une
2800 1987 80 31 petite
2888 1993 135 26 soucoupe
3031 1988 119 25 chinoise
3159 1989 38 28 (10
3209 1994 44 18 cen-

2506 2017 77 24 times
2598 2016 65 25 dans
2672 2016 61 25 tous
2746 2017 38 25 les
2799 2019 99 31 bazars)
2913 2019 98 25 devant
3033 2019 100 31 chaque
3148 2019 119 24 convive.

2536 2049 71 24 Pour
2619 2048 93 26 milieu
2724 2048 32 26 de
2770 2048 70 26 table
2852 2048 5 32 :
2881 2049 144 31 statuettes,
3044 2055 111 25 groupes
3170 2049 31 25 de
3222 2049 34 24 bis-

2507 2080 63 30 cuit,
2587 2080 32 25 de
2631 2080 52 25 fine
2699 2080 157 31 porcelaine,
2874 2081 78 30 posés
2965 2087 46 18 sur
3022 2087 37 17 un
3076 2080 70 24 socle
3157 2080 32 24 de
3203 2080 64 25 terre

2507 2111 79 30 glaise
2601 2111 79 24 caché
2699 2118 47 22 par
2767 2112 46 24 des
2836 2111 144 30 lycopodes
2995 2117 35 18 ou
3046 2111 46 24 des
3107 2109 158 30 capillaires.

2544 2141 81 24 Autre
2639 2146 92 26 genre:
2744 2147 52 18 une
2805 2141 98 30 grande
2911 2140 122 32 coquille,
3048 2140 53 25 dite
3113 2140 130 25 «bénitier
3255 2150 12 14 »

2507 2172 85 30 pleine
2607 2172 83 28 d'eau,
2705 2172 125 24 entourée
2844 2172 31 24 de
2900 2172 80 24 fleurs
3005 2178 64 19 avec
3083 2171 45 25 des
3149 2172 118 31 poissons

2507 2209 103 24 rouges,
2627 2209 53 17 une
2693 2202 78 30 petite
2793 2203 146 30 grenouille
2965 2203 25 25 et
3006 2209 51 19 son
3069 2203 98 25 échelle
3180 2204 54 24 fera
3246 2203 21 24 là

2506 2233 54 30 joie
2572 2232 46 25 des
2630 2232 78 25 bébés
2721 2238 35 18 un
2771 2232 64 31 jour
2846 2233 32 24 de
2890 2233 107 25 dinelte.
3015 2235 102 24 —Pour
3137 2233 130 31 garniture

2506 2264 37 25 du
2556 2264 111 25 couvert
2683 2263 5 33 :
2705 2270 136 26 napperon
2856 2264 32 25 de
2907 2264 123 25 satinette
3047 2265 80 30 jaune
3142 2264 39 25 vif
3198 2263 69 26 voilé

2506 2296 32 24 de
2559 2296 111 31 guipure
2693 2296 74 25 d'art.
2797 2296 131 25 Branches
2956 2296 219 31 d'épine-vinette
3210 2301 43 19 cou-

2507 2327 58 24 rant
2581 2328 73 22 entre
2668 2327 39 24 les
2724 2327 137 25 corbeilles
2875 2327 133 31 rustiques
3024 2327 99 30 pleines
3137 2327 32 24 de
3191 2324 76 26 fruits

2507 2356 158 24 d'automne.

2537 2386 154 24 Nouveauté
2706 2392 69 22 pour
2798 2387 145 27 suspendre
2960 2386 97 22 devant
3077 2386 38 22 les
3135 2386 90 28 globes
3239 2386 28 24 de

2507 2414 112 24 lumière
2636 2414 4 30 :
2657 2414 148 24 d'énormes
2820 2414 103 24 dahlias
2946 2420 34 18 en
2998 2414 91 30 papier
3106 2414 110 24 couleur
3227 2420 27 18 na-

2507 2445 66 25 ture.
2636 2445 70 25 Pour
2728 2450 80 19 orner
2833 2445 38 25 les
2893 2444 142 26 immenses
3060 2443 142 32 abat-jour,
3223 2443 44 25 des

2509 2477 150 31 guirlandes
2668 2477 32 25 de
2714 2477 81 25 fleurs
2809 2483 33 19 en
2855 2477 91 32 papier
2959 2476 52 26 très
3024 2476 124 26 réussies.

3005 2517 102 20 COUSINE
3118 2517 99 20 JEANNE.

2735 2584 39 19 LA
2794 2584 123 19 CUISINE
2937 2584 110 20 FACILE

2538 2620 79 24 Baba.
2674 2621 47 22 Pas
2750 2620 77 25 facile
2850 2620 35 24 du
2910 2620 59 24 tout
2995 2620 66 25 cette
3090 2620 103 24 recette.
3208 2617 60 26 Mai»

2507 2650 155 30 puisqu'elle
2685 2650 51 25 m'a
2763 2650 40 25 été
2831 2650 151 31 demandée,
2999 2650 25 25 la
3045 2650 69 25 voici
3133 2656 64 19 avec
3217 2654 52 20 mes

2509 2680 120 22 souhaits
2639 2686 69 22 pour
2715 2681 26 24 la
2754 2681 111 25 réussite
2880 2682 38 24 du
2929 2682 106 24 lecteur.

2542 2711 52 22 Une
2615 2709 67 25 livre
2706 2711 25 24 et
2756 2711 86 24 demie
2865 2712 32 24 de
2926 2712 93 28 farine,
3041 2712 66 25 trois
3133 2712 90 31 quarts
3242 2711 27 24 de

2511 2738 102 27 beurre,
2626 2739 107 30 délayés
2751 2740 66 24 dans
2839 2747 52 18 une
2915 2741 79 30 petite
3014 2743 130 25 casserole
3162 2748 63 19 avec
3236 2747 33 19 un

2511 2776 76 18 verre
2601 2767 32 26 de
2644 2769 46 25 lait
2713 2769 67 25 tiède
2806 2770 26 25 et
2858 2772 28 22 18
2914 2778 130 22 grammes
3067 2773 32 24 de
3118 2773 91 25 levure
3220 2772 50 26 très

2511 2800 99 32 fraîche
2639 2800 70 32 (bien
2734 2800 149 32 compacte,
2913 2807 34 19 ne
2972 2803 148 31 s'êgrenant
3146 2810 64 18 sous
3236 2805 33 22 les

2511 2832 110 32 doigls);
2635 2832 106 31 ajouter
2757 2832 26 25 la
2798 2832 126 25 huitième
2936 2832 84 32 partie
3034 2832 33 25 de
3080 2833 26 24 la
3120 2833 92 31 farine,
3222 2835 35 24 for-

2512 2871 56 18 mer
2580 2871 52 19 une
2644 2864 58 31 pâte
2728 2871 38 18 un
2785 2871 51 25 peu
2854 2864 107 32 liquide,
2979 2864 107 25 couvrir
3099 2864 25 25 la
3145 2865 124 24 casserole

2511 2897 25 24 et
2682 2902 52 19 une
2745 2895 177 33 température
2934 2896 96 25 élevée.

2542 2927 117 25 Pendant
2672 2934 51 24 que
2737 2934 28 18 ce
2780 2928 90 24 levain
2884 2934 104 24 pousse,
3006 2934 35 18 on
3054 2927 52 26 met
3122 2928 24 24 le
3161 2927 67 25 reste
3242 2927 27 24 de

2511 2957 26 25 la
2551 2957 85 25 farine
2648 2959 65 24 dans
2726 2965 52 18 une
2793 2959 103 30 terrine,
2910 2965 64 19 avec
2995 2959 59 24 huit
3064 2959 69 24 œufs
3154 2965 51 25 que
3219 2959 51 24 l'on

2512 2989 120 25 travaille
2646 2989 70 30 bien,
2733 2995 33 19 en
2780 2989 26 24 la
2820 2989 142 25 mouillant
2986 2989 64 25 d'un
3071 2989 158 25 demi-verre
3243 2988 26 25 do

2512 3019 54 24 lait.
2591 3021 47 22 Les
2666 3020 69 25 œul's
2756 3020 61 24 sont
2845 3020 104 30 ajoutés
2975 3026 37 18 un
3028 3021 13 22 à
3056 3026 39 18 un
3107 3026 33 18 en
3154 3018 116 26 maniant

2512 3056 35 18 ou
2576 3056 64 19 avec
2663 3051 25 24 la
2717 3051 93 26 cuiller
2835 3050 32 25 de
2891 3051 66 30 bois,
2973 3057 34 18 en
3019 3051 138 24 soulevant
3171 3052 26 22 la
3206 3050 64 32 pâte,

2512 3080 66 25 mais
2590 3086 98 19 JAMAIS
2714 3087 33 19 en
2773 3081 25 25 la
2812 3081 136 25 tournant.
2975 3081 20 24 11
3017 3081 57 25 faut
3093 3081 105 25 obtenir
3222 3086 47 20 une

2512 3111 59 30 pâte
2591 3112 45 28 qui
2665 3112 37 25 ait
2721 3113 38 24 du
2779 3119 86 24 corps,
2881 3113 69 25 mais
2963 3119 71 18 assez
3051 3113 99 31 liquide
3163 3119 67 24 pour
3242 3116 27 20 ne

2512 3148 46 24 lias
2572 3142 111 26 adhérer
2698 3143 15 25 à
2727 3144 25 24 la
2761 3144 102 24 cuiller.

2604 3178 46 31 (La
2665 3178 69 25 suite
2745 3184 35 19 au
2790 3180 131 30 prochain
2933 3180 132 31 numéro).

3033 3221 22 18 M
3059 3219 21 14 llO
3100 3220 94 19 SOPHIE.

2698 3282 81 20 POUR
2802 3282 53 20 LES
2878 3282 216 20 MALHEUREUX

2542 3321 35 21 De
2590 3325 111 24 pauvres
2713 3319 111 24 femmes
2838 3320 115 28 peuvent
2970 3326 97 24 gagner
3092 3320 58 24 leur
3172 3321 43 24 vie
3243 3324 26 21 ek

2512 3350 81 24 tirant
2617 3350 24 24 la
2663 3351 110 22 couleur
2794 3350 77 24 bleue
2895 3351 45 24 des
2962 3351 83 25 vieux
3065 3350 204 31 timbres-poste.

2512 3380 21 25 11
2559 3380 78 24 serait
2662 3380 144 26 charitable
2826 3387 54 19 aux
2907 3381 135 26 chimistes
3071 3381 146 32 d'indiquer
3246 3387 24 19 ce

2512 3417 98 25 moyen
2624 3412 15 22 à
2662 3412 57 24 tant
2734 3412 31 25 de
2778 3419 145 25 personnes
2935 3415 45 31 qui
2993 3415 142 25 cherchent
3156 3413 32 26 de
3213 3412 43 26 mai-

2513 3448 58 24 gres
2588 3448 159 20 ressources.

216 91 25 34 6

1351 80 201 45 Supplément
1569 79 122 35 illustré
1703 80 45 34 du
1763 79 89 35 Petit
1865 79 126 35 Journal

2637 3520 226 21 L'Editeur-Gèrant
2875 3528 6 13 :
2903 3521 32 20 D.
2956 3520 189 21 CASSIGNEUL

2661 3594 9 13 ■
2678 3589 150 18 ARGENT*
2839 3593 25 12 DE
2880 3593 61 15 SUITE,
2955 3593 38 13 SUR
3008 3593 118 13 SIGNATURE.
3141 3588 132 18 DiSCréiiOl».

2678 3607 118 22 SOCIÉTÉ
2804 3611 234 22 INDUSTRIELLE,4,
3039 3614 33 14 rua
3080 3611 112 22 Lamartine,
3197 3607 76 20 PAßlS

2675 3634 38 22 (IL*
2720 3634 71 20 année)
2800 3638 26 13 NE
2837 3638 35 12 PAS
2884 3637 120 14 CONFONDRE
3015 3637 50 13 avec
3074 3633 99 18 certaines
3183 3633 90 17 maisons.

2517 3678 112 20 F&I&TD
2637 3678 17 20 A
2786 3674 22 18 Gt
2817 3673 85 19 travail
2909 3673 53 19 chez
2968 3673 38 21 soi,
3013 3673 129 21 artistique,
3151 3672 73 21 facile,
3230 3670 43 20 très

2517 3692 63 25 !p!o
2589 3692 8 24 S
2609 3692 74 25 ilfiklU
2693 3692 8 24 1
2713 3692 65 24 S&lirâ
2790 3696 47 19 bien
2845 3694 64 27 payé,
2915 3694 34 19 3à
2956 3696 14 17 5
2974 3692 5 30 f
2988 3699 40 19 par
3034 3696 51 21 jour
3092 3699 26 13 en
3129 3692 103 20 utilisant
3241 3694 32 18 ses

2517 3719 129 21 loisirs,lier.
2654 3719 93 24 MEHUN,
2757 3719 30 25 27,
2793 3724 34 15 rue
2836 3718 93 25 Madame,
2937 3718 65 20 Paris.
3009 3718 52 20 Timb.
3071 3723 14 19 p.
3092 3717 35 25 rép.
3135 3717 57 26 Reçoit
3197 3718 19 20 de
3222 3717 26 20 2à
3255 3715 18 21 â*

2653 3765 64 52 lu

2769 3765 92 54 SON
2876 3764 69 53 DE
2965 3762 202 56 CONFIA

2543 3829 182 26 Horlogerie
2744 3829 38 24 A.
2794 3827 211 28 BARTHET,
3018 3824 9 22 à
3039 3826 111 27 BESANÇON
3167 3824 79 28 (Bouts)

2963 3850 309 45 REMOMTOSRS

2518 3912 33 12 ....
2570 3894 5 30 ,
2774 3908 45 15 ofn
2877 3894 41 25 A
2931 3894 19 19 W
3041 3901 34 18 OU
3098 3900 98 19 TRIPLE

2518 3914 57 21 Métal
2774 3915 53 18 air.
2969 3917 299 25 INDÉFRAICHISSABLES

2518 3944 47 22 Tout
2582 3944 67 26 argent
2666 3957 63 9 ....
2758 3940 34 25 15
2804 3941 22 22 fr,
2837 3940 47 33 ({>?
2908 3946 45 18 v*
3020 3947 207 17 GAHANTIS

2518 3976 138 20 Hommes
2683 3976 22 19 &
2728 3973 102 21 Dames
2962 3969 141 20 Hommes
3126 3966 22 20 &
3175 3965 98 21 Damefl

2564 4006 227 20 GARANTIS
3035 3996 37 27 25
3100 3994 106 27 francs

2518 4033 159 20 MONTRES
2687 4035 73 25 depuis
2771 4033 15 19 5
2793 4035 25 20 fr.
2826 4031 154 25 CHAINES,
2993 4030 150 21 REVEILS,
3156 4025 117 21 BIJOUX

2613 4064 70 14 ENVOI
2700 4063 91 14 FRANCO
2809 4063 28 14 DU
2856 4059 132 18 CATALOGUE
3004 4059 45 14 SUR
3065 4057 109 14 DEMANDE

2520 4096 178 67 ÉCOLE
2733 4088 540 78 PRATIQUEES

2517 4170 135 22 Subventionnée
2657 4176 31 17 par
2694 4170 56 21 l'Etat
2756 4170 17 21 et
2778 4170 18 20 ia
2800 4169 50 21 Ville.
2857 4169 52 20 Cours
2915 4168 56 21 leionr
2975 4168 18 20 et
2999 4168 115 21 losoir.Bnrfe
3119 4169 19 21 de
3145 4168 9 20 3
3162 4168 40 21 mois
3208 4169 11 19 A
3223 4173 20 15 un
3249 4170 24 22 anj

2517 4214 65 26 «pa
2600 4214 14 13 a
2678 4213 9 27 I
2694 4212 30 15 «
2737 4206 215 22 BIJOU-FARCE,
2966 4206 99 25 piquant
3081 4205 33 20 les
3128 4204 76 27 doigte
3215 4202 14 21 à
3239 4204 34 24 qui

2517 4227 105 39 BiHS
2644 4227 11 39 1
2676 4227 89 39 IN*®
2777 4234 46 21 sait
2833 4233 94 21 l'ouvrir
2939 4235 130 26 (av.instr.)
3080 4234 125 26 25cent.pr
3210 4228 63 26 envoi

2646 4256 9 24 '
2734 4266 38 20 feo
2781 4266 107 20 av.catal.
2898 4266 90 21 illustré
3000 4266 104 20 Farceur
3111 4266 35 26 (3S
3154 4260 119 32 pages),Bod

2516 4298 162 21 art.farceset
2698 4298 84 26 attrap.
2794 4299 28 19 E.
2842 4299 113 22 LAUGIEB,
2968 4299 33 20 23,
3017 4303 41 15 rue
3076 4294 197 24 St-Sabin,Paris-

2517 4342 105 44 Imprimé
2636 4355 40 20 sur
2687 4342 26 34 la
2725 4343 98 33 nouvelle
2836 4343 99 33 machine
2948 4341 148 43 cliromo-typo
3106 4338 27 33 do
3146 4333 126 38 MARINONI

2562 4403 26 22 D.
2601 4404 15 21 G
2619 4410 97 17 ASSIGNE
2719 4411 35 18 UL.
2767 4404 152 25 Imprimeur.
2934 4403 34 22 61,
2983 4409 43 14 rue
3040 4402 130 26 Lal'ayette,
3182 4401 66 22 Paris

2361 4496 67 17 SEUL
2439 4498 100 20 approuvé
2546 4501 38 17 par
2593 4496 12 17 Y
2607 4492 145 22 ACADÉMIE
2759 4496 25 15 de
2792 4492 144 20 MÉDECINE
2939 4498 76 13 comme
3022 4492 19 18 lo
3052 4492 43 22 plus
3106 4492 53 19 actif
3171 4493 15 18 et

2361 4518 18 18 lo
2385 4518 44 22 plus
2433 4518 158 24 économique,
2597 4521 67 15 contre
2672 4518 123 19 ANÉMIE,
2805 4515 381 19 FAIBLESSE,PERTES,MAUX

2363 4545 176 13 D'ESTOMAC.
2546 4540 81 21 Exiger
2634 4540 17 17 te
2656 4537 293 22 VKAl.U,r.Beaux-Arts,
2950 4537 64 18 Paris

1723 4612 123 41 Dépuratif
1857 4607 130 40 CHâILE,
1995 4609 19 33 sf,5
2017 4612 7 18 f
2027 4607 5 46 ,
2040 4618 45 25 avec
2091 4611 85 32 lodure
2185 4609 18 34 6
2205 4613 7 17 f

1723 4656 92 22 contre
1821 4645 191 30 ECZÉMA.—
2022 4652 189 21 DARTRES

1753 4680 184 28 ULCÈRES
1951 4685 27 20 et
1993 4683 189 22 SYPHILIS

1722 4720 72 20 Dans
1815 4719 41 20 les
1877 4715 181 22 Pharmacies.
2128 4714 84 24 Envol

1746 4744 104 20 franco
1866 4743 93 21 contre
1975 4741 210 24 mandat-poste.

2322 4696 221 48 SANG

2570 4607 41 25 Le
2626 4606 126 24 Docteur
2770 4605 86 22 traite
2875 4605 43 24 les
2937 4605 139 24 maladies
3092 4605 34 22 de
3142 4604 27 24 la
3185 4603 85 24 Peau»

2570 4637 43 25 les
2633 4636 89 24 Vices
2746 4635 38 25 du
2809 4635 96 31 Sang,
2927 4636 30 24 et
2985 4635 130 25 diverses
3139 4631 131 26 maladies

2570 4674 56 26 que
2641 4667 57 25 l'on
2713 4665 94 26 désire
2822 4665 116 32 soigner
2950 4671 71 19 avec
3034 4659 236 30 DISCRETION.

2683 4700 99 27 Ecrire
2799 4700 112 27 détails.
2926 4701 109 31 (Notice
3050 4700 116 31 gratis).

2570 4733 47 31 28,
2631 4739 48 20 rue
2689 4733 126 31 Bergère,
2832 4731 86 26 Paris.
2933 4733 106 28 (Ci-devant
3057 4729 4 34 :
3081 4731 40 27 36,
3138 4739 30 17 rue
3182 4729 89 26 Yiviennej
