3338 4891
132 143 78 27 Mais
228 142 24 27 il
268 143 45 26 est
330 141 61 27 mal
406 141 34 27 de
461 141 44 26 lui
528 139 116 27 refuser
663 139 31 26 la
710 139 149 26 bravoure

97 178 165 34 physique;
296 184 33 20 sa
358 177 126 26 carrière
509 177 45 26 est
576 175 99 35 pleine
705 174 35 27 de
769 174 89 26 traits

97 214 168 34 héroïques.

131 257 24 26 A
170 263 34 20 sa
217 256 132 27 dernière
369 255 99 32 heure,
483 254 22 27 il
521 262 18 17 a
554 254 112 34 prouvé
678 261 56 19 son
748 253 111 35 mépris

97 295 118 32 stoïque
230 292 33 26 de
279 292 30 25 la
322 292 86 30 mort,
428 298 56 18 son
506 289 112 26 suicide
632 296 18 19 a
660 289 45 26 été
722 289 137 26 combiné

96 335 73 20 ave.;
181 334 43 20 un
239 334 65 20 rare
319 325 178 34 sang-froid.

130 373 31 26 Pi
174 380 38 19 ur
226 379 56 19 son
298 370 145 31 honneur,
461 376 77 20 nous
553 369 144 27 l'aurions
722 367 138 26 souhaité

98 409 97 26 moins
213 412 208 27 romanesque,
438 405 98 26 moins
553 404 141 27 théâtral.

132 451 150 27 Peut-être
295 449 86 27 eût-il
396 449 39 26 dû
448 457 32 19 se
496 449 143 26 souvenir
650 448 35 26 de
696 456 32 18 sa
737 448 122 33 femme,

98 495 72 20 sans
193 484 149 35 reproche,
369 484 33 27 de
431 491 47 19 ses
508 484 86 32 filles,
613 484 72 26 dont
715 483 79 26 l'une
816 485 45 24 est

98 522 110 27 mariée
224 522 15 25 à
254 529 40 18 un
309 521 81 34 loyal
404 520 122 31 officier,
544 521 28 25 et
588 527 37 18 ne
640 519 65 26 leur
720 517 86 34 point
816 517 31 26 in-

99 557 85 34 fliger
200 556 26 27 le
247 556 137 34 suprême
412 556 110 26 affront
547 555 35 26 de
605 562 33 18 sa
665 555 79 25 mort
765 561 52 19 sur
833 553 28 26 la

100 593 98 27 tombe
209 593 34 26 de
257 600 33 19 sa
307 591 165 27 maîtresse.

135 641 31 27 Si
181 641 150 26 vraiment
351 640 22 26 il
393 640 48 25 n'a
461 647 41 26 pu
521 639 158 33 supporter
693 637 27 27 le
736 637 125 34 chagrin

99 677 35 27 de
145 685 33 19 sa
194 676 170 35 séparation
383 681 73 18 avec
464 673 78 26 Mme
556 673 34 26 de
600 673 216 32 Bonnemains,
835 673 26 26 si

99 712 30 27 la
139 712 41 27 fin
195 712 34 26 de
242 719 34 19 sa
287 711 50 26 vie
352 709 50 27 n'a
416 717 53 26 pas
487 717 35 18 eu
537 717 76 26 pour
628 716 99 24 cause,
746 716 115 18 comme

99 748 131 26 certains
252 745 187 31 l'insinuent,
456 744 31 26 la
502 745 172 26 conviction
694 744 34 26 de
748 751 56 19 son
823 743 26 26 ir-

100 781 180 28 rémédiable
298 780 110 26 défaite
417 782 28 25 et
459 788 47 20 ses
521 780 154 27 embarras
690 778 171 31 financiers,

901 133 22 25 il
938 132 51 27 eût
1003 141 41 26 pu
1061 132 60 26 être
1128 132 69 34 plus
1211 131 110 27 discret
1335 132 30 25 et
1381 138 30 18 se
1426 130 97 26 briser
1537 129 27 27 le
1580 129 86 28 crâne

900 176 37 20 en
951 176 41 18 un
1007 169 85 25 autre
1115 168 129 26 endroit.

937 211 76 32 Quoi
1023 211 72 35 qu'il
1107 219 37 19 en
1157 210 67 33 soit,
1243 219 33 18 sa
1289 210 41 26 fin
1343 210 116 34 impose
1473 217 38 19 au
1527 209 100 27 moins
1642 210 25 26 le

901 248 119 27 silence.

937 292 65 26 Elle
1029 291 116 27 servira
1159 298 38 19 en
1212 291 115 26 France
1349 291 18 25 à
1394 289 208 35 l'apaisement
1618 289 48 26 des

902 327 152 27 discordes
1075 326 111 34 auquel
1212 326 176 27 travaillent
1413 333 37 19 en
1479 333 32 18 ce
1535 326 131 25 moment

901 365 69 24 tous
1009 370 73 19 ceux
1120 361 52 35 qui
1201 360 231 27 véritablement
1462 360 113 26 aiment
1604 360 63 26 leur

901 398 105 34 patrie.

938 443 45 25 On
1004 450 31 19 se
1055 441 176 35 rappellera,
1246 449 77 27 pour
1341 441 44 26 les
1411 439 190 32 condamner,
1626 439 40 26 les

904 478 99 26 fautes
1018 477 164 34 politiques
1196 477 40 26 du
1251 476 123 34 général
1390 475 181 34 Boulanger,
1589 475 78 25 mais

904 513 43 26 les
961 513 106 34 justes,
1078 521 57 26 que
1149 511 119 34 n'égare
1281 511 86 34 point
1376 510 30 26 la
1415 510 133 35 passion,
1563 517 31 19 se
1603 517 48 19 sou-

905 548 161 27 viendront
1082 548 73 34 qu'il
1168 548 46 26 fut
1231 555 41 19 un
1286 547 99 28 soldat
1400 544 230 37 irréprochable.

940 592 45 27 On
998 593 83 34 prête
1095 600 39 18 au
1149 591 152 28 maréchal
1317 589 175 32 Canrobert,
1514 596 43 19 un
1578 589 89 26 brave

905 628 53 34 qui
972 628 122 26 connaît
1110 628 43 26 les
1165 628 118 31 braves,
1302 634 41 19 un
1358 627 63 25 mot
1437 625 123 27 curieux
1578 625 5 38 :

940 672 106 27 Fut-ce
1075 671 201 32 coïncidence,
1300 670 92 26 fut-ce
1419 667 120 35 produit
1563 667 33 26 de
1624 674 43 20 ses

906 706 112 33 efforts,
1035 706 24 26 il
1068 709 46 25 est
1127 706 116 27 certain
1256 712 58 27 que
1329 704 133 35 pendant
1475 704 26 26 le
1515 703 151 27 ministère

906 743 40 26 du
961 742 122 34 général
1096 742 174 34 Boulanger
1285 733 86 33 on'se
1393 739 59 35 prit
1474 739 98 35 parmi
1594 746 72 19 nous

907 780 17 25 à
951 777 116 27 relever
1094 778 31 26 la
1150 778 69 31 tête,
1252 784 76 19 nous
1349 775 144 27 sentîmes
1509 782 58 27 que
1594 782 72 19 nous

1711 130 109 26 avions
1834 130 139 26 retrouvé
1987 130 86 26 notre
2089 129 79 26 force
2185 130 28 25 et
2233 129 59 26 l'on
2314 129 162 33 envisagea

1710 165 125 27 l'avenir
1851 172 73 20 avec
1939 165 98 26 moins
2055 163 215 35 d'inquiétude.

1744 206 26 26 A
1787 213 89 19 cause
1889 204 35 27 de
1939 203 72 33 cela,
2029 204 27 26 le
2081 203 152 27 maréchal
2252 202 167 27 Ganrobert
2435 203 40 26 dit

1711 248 58 26 que
1793 240 27 26 le
1845 240 122 34 général
1993 240 172 33 Boulanger
2187 240 84 26 avait
2284 239 144 27 redressé
2452 240 24 26 le

1706 283 139 26 pompon
1869 278 38 25 de
1922 276 31 25 la
1968 276 131 25 France.

1746 314 47 27 En
1808 314 104 32 vérité,
1930 313 26 26 si
1969 313 27 27 le
2011 313 155 27 maréchal
2190 321 18 18 a
2220 313 72 34 jugé
2309 313 167 26 sainement

1711 358 31 19 ce
1757 350 119 34 jour-là,
1896 350 64 27 cela
1983 348 90 27 efface
2089 350 70 26 bien
2176 350 51 26 des
2243 348 99 26 fautes
2363 348 39 26 du
2419 350 43 25 sui-

1711 385 64 27 cidé
1789 384 144 27 d'lxelles.

1941 430 52 50 Les
2019 439 63 40 ours
2105 430 35 48 du
2165 430 98 59 Cap

1749 500 210 35 (Destruction
1972 501 78 26 d'un
2063 502 155 32 troupeau
2230 501 37 25 de
2283 500 159 33 moutons)

1748 546 46 27 On
1809 547 106 25 trouve
1933 552 105 19 encore
2049 543 51 27 des
2117 552 71 18 ours
2206 550 37 19 en
2257 542 115 27 France
2393 544 83 25 autre

1713 582 69 34 part
1795 587 57 28 que
1866 580 76 26 dans
1955 580 44 26 les
2014 580 188 33 ménageries
2219 586 39 19 ou
2274 578 77 27 dans
2366 579 43 26 les
2419 579 43 33 jar-

1714 618 69 26 dins
1799 615 204 34 zoologiques.

1749 660 26 26 Il
1789 669 20 26 y
1824 666 38 19 en
1874 667 18 18 a
1907 667 39 18 au
1961 661 85 24 mont
2060 659 128 34 Cagyre,
2206 659 28 25 et
2251 658 34 26 de
2298 658 159 26 Saint-Gau-

1714 696 74 27 dens
1804 703 39 19 on
1858 702 78 20 nous
1952 694 214 35 télégraphiait
2181 694 182 26 récemment
2389 693 25 26 le
2435 692 27 26 ré-

1714 731 40 26 cit
1768 730 34 27 de
1819 730 65 26 leur
1900 730 116 26 dernier
2031 730 122 34 exploit.

1750 775 189 34 Apercevant
1965 774 35 26 de
2016 774 65 27 leur
2095 774 115 27 tanière
2226 781 41 19 un
2284 774 145 34 troupeau
2444 772 32 27 de

2522 135 152 30 moutons,
2692 132 38 26 ils
2745 139 30 19 se
2792 132 110 26 mirent
2927 139 35 19 en
2988 132 104 27 devoir
3107 132 35 27 de
3156 132 26 26 le
3198 139 66 28 pour-

2522 168 120 27 chasser
2655 168 59 26 afin
2733 168 145 34 d'ajouter
2903 169 18 25 à
2946 167 65 28 leur
3034 169 161 31 ordinaire,
3213 168 53 27 mai-

2523 210 51 26 gre
2598 210 72 20 sans
2698 204 99 31 doute,
2817 203 129 34 quelque
2981 203 85 33 gigot
3104 210 181 25 savoureux,

2522 239 129 34 quelque
2668 239 156 26 succulent
2841 239 80 26 carré
2937 237 34 27 de
2980 237 163 27 côtelettes.

2557 282 77 26 Mais
2649 282 44 26 les
2705 283 141 25 moutons
2856 282 174 27 dévalèrent
3041 289 37 19 en
3092 282 113 32 grande
3219 282 66 26 hâte

2520 319 30 25 et
2564 318 27 26 le
2608 320 145 32 troupeau
2765 326 128 27 presque
2903 319 67 25 tout
2983 318 96 27 entier
3097 318 102 26 tomba
3210 318 74 26 dans

2520 360 41 19 un
2578 353 155 34 précipice.

2557 402 26 26 Il
2600 402 91 27 serait
2705 403 17 24 à
2737 410 109 26 propos
2869 402 146 35 peut-être
3035 402 33 27 de
3092 400 193 35 philosopher

2522 438 28 26 et
2564 438 34 26 de
2615 445 31 19 se
2662 437 162 26 demander
2836 438 47 26 s'il
2894 438 46 25 fut
2948 445 77 26 pour
3037 445 46 18 ces
3098 438 138 33 porteurs
3253 437 32 26 de

2520 472 81 26 laine
2630 471 136 26 meilleur
2792 471 89 27 d'être
2903 471 198 27 écrabouillés
3122 474 98 33 parmi
3244 471 40 27 les

2520 509 122 26 rochers
2655 516 39 18 ou
2711 507 125 27 dévorés
2851 515 54 27 par
2922 508 43 28 les
2975 515 80 19 ours.

2557 552 76 32 Quoi
2649 552 73 34 qu'il
2746 559 38 19 en
2810 552 67 31 soit,
2902 559 37 18 on
2962 552 64 26 doit
3051 552 155 26 souhaiter
3230 557 54 27 que

2519 587 44 27 les
2577 588 161 26 chasseurs
2746 587 35 26 de
2791 586 105 32 la-bas,
2911 587 51 33 qui
2991 594 30 18 se
3046 588 128 25 mettent
3191 588 93 25 trente

2522 624 100 25 contre
2637 630 59 19 une
2711 622 139 32 alouette,
2870 621 262 34 garnissentlehrs
3142 621 143 26 vaillants

2520 658 90 26 fusils
2627 658 34 26 de
2675 658 148 26 sérieuses
2838 657 191 27 chevrotines
3047 658 28 24 et
3089 657 196 33 poursuivent

2522 693 178 26 solidement
2717 699 47 20 ces
2784 699 162 27 mangeurs
2960 692 34 27 de
3005 693 152 25 moutons.

2557 736 158 34 L'élevage
2744 745 21 26 y
2792 744 133 26 gagnera
2961 738 28 25 et
3024 743 77 19 nous
3138 743 146 27 payerons

2522 771 100 26 moins
2639 771 69 26 cher
2721 771 45 26 les
2781 771 155 26 descentes
2953 771 34 26 de
3002 771 44 26 lit.

1222 4600 150 76 Les
1454 4596 202 78 Ours
1734 4594 96 78 du
1910 4590 289 99 Gagyre

700 4736 11 39 (
736 4736 587 38 IDESTETTCTIOIT
1371 4733 201 33 ID'TTIT
1616 4728 474 34 TKOUPEAU
2137 4726 110 32 IDE
2294 4722 403 33 MOUTONS
2722 4715 7 43 )

237 80 21 32 8

1369 71 197 34 Supplément
1586 71 120 34 illustré
1721 71 43 34 du
1782 71 85 34 Petit
1881 71 125 34 Journal
