3332 4897
77 152 146 33 comique,
249 150 99 35 plutôt
365 150 151 34 comique,
539 150 28 25 et
594 146 247 27 confectionneur

77 188 34 27 de
126 187 106 35 petites
267 194 107 19 revues
402 185 34 26 de
464 185 43 26 fin
535 184 141 27 d'années
703 189 74 27 pour
796 181 44 27 les

77 223 131 27 théâtres
236 222 52 27 des
317 219 391 34 Délassements-Lyriques
730 217 28 26 et
788 216 52 27 des

77 256 385 32 Folies-Montmartroises,
481 255 34 27 de
540 256 59 25 très
617 254 91 26 haute
723 250 116 27 famille

77 293 194 37 provinciale,
288 293 59 26 très
373 291 204 27 collet-monté
598 291 27 25 et
648 289 53 34 qui
725 287 115 35 signait

77 338 47 19 ses
141 335 118 21 œuvres
275 335 6 19 :
299 328 89 26 VLAN
399 327 6 26 !
429 333 77 28 pour
527 333 35 19 ne
582 333 54 27 pas
664 332 31 19 se
709 330 113 28 compro-

77 367 116 26 mettre.

112 412 39 27 M.
170 411 116 27 Gilbert
304 410 34 26 de
353 409 138 34 Sanceny
513 416 30 19 se
559 406 203 27 débarrassait
778 406 17 25 à
810 404 30 27 la

77 448 70 28 bâte
162 446 51 27 des
223 445 145 35 quelques
384 445 130 27 dossiers
530 443 90 35 qu'on
639 443 44 26 lui
705 439 133 33 confiait,

77 485 39 31 et,
131 484 28 26 le
175 483 78 25 reste
266 481 39 26 du
320 482 107 33 temps,
444 480 24 27 il
481 478 167 27 travaillait
664 485 74 27 pour
752 476 44 27 lui
813 477 27 25 et

77 517 131 28 recevait
230 517 123 26 nombre
370 516 106 27 d'amis
491 517 28 25 et
536 515 34 26 de
593 513 247 28 collaborateurs.

78 555 45 27 On
143 553 110 37 parlait
272 554 18 25 à
312 552 126 27 mi-voix
463 550 149 27 d'articles
638 550 17 25 à
674 548 164 31 sensation,

78 589 35 26 de
128 596 122 19 romans
266 589 18 26 à
304 588 30 27 la
353 587 86 27 mode
468 588 30 25 et
520 586 34 26 de
576 585 97 34 pièces
691 585 18 25 à
726 583 111 26 succès.

78 625 128 32 Bachot,
235 625 70 26 bien
334 622 73 35 qu'il
436 620 156 28 continuât
609 619 230 34 régulièrement

78 661 18 26 à
109 661 91 26 écrire
215 667 72 20 sans
312 659 151 33 s'occuper
482 657 35 26 de
535 663 54 19 son
612 654 110 33 voisin,
737 654 86 26 enten-

79 697 63 26 dait
165 696 167 35 cependant
360 693 44 26 les
431 691 228 28 conversations
691 698 71 19 sans
796 689 44 26 les

78 733 119 26 écouter
208 739 6 24 ;
244 732 28 25 et
299 729 98 27 c'était
410 735 41 19 un
464 726 261 27 bourdonnement
748 725 78 27 conti-

77 767 72 27 nuel
178 767 53 34 qui
259 764 104 27 venait
377 763 100 27 bruire
494 771 59 18 aux
569 762 118 27 oreilles
704 762 39 26 du
768 759 73 27 vieil

80 803 135 34 employé
231 803 5 34 :

162 843 63 31 Que
241 841 94 26 dis-tu
351 840 33 27 de
396 840 30 27 la
442 840 91 35 petite
547 839 97 27 Chose
654 837 14 27 ?

162 882 39 26 Et
215 882 26 26 le
259 881 96 34 grand
370 880 122 28 Machin
504 879 14 27 ?

161 922 64 26 Elle
235 930 18 19 a
263 922 44 26 été
324 921 133 34 superbe,
474 922 33 26 tu
523 920 70 27 sais.

163 963 25 27 Il
203 972 20 27 y
236 971 18 18 a
269 970 58 19 une
343 961 80 35 pièce
439 961 17 26 à
470 960 74 27 faire
555 967 74 20 avec
644 967 44 26 ça.

163 1004 136 27 Sublime
312 1003 26 26 le
356 1002 167 35 quatrième
539 1000 65 26 acte
617 1000 6 26 !

115 1044 115 27 Bachot
262 1043 61 35 qui,
345 1050 38 18 au
403 1041 272 31 commencement,
710 1039 116 26 n'enten-

80 1081 63 27 dait
167 1080 65 26 rien
260 1080 18 25 à
304 1078 66 26 tout
385 1084 31 19 ce
433 1077 94 25 fatras
544 1076 34 26 de
593 1075 117 35 paroles
726 1076 28 25 et
772 1075 57 31 trai-

80 1116 66 32 tait,
164 1115 37 26 in
217 1116 92 32 petto,
324 1114 69 25 tous
406 1120 47 18 ces
467 1117 74 27 gens
555 1111 31 25 là
599 1111 35 26 de
647 1110 77 31 fous,
741 1110 100 27 arriva

80 1159 39 20 au
133 1150 73 26 bout
234 1149 35 27 de
296 1148 129 35 quelque
442 1148 98 32 temps
555 1146 17 25 à
602 1146 191 34 comprendre
810 1153 31 19 ce

80 1186 90 37 qu'ils
185 1185 130 26 disaient
327 1183 30 26 et
372 1183 69 25 finit
456 1182 18 25 à
489 1181 44 34 s'y
541 1181 169 26 intéresser.
730 1180 22 27 11
768 1181 73 26 était

81 1230 39 19 au
129 1221 126 27 courant
261 1219 51 26 des
319 1219 98 33 pièces
429 1215 98 35 prêtes
543 1217 15 25 à
572 1224 111 27 passer.
703 1215 26 27 Il
743 1215 98 35 apprit

80 1265 58 27 que
155 1252 224 31 mademoiselle
394 1259 64 20 une
485 1253 69 25 telle
574 1252 84 26 avait
686 1252 155 34 beaucoup

81 1293 34 26 de
131 1291 106 30 talent,
254 1289 78 26 mais
348 1287 106 34 qu'elle
471 1287 171 33 grasseyait
654 1294 6 25 ;
672 1294 57 27 que
746 1287 93 34 M...,

81 1326 53 37 qui
149 1325 142 27 semblait
304 1324 60 27 fort
378 1322 174 34 intelligent
572 1324 17 25 à
608 1323 30 26 la
654 1324 94 30 scène,
768 1323 73 25 était

81 1363 66 27 bête
162 1369 40 19 au
217 1359 117 27 dernier
356 1359 89 33 degré
467 1365 60 20 aux
548 1358 187 33 répétitions.
752 1357 26 27 Il
796 1357 47 26 lut

81 1398 28 26 la
138 1396 152 28 troisième
318 1402 77 27 page
424 1394 51 26 des
502 1394 162 33 journaux,
683 1395 26 24 le
724 1393 118 34 compte

81 1433 96 28 rendu
200 1430 198 33 dramatique,
429 1429 30 26 la
488 1429 93 26 soirée
606 1429 195 34 parisiennne
814 1429 28 25 et

81 1469 43 27 les
141 1468 89 27 échos
243 1467 51 26 des
319 1465 156 27 coulisses.
501 1463 26 27 Il
543 1463 60 26 alla
626 1472 38 18 au
679 1463 118 26 théâtre
814 1463 28 26 et

83 1499 91 33 retint
195 1502 74 26 trois
288 1502 84 33 jours
397 1501 18 25 à
436 1499 136 27 l'avance
595 1507 43 18 un
664 1499 130 26 fauteuil
807 1498 35 26 de

83 1539 154 28 deuxième
253 1535 111 35 galerie
379 1543 76 27 pour
469 1541 60 20 une
542 1534 145 33 première
702 1541 38 19 au
751 1534 69 33 Gym-

83 1583 84 20 nase.

117 1619 77 27 Chez
208 1618 52 32 lui,
286 1624 37 19 en
346 1615 116 26 faisant
476 1622 56 19 son
546 1615 105 35 piquet
666 1623 73 18 avec
761 1613 26 27 le
801 1622 28 19 re-

81 1657 86 30 lieur,
182 1655 67 26 tout
265 1659 37 19 en
317 1652 122 26 battant
452 1650 44 27 les
509 1652 106 30 cartes,
628 1650 22 26 il
664 1651 104 34 risqua
782 1658 60 19 une

83 1700 39 18 ou
145 1691 79 26 deux
246 1688 59 26 fois
326 1685 148 35 quelques
496 1685 221 34 appréciations
745 1694 52 18 sur
816 1685 26 26 le

83 1726 116 30 théâtre
214 1730 38 20 en
266 1721 120 35 général
399 1729 7 22 ;
423 1728 41 19 un
476 1722 61 25 soir
547 1721 105 32 même,
667 1721 22 26 il
703 1729 137 27 proposa,

83 1768 115 21 comme
209 1757 24 27 il
247 1757 74 26 était
335 1756 34 27 de
383 1756 98 27 bonne
495 1756 100 32 heure,
618 1756 226 27 d'abandonner

83 1805 74 28 pour
170 1796 76 26 cette
259 1793 59 27 fois
345 1792 31 26 la
390 1792 96 35 partie
501 1793 28 25 et
546 1791 103 27 d'aller
664 1800 39 18 au
728 1792 97 27 Vaude-

83 1833 71 28 ville
169 1828 142 30 entendre
325 1835 58 19 une
399 1828 81 33 pièce
507 1827 149 27 nouvelle.
676 1827 60 27 Son
748 1828 81 33 parte-

83 1869 83 27 naire
181 1866 93 34 ayant
287 1864 113 35 préféré
413 1864 93 25 rester
522 1863 18 26 à
554 1861 31 26 la
598 1863 128 31 maison,
736 1863 22 26 il
768 1863 61 26 n'in-

83 1905 76 27 sista
181 1909 63 27 pas.
270 1898 183 35 Cependant,
481 1898 145 34 quelques
646 1900 85 32 jours
745 1899 94 34 après,

83 1939 21 27 il
118 1938 99 27 revint
231 1937 17 25 à
262 1935 31 26 la
308 1933 109 33 charge
428 1941 6 25 ;
451 1933 78 26 mais
543 1933 107 26 l'autre
666 1933 43 26 lui
735 1938 87 30 répon-

83 1976 44 26 dit
143 1982 6 19 :

167 2020 86 27 Voilà
266 2020 46 27 six
328 2028 54 19 ans
398 2028 57 27 que
465 2021 28 33 je
510 2019 59 27 n'ai
582 2024 54 28 pas
653 2016 58 26 mis
726 2014 27 27 le
775 2014 69 35 pied

83 2065 39 19 au
137 2056 116 27 théâtre
266 2063 6 25 ;
287 2056 30 33 je
331 2056 52 33 n'y
396 2056 66 27 vais
477 2062 56 27 pas
548 2055 28 26 et
592 2055 27 33 je
637 2059 46 19 me
699 2050 63 26 suis
778 2056 50 27 pro-

83 2092 59 28 mis
155 2092 35 26 de
207 2092 51 34 n'y
272 2092 69 34 plus
356 2091 111 34 jamais
478 2089 80 26 aller.

118 2135 115 26 Bachot
248 2143 37 19 ne
300 2135 137 34 répliqua
452 2141 64 27 pas,
534 2133 78 27 mais
622 2132 27 26 le
660 2131 181 31 lendemain,

83 2171 21 26 il
119 2171 34 26 fit
169 2171 73 26 faux
254 2171 83 26 bond
348 2172 18 25 à
381 2178 54 19 son
450 2170 61 26 ami
527 2170 28 25 et
572 2167 59 26 alla
653 2166 65 27 seul
742 2167 86 26 enten-

83 2206 51 27 dre
149 2206 30 26 la
194 2206 79 34 pièce
286 2206 150 27 nouvelle.

118 2251 106 27 C'était
253 2252 84 26 toute
360 2259 59 19 une
445 2248 252 30 transformation
735 2246 52 35 qui
814 2254 30 19 se

83 2287 104 26 faisait
216 2287 103 31 sentir,
346 2294 61 19 non
436 2294 54 26 pas
517 2284 167 27 seulement
700 2283 70 26 chez
789 2282 52 31 lui,

83 2322 79 27 mais
175 2329 105 19 encore
296 2330 38 18 au
350 2321 164 27 ministère.
527 2321 123 26 Comme
658 2327 38 19 on
705 2317 44 26 lui
761 2317 84 27 avait

84 2354 115 37 donné,
233 2365 43 19 un
308 2357 76 33 jour,
417 2363 59 20 une
507 2356 87 26 lettre
628 2355 17 25 à
676 2354 98 34 copier
807 2354 38 25 où

84 2400 38 19 on
136 2393 84 25 avait
235 2393 99 33 répété
351 2392 78 26 deux
448 2391 58 26 fois
529 2400 13 15 «
559 2389 31 26 la
602 2396 113 19 somme
733 2388 72 26 dont
822 2388 24 25 il

84 2428 91 33 s'agit
191 2437 24 22 »,
236 2427 123 32 Bachot,
377 2427 35 25 de
436 2426 163 30 lui-même,
618 2422 150 34 remplaça
787 2431 13 17 «
816 2422 30 26 la

85 2470 113 20 somme
214 2461 73 27 dont
302 2461 22 26 il
340 2461 89 34 s'agit
443 2471 13 17 »
474 2467 53 28 par
544 2470 14 17 «
572 2459 92 27 ladite
681 2465 113 20 somme
813 2467 27 19 ».

85 2498 105 27 C'était
214 2498 30 26 la
270 2498 144 35 première
443 2497 67 33 fois,
535 2496 104 35 depuis
664 2494 90 33 vingt
778 2500 64 26 ans,

84 2533 74 35 qu'il
174 2541 31 19 se
220 2533 172 34 permettait
409 2533 34 26 de
463 2532 74 27 faire
560 2532 26 26 le
607 2530 135 27 moindre
756 2529 72 26 chan-

85 2571 122 32 gement
222 2577 59 18 aux
293 2568 103 27 lettres
409 2567 74 35 qu'il
496 2567 118 35 copiait.
633 2565 60 27 Son
709 2565 69 26 chef
793 2564 40 26 s'a-

84 2604 104 34 perçut
203 2604 34 26 de
252 2604 28 25 la
293 2604 90 26 chose
396 2604 27 26 et
436 2603 26 26 le
477 2603 115 26 félicita
606 2609 53 19 sur
674 2608 54 19 son
745 2600 86 26 initia-

85 2640 70 26 tive.
177 2639 115 27 Bachot
308 2647 30 19 se
352 2646 168 27 rengorgea
533 2639 27 25 et
578 2644 30 19 se
624 2637 66 26 crut
704 2635 128 34 positive-

85 2676 83 25 ment
184 2675 51 26 des
252 2675 197 34 dispositions
463 2672 172 27 littéraires.
654 2670 44 25 La
716 2669 94 32 gloire
820 2669 28 24 et

84 2709 44 26 les
144 2711 102 25 succès
263 2709 136 32 d'argent
416 2709 52 25 des
493 2708 124 24 auteurs
631 2705 17 25 à
659 2704 31 25 la
703 2702 86 26 mode
803 2702 45 26 lui

85 2746 176 26 tournèrent
280 2744 31 26 la
335 2744 67 25 tête.
422 2741 27 26 Il
469 2748 38 19 en
530 2741 67 26 vint
620 2740 18 25 à
652 2739 146 33 regretter
814 2737 34 26 de

86 2780 116 26 n'avoir
217 2787 54 26 pas
292 2778 96 26 choisi
413 2777 28 27 la
458 2777 126 28 carrière
599 2776 52 26 des
666 2774 115 27 lettres.
800 2773 48 27 Un

86 2823 57 26 peu
157 2813 78 35 plus,
250 2813 22 26 il
288 2813 50 26 eût
352 2813 59 35 jeté
428 2820 47 20 ses
490 2812 144 35 grattoirs
648 2812 28 25 et
693 2818 34 19 sa
742 2810 90 26 sanda-

86 2858 93 27 raque
196 2858 59 18 aux
272 2850 98 27 orties.
387 2850 39 27 Sa
442 2851 90 25 tenue
546 2856 31 19 se
593 2846 142 27 ressentit
750 2846 35 26 de
801 2852 47 20 ses

86 2885 156 27 nouvelles
259 2885 193 35 aspirations.
470 2885 39 26 Sa
535 2883 168 34 redingote,
728 2883 106 33 jusque-

86 2921 30 27 là
139 2921 283 35 impitoyablement
448 2919 181 32 boutonnée,
646 2916 204 28 s'entrebâilla

87 2957 231 33 coquettement,
338 2963 47 20 ses
396 2956 137 26 cheveux
543 2953 196 27 abandonnés
755 2953 18 25 à
781 2960 53 18 eux-

87 2993 112 25 mêmes
217 2991 213 34 s'allongèrent
444 2989 123 34 jusqu'à
583 2996 54 19 son
657 2996 54 18 cou
728 2995 35 19 en
780 2987 53 26 bou-

89 3027 60 26 cles
164 3027 105 25 frisées
299 3028 28 24 et
357 3034 34 18 sa
410 3028 120 24 cravate
557 3024 34 27 de
618 3024 81 26 satin
728 3022 66 26 noir
820 3028 32 20 se

89 3061 137 32 changea
240 3069 37 19 en
291 3069 58 19 une
364 3060 178 33 Lavallière,
559 3059 123 28 couleur
696 3058 99 31 claire,
814 3065 39 19 au

89 3097 92 27 nœud
197 3098 189 25 artistement
405 3096 130 34 négligé.
554 3096 26 26 Il
598 3093 126 37 quittait
739 3093 113 34 parfois

89 3133 76 25 dans
180 3132 30 27 la
226 3133 124 32 journée
364 3139 33 20 sa
413 3131 100 27 chaise
543 3131 35 26 de
608 3130 64 27 cuir
702 3130 27 27 et
743 3136 31 19 se
788 3136 50 27 pro-

89 3168 112 26 menait
219 3168 34 27 de
272 3168 73 33 long
372 3176 37 18 en
433 3167 83 34 large
546 3165 77 26 dans
639 3172 56 19 son
710 3164 76 34 petit
800 3164 35 26 bu-

89 3211 71 19 reau
175 3210 35 20 en
227 3204 197 26 marmottant
449 3200 260 35 d'inintelligibles
719 3198 129 35 paroles.

172 3243 83 26 Vous
272 3243 89 26 faites
377 3243 51 25 des
449 3250 79 20 vers,
544 3241 154 27 monsieur
715 3239 115 27 Bachot
840 3237 13 27 ?

882 138 44 27 lui
943 139 92 26 disait
1049 137 116 35 parfois
1176 137 26 27 le
1218 138 91 33 jeune
1324 136 117 27 Gilbert
1456 135 35 27 de
1504 135 146 35 Sanceny.

965 174 38 27 Et
1019 172 103 35 quand
1139 172 63 27 cela
1218 172 102 32 serait,
1336 172 91 33 jeune
1440 171 120 27 homme
1573 171 6 26 !

1252 243 31 26 II

918 309 170 28 Alexandre
1107 309 118 27 Dumas
1240 309 128 26 donnait
1387 315 59 20 une
1461 308 83 34 pièce
1559 308 18 26 à
1591 307 44 27 l'O-

882 347 84 27 déon.
977 346 124 31 Bachot,
1109 347 18 25 à
1133 346 53 34 qui
1196 352 47 20 ses
1254 352 162 20 nouveaux
1426 345 90 33 goûts
1525 343 124 27 avaient

882 383 125 35 procuré
1031 380 146 35 quelques
1212 380 156 26 nouvelles
1402 379 244 32 connaissances,

883 418 81 27 avait
980 425 35 19 eu
1032 417 70 26 d'un
1120 416 170 28 contrôleur
1312 415 78 27 deux
1406 416 150 33 parterres
1576 422 77 27 pour

881 454 31 26 la
925 452 152 35 première.
1096 452 45 26 La
1160 451 99 33 veille,
1274 451 22 26 il
1319 450 61 28 s'en
1396 450 69 28 vint
1480 451 123 26 trouver
1622 449 28 27 le

882 489 119 27 relieur.

973 524 39 26 Ce
1038 524 129 34 coup-ci,
1196 530 77 20 vous
1298 530 37 19 ne
1361 521 150 27 refuserez
1539 529 54 27 pas
1616 521 34 27 de

882 560 261 34 m'accompagner
1160 567 6 19 :
1183 559 51 34 j'ai
1257 557 78 27 deux
1355 556 102 27 billets
1480 556 34 27 de
1531 556 117 33 faveur,

965 595 83 26 Vous
1063 596 61 25 êtes
1137 595 70 26 bien
1221 593 138 32 aimable,
1372 594 28 33 je
1414 593 130 33 regrette
1557 592 90 27 fort...

882 631 78 26 mais
973 631 28 33 je
1016 638 35 19 ne
1068 630 65 26 vais
1147 638 56 26 pas
1218 637 39 18 au
1270 628 125 26 théâtre.

964 666 78 26 C'est
1059 673 41 19 un
1116 665 79 35 parti
1212 665 63 34 pris
1286 664 34 26 de
1336 671 46 19 me
1402 663 126 32 refuser,
1544 661 79 27 alors
1637 661 13 27 ?

965 700 65 27 Oui.

965 736 162 27 Dites-moi
1146 733 159 38 pourquoi,
1322 742 38 19 au
1376 733 99 27 moins
1486 733 13 26 ?

967 772 33 26 Je
1025 772 26 26 le
1071 780 80 19 veux
1174 771 89 32 bien;
1284 770 78 27 mais
1377 778 58 26 que
1446 777 151 27 personne
1613 777 37 19 ne

883 808 89 26 sache
999 808 110 34 jamais
1129 807 65 26 rien
1224 807 34 25 de
1289 814 31 18 ce
1344 813 57 27 que
1429 806 30 33 je
1479 806 71 26 vais
1573 813 77 19 vous

883 842 158 28 confier...
1057 842 70 27 c'est
1139 850 40 19 un
1192 843 104 25 secret.

918 878 89 27 Alors
1022 878 21 26 il
1058 880 87 25 conta
1157 879 18 25 à
1188 876 115 26 Bachot
1313 883 59 19 une
1388 876 125 26 histoire
1531 875 96 27 lamen-

886 913 91 32 table,
996 914 25 26 Il
1042 913 83 27 avait
1152 914 45 25 été
1221 912 104 32 marié,
1343 913 30 25 et
1393 919 34 19 sa
1452 911 109 27 femme
1577 911 73 26 était

885 951 96 24 morte
997 948 35 26 de
1059 948 99 26 bonne
1187 947 91 27 heure
1306 954 38 19 en
1372 946 45 27 lui
1439 947 130 25 laissant
1590 953 60 19 une

883 984 70 31 fille,
971 984 131 31 Rosalie,
1121 983 73 35 qu'il
1211 983 126 26 adorait.
1368 981 26 25 Il
1415 980 44 26 lui
1486 980 84 27 avait
1594 980 56 26 fait

883 1019 115 27 donner
1010 1026 59 20 une
1094 1019 99 26 bonne
1212 1017 194 31 instruction,
1430 1016 22 26 il
1476 1016 117 27 voulait
1613 1024 35 18 en

883 1055 73 26 faire
973 1062 59 19 une
1042 1055 89 33 jeune
1144 1059 146 28 personne
1306 1052 180 33 distinguée.
1500 1051 64 27 Elle
1577 1051 72 27 était

883 1090 293 27 merveilleusement
1191 1088 85 27 belle.
1292 1088 25 26 Il
1333 1087 98 27 s'était
1444 1088 138 33 toujours
1605 1087 30 26 in-

885 1124 86 34 génié
984 1126 18 25 à
1016 1124 45 26 lui
1077 1131 141 27 procurer
1231 1123 83 27 mille
1325 1122 132 35 plaisirs.
1470 1123 26 26 Il
1511 1122 43 26 lui
1566 1122 83 26 avait

883 1161 98 26 donné
996 1159 44 28 les
1050 1160 69 35 plus
1131 1160 99 26 beaux
1241 1159 110 33 jouets,
1368 1157 45 26 les
1428 1157 67 34 plus
1506 1156 143 27 brillants

883 1189 178 33 colifichets?
1075 1195 26 26 Il
1114 1195 31 26 la
1168 1194 115 26 menait
1306 1201 39 18 au
1364 1193 157 35 spectacle.
1538 1192 26 27 Il
1578 1200 53 27 pou-

885 1231 64 27 vait
967 1231 117 34 espérer
1097 1228 105 35 qu'elle
1213 1228 89 26 ferait
1309 1235 43 19 un
1367 1228 133 33 mariage
1511 1228 136 33 superbe.

885 1266 47 27 Un
953 1266 78 34 jour,
1049 1274 38 18 en
1102 1266 137 26 rentrant
1256 1264 69 26 chez
1343 1263 52 32 lui,
1420 1264 24 25 il
1461 1265 109 25 trouva
1590 1270 59 19 une

883 1300 86 26 lettre
978 1300 84 26 d'elle
1070 1302 38 25 où
1117 1300 56 26 elle
1182 1300 43 26 lui
1235 1299 91 26 disait
1335 1299 106 34 qu'elle
1453 1299 84 26 avait
1544 1298 105 34 depuis

885 1337 170 34 longtemps
1068 1336 31 26 la
1110 1335 124 35 passion
1251 1335 39 25 du
1305 1333 125 32 théâtre,
1448 1333 107 34 qu'elle
1571 1333 77 26 était

885 1372 132 32 engagée
1025 1372 76 25 dans
1109 1378 58 19 une
1179 1372 105 32 troupe
1297 1369 35 26 de
1345 1369 142 34 province
1499 1371 28 24 et
1540 1368 109 35 qu'elle

886 1415 30 18 se
931 1407 123 26 sauvait
1080 1414 71 18 sans
1176 1406 28 26 le
1219 1404 76 33 voir,
1316 1411 87 26 parce
1427 1404 105 33 qu'elle
1563 1403 85 27 avait

885 1443 92 26 honte
1003 1441 202 27 d'elle-même.
1233 1440 123 34 Depuis,
1382 1439 24 26 il
1426 1447 35 19 ne
1482 1439 105 27 l'avait
1603 1439 30 34 ja-

886 1476 78 27 mais
978 1483 92 20 revue
1081 1483 7 26 ;
1106 1476 54 26 elle
1175 1475 84 27 avait
1279 1475 116 34 changé
1411 1474 34 27 de
1462 1482 70 19 nom
1548 1476 28 25 et
1592 1474 57 26 elle

886 1520 31 19 se
932 1512 171 27 conduisait
1117 1511 71 27 mal.

969 1547 34 26 Je
1022 1554 46 20 me
1090 1547 64 27 suis
1169 1547 76 33 juré,
1261 1545 87 33 dit-il,
1364 1553 37 19 en
1421 1545 152 31 finissant,
1590 1552 59 27 que

885 1581 112 37 jamais
1012 1583 69 34 plus
1096 1584 28 32 je
1140 1590 37 18 ne
1191 1581 137 26 mettrais
1343 1580 44 26 les
1401 1580 85 34 pieds
1498 1580 76 26 dans
1589 1587 60 19 une

886 1617 73 28 salle
974 1618 34 26 de
1022 1617 156 35 spectacle.

921 1652 115 26 Bachot
1052 1661 80 19 serra
1156 1651 299 35 sympatliiquement
1469 1651 31 26 la
1515 1651 81 26 main
1615 1650 34 27 de

886 1696 54 19 son
954 1689 71 31 ami,
1042 1688 44 27 lui
1101 1687 149 28 demanda
1269 1685 115 35 pardon
1401 1685 113 26 d'avoir
1528 1685 118 32 insisté,

885 1726 28 25 et
930 1723 60 26 alla
1005 1724 64 26 seul
1082 1724 18 25 à
1111 1723 131 27 l'Odéon.

920 1757 40 27 Le
973 1759 69 32 soir,
1058 1759 22 26 il
1097 1766 113 27 songea
1226 1759 17 25 à
1258 1756 146 28 l'histoire
1414 1756 34 27 de
1466 1763 53 19 son
1534 1763 115 27 pauvre

886 1795 61 25 ami
961 1795 28 25 et
1005 1795 17 25 à
1037 1794 31 26 la
1091 1794 125 27 douleur
1241 1793 71 35 qu'il
1338 1793 84 26 avait
1452 1792 40 26 dû
1505 1792 145 34 éprouver

886 1837 37 19 en
933 1831 144 25 trouvant
1094 1831 17 24 à
1127 1837 53 19 son
1196 1831 100 25 retour
1311 1828 30 26 la
1355 1828 87 26 lettre
1459 1827 34 26 de
1524 1835 33 18 sa
1578 1826 70 27 fille.

970 1864 78 27 C'est
1068 1865 198 34 dramatique,
1284 1864 79 26 dit-il
1374 1872 6 22 ;
1396 1864 31 25 la
1441 1861 126 27 douleur
1578 1861 71 26 folle

886 1900 39 26 du
941 1900 76 33 père.
1036 1900 26 26 Il
1076 1907 31 19 se
1121 1900 61 34 prit
1195 1900 84 25 aussi
1296 1900 15 25 à
1329 1906 30 19 se
1375 1899 111 33 figurer
1492 1898 30 26 la
1538 1898 46 26 vie
1592 1905 58 27 que

886 1935 113 27 menait
1026 1936 76 26 cette
1133 1935 130 31 Rosalie,
1290 1935 74 25 cette
1384 1933 151 26 existence
1547 1933 84 26 boule-

886 1971 110 31 versée,
1016 1978 30 19 ce
1059 1970 188 34 cabotinage,
1270 1969 43 27 les
1328 1969 133 27 remords
1478 1968 105 35 qu'elle
1602 1969 31 25 de-

886 2007 64 26 vait
965 2004 136 28 endurer.
1168 2006 72 26 Puis
1256 2004 22 26 il
1292 2004 136 33 imagina
1441 2011 43 19 un
1499 2006 102 25 retour
1616 2004 34 25 de

886 2040 125 27 l'enfant
1026 2041 69 27 chez
1111 2041 27 26 le
1154 2041 77 34 père,
1247 2048 59 18 une
1319 2040 94 34 prière
1429 2040 17 25 à
1463 2046 128 27 genoux,
1609 2046 43 18 un

886 2076 124 35 pardon,
1029 2083 39 19 un
1098 2076 83 26 oubli
1211 2076 33 26 de
1269 2075 30 26 la
1320 2076 83 25 faute
1428 2074 154 32 commise,
1606 2082 43 18 un

886 2111 339 28 raccommodement...
1258 2118 44 18 un
1330 2109 208 26 dénouement.
1561 2109 90 26 —Le

886 2147 115 33 départ,
1063 2146 157 32 l'absence,
1279 2145 27 27 le
1316 2147 100 24 retour
1426 2153 6 24 ;
1452 2146 71 25 trois
1538 2145 113 34 parties

886 2183 71 25 bien
967 2180 167 33 distinctes,
1146 2181 73 26 trois
1231 2183 80 25 actes
1329 2187 6 19 :
1352 2180 145 32 ROSALIE,
1512 2180 86 33 pièce
1613 2187 39 19 en

886 2216 77 28 trois
979 2219 90 24 actes.

921 2251 131 32 Rosalie,
1083 2252 70 26 c'est
1180 2252 71 26 bien
1278 2259 142 19 commun
1450 2259 6 19 :
1501 2251 149 32 ROSILDA,

882 2287 90 37 pièce
989 2294 39 19 en
1043 2287 74 26 trois
1139 2290 90 24 actes.

924 2321 107 33 Quand
1046 2321 22 26 il
1094 2323 129 33 posséda
1237 2323 70 26 bien
1322 2330 54 19 son
1394 2323 87 32 sujet,
1501 2329 38 19 ou
1554 2320 99 35 plutôt

887 2356 104 37 quand
1000 2363 54 20 son
1068 2356 111 33 sujetle
1188 2356 137 34 posséda,
1336 2356 22 26 il
1371 2356 81 27 n'eut
1466 2356 69 33 plus
1544 2356 111 33 qu'une

886 2394 65 26 idée
964 2400 38 19 en
1017 2392 69 31 tête,
1104 2392 90 25 écrire
1218 2392 30 25 la
1271 2392 91 33 pièce,
1377 2393 28 22 et
1420 2391 31 25 la
1468 2391 73 25 faire
1557 2389 94 33 jouer.

886 2428 27 26 Il
928 2427 167 27 travaillait
1111 2426 69 26 chez
1198 2426 44 26 lui
1266 2427 50 25 des
1331 2426 83 25 nuits
1427 2425 129 25 entières
1570 2426 37 30 et,
1624 2424 28 26 le

887 2464 181 32 lendemain,
1093 2461 159 35 emportait
1280 2469 54 19 son
1363 2461 168 26 manuscrit
1547 2467 38 20 au
1602 2459 35 27 bu-

886 2506 81 25 reau,
985 2506 77 27 pour
1085 2499 26 26 le
1139 2506 50 19 cas
1205 2499 38 26 où
1258 2506 39 19 on
1316 2505 35 19 ne
1365 2497 45 26 lui
1427 2496 157 27 donnerait
1600 2503 54 28 pas

888 2535 170 33 d'ouvrage.
1078 2533 77 27 Mais
1172 2542 38 18 on
1225 2533 45 26 lui
1284 2541 38 19 en
1336 2533 133 26 donnait.
1483 2532 131 26 D'abord
1628 2532 27 26 le

887 2570 112 27 travail
1013 2569 220 27 administratif
1260 2570 98 33 prima
1377 2568 124 27 l'œuvre
1518 2567 120 33 d'imagi-

888 2606 105 26 nation
1003 2613 6 24 ;
1024 2604 78 34 puis,
1128 2611 58 27 peu
1202 2604 17 26 à
1232 2611 67 27 peu,
1317 2604 26 26 le
1359 2603 141 33 dialogue
1512 2602 125 27 dramati-

888 2647 58 26 que
961 2641 67 25 vint
1054 2639 184 26 s'intercaler
1264 2640 84 25 entre
1375 2637 44 26 les
1442 2637 99 34 copies
1557 2639 39 31 et,
1615 2644 39 19 au

889 2674 74 25 bout
979 2674 34 25 de
1038 2674 129 32 quelque
1194 2675 107 28 temps,
1331 2673 31 25 la
1387 2672 196 33 calligraphie
1609 2670 47 26 fut

892 2707 230 34 complètement
1149 2706 154 26 délaissée.
1336 2706 40 25 Le
1404 2705 67 25 chef
1487 2706 34 24 de
1538 2705 117 25 bureau

892 2741 148 32 s'étonna,
1081 2741 35 26 fit
1156 2740 146 34 quelques
1342 2740 235 28 remontrances,
1616 2739 39 30 et,

892 2786 113 20 comme
1016 2776 115 28 Bachot
1153 2776 85 27 avait
1251 2774 32 27 la
1303 2774 59 27 tête
1383 2774 67 34 près
1479 2773 39 27 du
1533 2773 122 32 bonnet,

891 2815 22 27 il
925 2813 139 37 répondit
1081 2812 73 35 qu'il
1169 2812 84 27 avait
1264 2819 77 28 pour
1352 2811 27 27 le
1395 2812 135 26 moment
1543 2817 41 19 un
1600 2811 43 25 tra-

892 2850 63 28 vail
969 2851 59 26 fort
1042 2850 167 35 important
1238 2850 17 25 à
1280 2848 141 27 terminer
1436 2848 30 26 et
1479 2846 161 34 incompati-

892 2887 46 26 ble
954 2894 73 19 avec
1042 2885 44 26 les
1114 2885 158 33 exigences
1303 2885 39 26 du
1370 2883 165 28 ministère.
1558 2882 45 27 On
1630 2882 27 26 le

892 2922 193 34 questionna,
1109 2928 39 19 on
1176 2921 44 25 lui
1244 2920 34 25 fit
1294 2927 112 19 avouer
1420 2919 31 26 la
1466 2917 94 27 vérité
1576 2920 28 24 et
1618 2924 39 19 on

892 2957 45 26 lui
952 2956 144 27 conseilla
1113 2956 33 25 de
1160 2962 143 18 renoncer
1319 2955 17 25 à
1349 2954 165 27 l'aventure
1525 2953 77 27 dans
1617 2953 27 26 la-

893 2992 99 37 quelle
1018 2991 24 26 il
1062 2989 195 34 s'engageait,
1279 2989 30 26 et
1322 2989 34 26 de
1371 2989 158 34 reprendre
1544 2995 113 20 comme

894 3028 190 33 auparavant
1096 3033 54 19 son
1179 3025 104 27 labeur
1298 3025 156 35 quotidien
1472 3026 27 24 et
1514 3022 139 35 régulier.

894 3063 26 27 Il
946 3061 125 27 s'entêta
1083 3070 7 24 ;
1120 3061 44 26 les
1188 3067 89 27 sages
1296 3060 248 27 avertissements
1559 3061 28 24 et
1616 3059 41 26 les

893 3098 217 27 bienveillants
1131 3097 66 26 avis
1225 3104 35 18 ne
1294 3096 142 25 faisaient
1461 3102 100 18 aucun
1574 3093 83 32 effet;

896 3133 79 26 alors
990 3141 38 19 on
1042 3139 31 20 se
1085 3132 97 31 fâcha,
1199 3133 28 25 et
1240 3139 39 18 on
1293 3130 27 26 le
1336 3130 56 26 mit
1404 3137 38 19 en
1453 3129 204 34 disponibilité

895 3169 135 35 pendant
1044 3168 76 26 trois
1135 3167 77 26 mois
1228 3172 72 19 sans
1316 3165 183 26 traitement.

932 3204 115 26 Bachot
1054 3202 83 27 avait
1143 3202 56 25 fait
1208 3200 146 34 quelques
1362 3200 169 26 économies
1538 3200 30 25 et
1577 3207 15 19 a
1596 3200 48 27 vai
1650 3201 7 25 t

896 3240 94 26 hérité
1025 3237 146 33 quelques
1201 3235 102 26 billets
1329 3235 33 26 de
1394 3234 81 27 mille
1496 3235 100 26 francs
1613 3243 7 24 ;
1637 3235 20 26 il

1696 142 38 19 ne
1750 133 107 26 s'émut
1873 132 77 27 donc
1964 132 87 34 point
2057 131 35 27 de
2108 139 34 19 sa
2158 131 137 35 disgrâce
2310 133 28 26 et
2353 132 110 34 profita

1696 169 35 27 de
1748 172 47 22 s'es
1811 168 102 27 loisirs
1928 168 96 26 forcés
2039 175 77 27 pour
2131 167 126 27 achever
2270 175 34 19 sa
2319 167 92 37 pièce.

1733 204 106 32 Quand
1852 203 56 27 elle
1936 203 46 26 fut
2007 203 197 27 entièrement
2219 203 119 33 finie...
2367 206 28 25 et
2422 211 38 19 au

1695 240 96 35 point,
1808 239 24 27 il
1845 239 60 27 alla
1925 239 120 35 frapper
2059 239 15 27 à
2096 239 30 26 la
2141 240 83 34 porte
2238 239 34 26 de
2289 246 54 19 son
2360 239 60 26 ami
2433 239 27 26 le

1696 275 118 28 relieur.

1780 311 71 28 Mon
1866 309 78 33 cher,
1964 309 44 27 lui
2021 309 89 33 dit-il,
2127 309 30 27 la
2172 312 149 26 navrante
2334 309 125 27 histoire

1695 356 58 26 que
1761 356 77 19 vous
1847 346 112 27 m'avez
1972 347 102 26 contée
2088 347 59 26 m'a
2159 346 110 27 touché
2281 347 17 25 à
2308 354 41 18 un
2367 346 91 33 degré

1695 390 57 27 que
1778 383 28 34 je
1831 390 37 19 ne
1892 381 118 26 saurais
2027 381 70 26 dire.
2125 381 47 34 J'y
2199 381 31 26 ai
2251 381 106 26 trouvé
2389 381 56 26 l'ex-

1694 419 138 34 pression
1853 417 87 27 d'une
1962 417 125 27 douleur
2111 417 81 27 vraie
2223 418 28 25 et
2281 416 87 27 d'une
2394 416 65 26 idée

1694 454 148 26 nouvelle.
1870 454 65 26 J'en
1958 454 31 26 ai
2015 452 56 27 fait
2094 459 59 20 une
2179 452 91 34 pièce.
2296 452 144 27 Rassurez-

1694 497 86 24 vous,
1795 488 44 28 les
1856 496 87 19 noms
1959 489 69 26 sont
2043 488 151 34 masqués.
2213 488 34 26 Je
2269 487 86 27 viens
2382 495 77 19 vous

1693 526 54 26 lire
1761 531 71 20 mon
1847 524 119 27 travail.
1985 524 150 26 Peut-être
2152 531 31 18 ce
2204 522 120 27 tableau
2349 522 109 28 vivant

1694 560 34 27 de
1743 562 84 25 votre
1841 559 135 32 douleur,
1993 559 113 26 retracé
2119 566 54 27 par
2190 565 70 19 mon
2274 557 87 34 style,
2379 565 77 20 vous

1695 595 128 27 sera-t-il
1838 602 41 19 un
1896 594 235 34 soulagement?

1774 630 142 33 J'écoute,
1933 630 44 26 dit
1993 630 26 26 le
2034 630 118 32 relieur,
2171 630 66 26 tout
2254 630 77 26 ému.

1728 666 87 26 Alors
1848 665 115 27 Bachot
1997 665 102 26 s'assit
2132 665 111 26 devant
2263 663 31 26 la
2322 663 81 27 table
2428 665 31 24 et

1694 707 172 26 commença
1883 702 86 26 d'une
1981 700 71 27 voix
2081 699 90 27 claire
2196 702 28 25 et
2241 706 91 27 grave
2348 699 30 26 la
2401 698 43 27 lec-

1693 738 66 25 ture
1780 736 34 26 de
1841 743 56 19 son
1924 736 111 32 drame,
2067 735 102 26 drame
2193 733 128 34 lugubre
2350 735 30 26 et
2401 736 43 24 ter-

1693 772 74 27 rible
1781 772 38 26 où
1834 771 27 27 le
1877 771 67 34 père
1956 771 73 26 était
2055 770 208 30 malheureux,
2288 770 38 25 où
2347 769 30 26 la
2395 769 61 26 fille

1693 808 74 26 était
1786 806 219 32 malheureuse,
2034 807 40 25 où
2101 807 67 25 tout
2197 806 26 26 le
2243 804 109 27 monde
2386 804 72 27 était

1693 842 206 27 malheureux.
1910 841 26 27 Il
1950 841 115 26 n'avait
2075 848 53 27 pas
2145 841 80 26 semé
2243 839 74 26 dans
2329 847 34 19 sa
2374 840 81 34 pièce

1693 886 48 19 ces
1748 878 89 26 traits
1847 878 122 33 d'esprit
1982 875 170 28 sémillants
2164 875 53 34 qui
2230 876 113 24 forcent
2354 875 44 26 les
2409 882 33 27 ap-

1691 913 265 35 plaudissements.
1976 912 26 26 Il
2016 919 37 19 ne
2066 911 118 27 voulait
2198 917 56 27 pas
2276 909 104 27 devoir
2402 917 56 20 son

1694 950 102 25 succès
1809 950 17 24 à
1843 956 47 19 ces
1904 946 217 28 liors-d'œuvre
2134 945 5 35 :
2156 946 105 27 Placer
2276 952 58 19 une
2348 945 110 35 phrase

1691 984 71 26 bien
1778 983 120 34 frappée
1911 990 39 18 au
1970 981 104 26 milieu
2091 981 87 26 d'une
2200 980 148 27 situation
2366 981 86 30 forte,

1691 1019 83 27 voilà
1789 1018 70 35 quel
1874 1018 83 26 avait
1967 1018 46 25 été
2028 1024 56 19 son
2096 1017 63 26 but.
2177 1016 47 26 Au
2237 1015 130 34 premier
2380 1018 74 28 acte,

1691 1054 105 34 quand
1811 1054 28 26 la
1861 1052 61 27 fille
1948 1059 31 20 se
1995 1052 122 27 sauvait
2132 1059 73 19 sans
2219 1050 137 27 attendre
2372 1050 27 27 le
2414 1058 30 18 re-

1693 1091 70 25 tour
1782 1089 34 25 de
1831 1096 54 19 son
1902 1089 77 33 père,
1991 1087 57 26 elle
2063 1087 130 26 s'écriait
2211 1094 6 19 :

1774 1124 34 26 Je
1825 1123 64 27 suis
1904 1131 59 18 une
1971 1122 161 27 misérable
2145 1120 5 31 !
2165 1121 60 27 Oh!
2243 1128 71 19 mon
2322 1120 78 27 Dieu
2414 1120 5 31 !

1727 1157 109 33 Quand
1850 1159 28 25 le
1893 1159 67 33 père
1974 1157 138 26 arrivant
2126 1156 136 27 trouvait
2276 1156 31 25 la
2320 1155 86 28 lettre
2424 1156 34 26 de

1693 1202 34 19 sa
1741 1194 63 26 fille
1819 1193 22 26 il
1852 1200 32 19 se
1898 1193 168 26 contentait
2081 1193 35 26 de
2131 1192 61 26 dire
2205 1199 6 19 :

1775 1230 78 26 C'est
1869 1237 59 19 une
1943 1227 161 27 misérable
2119 1227 6 26 !
2141 1227 46 27 Oh
2200 1227 6 26 !
2226 1233 72 20 mon
2314 1226 78 27 Dieu
2405 1225 6 27 !

1727 1265 38 26 Et
1780 1264 111 35 quand,
1911 1271 38 19 au
1964 1263 118 27 dernier
2096 1264 73 30 acte,
2185 1263 27 26 le
2226 1263 69 33 père
2310 1263 30 25 et
2349 1261 31 26 la
2395 1260 61 27 fille

1691 1300 169 26 tombaient
1886 1299 77 26 dans
1976 1299 44 26 les
2048 1298 71 26 bras
2133 1298 64 25 l'un
2211 1297 34 26 de
2269 1296 116 33 l'autre,
2418 1296 39 26 ils

1691 1335 157 27 fondaient
1865 1342 35 19 en
1916 1333 112 26 larmes
2041 1341 38 19 en
2100 1332 194 27 murmurant
2310 1339 6 18 :

1775 1370 46 26 Oh
1832 1370 7 25 !
1852 1377 71 18 mon
1937 1369 78 26 Dieu
2029 1369 5 27 !

1727 1406 115 26 Bachot
1857 1404 144 33 comptait
2010 1404 156 27 vivement
2183 1410 51 19 sur
2256 1401 91 27 l'effet
2362 1402 35 26 de
2412 1409 47 19 ces

1690 1440 185 35 répétitions.
1912 1439 46 32 Et,
1981 1439 34 26 de
2041 1439 65 32 fait,
2138 1439 21 26 il
2174 1439 74 26 était
2263 1437 17 25 à
2307 1444 145 26 supposer

1691 1483 57 27 que
1765 1483 47 19 ces
1827 1475 123 26 mots-là
1967 1474 139 27 devaient
2121 1475 102 33 porter
2238 1479 52 19 sur
2302 1470 26 27 le
2340 1472 112 35 public,

1691 1519 58 25 car,
1765 1519 38 19 en
1814 1511 44 26 les
1873 1509 175 32 entendant,
2067 1509 26 27 le
2108 1509 110 26 relieur
2242 1506 105 35 pleura
2361 1515 38 19 en
2413 1507 28 26 di-

1693 1548 69 25 sant
1779 1554 6 19 :

1773 1581 46 26 Oh
1832 1581 6 26 !
1852 1589 72 19 mon
1939 1580 78 27 Dieu
2028 1580 6 26 !

1728 1617 107 31 Quand
1863 1615 115 27 Bachot
2000 1616 50 26 eut
2070 1615 110 27 achevé
2204 1613 31 26 la
2250 1612 110 27 lecture
2375 1613 35 27 de
2426 1620 34 19 sa

1690 1652 91 34 pièce,
1799 1651 27 27 le
1839 1651 109 26 relieur
1962 1658 30 19 se
2004 1652 63 32 jeta
2081 1650 77 26 dans
2173 1656 48 20 ses
2237 1646 71 27 bras
2326 1656 6 18 :

1727 1682 34 35 —■
1776 1687 83 26 Vous
1871 1685 111 27 m'avez
1998 1685 56 26 fait
2067 1685 71 32 mal,
2152 1685 78 26 mais
2242 1682 70 27 c'est
2320 1691 59 19 une
2388 1683 54 27 dou-

1691 1722 66 27 leur
1774 1722 52 34 qui
1843 1721 56 25 fait
1913 1721 40 25 du
1969 1720 78 26 bien.

1728 1757 39 26 Ce
1792 1755 105 27 mot-là
1920 1755 94 26 laissa
2043 1754 116 28 Bachot
2176 1755 77 26 dans
2281 1753 27 27 le
2330 1754 113 27 ravisse-

1694 1793 83 26 ment
1792 1793 5 26 :

1779 1827 47 27 Ma
1838 1827 80 35 pièce
1933 1828 94 34 porte.

1728 1864 26 26 Il
1767 1863 28 26 la
1812 1863 85 35 copia
1907 1863 154 26 lui-même
2076 1863 30 26 et
2124 1863 61 26 s'en
2202 1859 61 27 alla
2277 1859 180 28 bravement

1693 1900 30 25 la
1761 1899 155 34 présenter
1944 1899 18 25 à
1988 1898 142 32 l'Odéon,
2158 1897 26 26 le
2222 1894 220 27 Théâtre-Fran-

1693 1935 61 33 çais
1788 1933 113 26 faisant
1929 1933 137 26 attendre
2106 1933 66 33 trop
2206 1931 171 35 longtemps
2413 1931 43 26 les

1691 1971 107 34 jeunes
1814 1970 131 25 auteurs.
1969 1968 45 27 La
2040 1968 79 34 pièce
2135 1968 47 25 fut
2211 1965 130 27 soumise
2357 1974 38 19 au
2412 1974 31 19 co-

1694 2006 72 26 mité
1782 2006 34 26 de
1843 2004 112 26 lecture
1984 2006 28 25 et
2027 2003 44 26 lui
2087 2004 46 25 fut
2158 2001 157 27 retournée
2341 2009 98 19 accom-

1694 2040 116 37 pagnée
1839 2039 86 26 d'une
1958 2039 87 26 lettre
2076 2039 39 26 du
2145 2036 157 27 secrétaire
2337 2036 123 34 général

1694 2078 38 25 où
1747 2075 21 26 il
1780 2074 43 26 lui
1835 2074 74 26 était
1923 2074 44 25 dit
1982 2081 58 26 que
2055 2081 56 18 son
2126 2073 112 31 drame,
2256 2070 59 27 fort
2329 2073 110 25 intéres-

1695 2112 79 31 sant,
1792 2117 35 19 ne
1845 2109 162 26 convenait
2024 2115 54 27 pas
2105 2117 38 18 au
2165 2106 87 28 cadre
2269 2106 39 26 du
2323 2107 129 27 théâtre.

1779 2145 71 27 Mon
1861 2145 102 25 drame
1976 2151 35 18 ne
2026 2144 142 26 convient
2183 2150 54 27 pas
2252 2143 17 25 à
2284 2141 65 27 leur
2362 2143 96 31 cadre,

1695 2181 71 26 c'est
1781 2180 169 33 dommage,
1969 2178 78 27 mais
2067 2178 21 26 il
2108 2181 45 24 est
2169 2178 193 32 intéressant,
2378 2177 83 27 voilà

1695 2216 26 27 le
1735 2215 158 35 principal.

1728 2251 39 27 Et
1793 2251 128 26 l'auteur
1944 2251 107 26 courut
2076 2250 120 34 frapper
2222 2249 17 25 à
2264 2246 31 27 la
2319 2249 83 34 porte
2419 2246 40 27 du

1695 2287 189 27 Vaudeville.

1787 2321 91 26 Votre
1902 2321 69 26 titre
1994 2322 45 25 est
2063 2320 60 27 fort
2150 2320 69 32 bon,
2243 2320 164 32 monsieur,
2432 2320 30 25 et

1695 2356 124 34 j'aurais
1835 2357 93 24 certes
1952 2356 107 25 trouvé
2083 2356 97 32 grand
2199 2354 107 35 plaisir
2328 2356 17 24 à
2367 2355 80 32 repré-

1696 2392 99 25 senter
1808 2391 85 25 votre
1907 2391 91 32 pièce,
2020 2391 25 24 si
2072 2391 28 31 je
2127 2389 117 25 n'avais
2275 2389 51 24 des
2355 2388 106 24 traités

1697 2424 169 26 antérieurs
1897 2425 27 25 et
1950 2430 38 19 en
2016 2422 60 26 fort
2102 2422 96 33 grand
2220 2421 132 25 nombre.
2381 2421 83 25 Vous

1697 2460 92 28 seriez
1807 2459 80 27 forcé
1902 2457 165 28 d'attendre
2083 2465 38 19 au
2138 2456 99 28 moins
2254 2456 69 34 cinq
2340 2463 64 19 ans.

1731 2497 48 26 Au
1793 2494 164 37 Gymnase,
1976 2494 97 26 même
2088 2494 136 34 réponse.

1731 2532 103 32 Lassé,
1860 2531 117 26 Bachot
2004 2538 102 26 gagna
2132 2530 44 26 les
2191 2529 151 35 quartiers
2360 2535 86 20 excen-

1697 2568 116 34 triques
1827 2568 28 25 et
1871 2574 32 19 se
1929 2567 132 26 hasarda
2087 2572 60 19 aux
2173 2564 287 34 Folies-Comiques.

1697 2603 26 26 Il
1746 2603 111 34 déposa
1884 2609 34 19 sa
1946 2602 81 34 pièce
2054 2601 70 26 chez
2146 2600 27 27 le
2204 2600 156 33 concierge
2374 2601 28 25 et
2420 2601 30 25 at-

1698 2639 107 26 tendit.

1734 2672 47 25 Au
1809 2670 74 26 bout
1899 2670 35 25 de
1955 2668 74 26 trois
2057 2669 94 33 jours,
2177 2668 21 24 il
2225 2669 83 30 reçut
2329 2675 44 17 un
2400 2669 64 24 mot

1700 2705 53 33 qui
1767 2704 26 26 le
1819 2704 90 33 priait
1937 2704 35 25 de
2002 2709 104 27 passer
2120 2704 18 24 à
2161 2701 30 25 la
2213 2701 146 26 direction
2372 2708 7 22 ;
2395 2701 22 25 il
2441 2708 21 26 y

1702 2738 117 27 courut.

1792 2772 163 33 Monsieur,
1985 2772 44 27 lui
2055 2772 44 27 dit
2133 2771 27 28 le
2189 2772 158 33 directeur,
2380 2772 85 26 votre

1700 2810 80 35 pièce
1808 2811 45 25 est
1880 2809 59 26 fort
1967 2807 79 33 bien,
2068 2807 77 27 mais
2173 2807 54 28 elle
2256 2807 146 27 nécessite
2430 2807 35 26 de

1701 2846 167 26 nombreux
1891 2845 76 27 frais
1985 2845 32 34 (il
2037 2854 21 26 y
2080 2845 85 27 avait
2193 2852 37 20 en
2245 2846 66 25 tout
2328 2844 78 27 deux
2421 2843 32 27 dé-

1701 2891 65 19 cors
1782 2881 184 35 d'intérieur)
1981 2889 6 24 ;
2009 2881 71 27 c'est
2101 2889 38 18 au
2156 2881 100 26 moins
2270 2880 83 33 6,000
2367 2880 100 27 francs

1701 2919 106 34 qu'elle
1822 2926 47 19 me
1885 2919 130 31 coûtera.,
2034 2919 38 31 et,
2088 2924 115 19 comme
2224 2917 52 33 j'ai
2295 2924 44 18 un
2354 2916 115 26 conseil

1701 2953 326 27 d'administration...

1734 2988 74 26 —Il
1839 2995 77 20 vous
1938 2987 133 26 faudrait
2100 2988 74 26 cette
2200 2993 124 25 somme,
2349 2985 44 26 dit
2413 2985 38 26 Ba-

1702 3022 69 27 chot
1786 3031 37 19 en
1848 3022 151 34 pâlissant
2024 3022 110 34 (c'était
2152 3022 65 26 tout
2233 3030 31 20 ce
2280 3020 74 35 qu'il
2368 3021 84 33 possé-

1702 3058 85 35 dait).

1787 3093 65 32 Oui,
1871 3093 163 27 monsieur.

1785 3129 113 34 Puis-je
1916 3129 85 26 avoir
2015 3128 181 34 l'espérance
2211 3128 33 26 de
2261 3128 116 26 rentrer
2392 3126 76 26 dans

1702 3172 72 20 mon
1787 3167 107 31 argent
1909 3164 13 26 ?

1787 3200 106 26 Allons
1907 3200 56 27 !...

1739 3236 43 26 La
1795 3235 81 34 pièce
1890 3234 47 26 fut
1949 3234 73 26 mise
2035 3234 262 27 immédiatement
2313 3241 37 19 en
2363 3231 105 34 répéti-

2503 137 73 27 tion.
2590 137 115 27 Bachot
2720 137 73 27 était
2800 145 60 19 aux
2872 145 107 27 anges;
2998 138 22 26 il
3033 138 237 28 s'attendrissait

2502 174 155 26 lui-même
2670 175 17 25 à
2702 172 84 28 l'idée
2798 174 35 27 de
2848 174 105 27 lavoir
2962 175 96 33 jouée.
3069 175 91 26 Enfin
3169 175 28 26 le
3206 176 65 33 jour

2502 209 37 26 de
2557 209 31 26 la
2607 209 145 34 première
2774 209 135 28 arriva...
2928 209 45 26 On
2998 209 33 26 fit
3045 217 44 18 un
3109 209 115 27 service
3240 210 31 26 de

2502 252 105 27 presse
2623 244 137 35 complet.

2529 279 117 27 Bachot
2653 280 102 26 donna
2761 280 51 26 des
2820 280 99 35 places
2926 287 39 19 au
2972 280 109 26 relieur
3087 281 27 25 et
3123 280 18 26 à
3149 281 70 25 tous
3226 287 45 20 ses

2511 314 77 27 amis
2595 315 28 26 et
2631 315 242 27 connaissances.
2881 315 150 34 Ilenvoya
3039 315 96 26 même
3141 315 130 34 uneloge

2502 352 18 25 à
2528 350 130 27 sonchef
2666 351 34 26 de
2707 351 123 27 bureau.
2841 352 44 26 La
2890 351 71 27 toile
2972 359 30 19 se
3007 351 263 32 leva.—D'abord,

2502 387 66 25 tout
2575 385 59 26 alla
2640 385 79 27 bien.
2728 386 46 26 On
2781 393 172 26 commença
2960 386 70 26 bien
3035 393 43 19 un
3084 393 58 27 peu
3149 386 18 25 à
3172 386 21 25 ri
3200 393 31 19 re
3239 385 32 27 de

2502 420 146 35 quelques
2663 420 125 35 phrases
2809 420 204 33 maladroites,
3035 423 78 25 mais
3136 420 120 27 discrète-

2502 458 94 25 ment.
2613 456 40 26 Le
2660 456 129 34 premier
2796 457 40 26 Oh
2845 458 11 25 !
2871 464 74 19 mon
2957 456 79 27 Dieu
3046 458 11 24 !
3071 463 136 27 manqua
3219 463 52 19 son

2502 493 234 26 effet.Personne
2743 491 51 34 n'y
2802 493 33 26 fit
2841 493 159 26 attention.
3007 491 87 33 Mais,
3104 500 38 18 au
3150 493 120 31 second,

2500 528 21 26 il
2537 528 70 26 n'en
2621 527 47 27 fut
2683 534 53 27 pas
2748 526 34 27 de
2798 528 105 26 même.
2922 528 115 26 Bachot
3051 528 84 26 avait
3150 527 116 32 raison;

2502 562 99 27 c'était
2617 562 30 26 là
2665 570 43 18 un
2734 562 63 26 mot
2813 562 53 34 qui
2882 562 103 26 devait
3000 565 109 32 porter.
3129 562 97 26 Toute
3241 562 30 26 la

2503 598 74 27 salle
2591 599 93 33 partit
2701 606 37 19 en
2754 598 96 26 même
2867 599 97 32 temps
2978 598 71 27 d'un
3064 598 53 26 fou
3132 598 58 26 rire
3202 606 7 22 ;
3227 600 39 28 et,

2500 633 52 26 des
2568 633 129 34 galeries
2705 634 18 25 à
2738 632 182 33 l'orchestre,
2933 639 39 20 on
2987 633 103 33 répéta
3103 640 6 19 :
3125 633 56 26 Oh!
3193 639 74 20 mon

2502 669 100 27 Dieu!
2624 677 51 18 sur
2698 670 70 25 tous
2796 669 44 26 les
2862 670 78 25 tons.
2957 667 61 26 Oh!
3040 674 76 19 mon
3135 667 97 27 Dieu!
3254 669 17 25 à

2502 704 116 33 chaque
2633 704 110 32 entrée,
2763 704 18 26 à
2805 703 117 34 chaque
2946 703 102 32 sortie,
3063 703 18 25 à
3097 702 116 35 chaque
3236 703 24 26 ti-

2500 738 70 26 rade
2587 758 6 11 ,
2620 738 45 26 les
2685 738 128 27 loustics
2831 738 39 27 du
2887 738 123 35 paradis
3025 737 152 34 lançaient
3195 737 51 27 des
3263 745 7 18 :

2502 775 41 25 Oh
2554 776 11 24 !
2580 781 76 19 mon
2669 774 78 27 Dieu
2763 776 11 25 !

2536 809 69 26 Aux
2620 809 59 25 Oh!
2698 816 76 19 mon
2789 809 98 26 Dieu!
2909 809 194 26 succédèrent
3126 809 51 26 des
3189 816 61 26 pom-

2500 852 64 19 mes
2578 842 104 27 cuites.
2698 842 45 26 La
2757 843 81 33 pièce
2855 844 45 26 fut
2922 844 104 32 sifflée,
3044 844 87 32 huée,
3146 852 39 19 on
3201 844 70 25 riait

2502 880 17 26 à
2535 880 117 33 chaque
2676 880 72 30 mot,
2763 886 39 18 on
2822 886 31 18 se
2882 880 123 32 tordait,
3021 880 30 26 la
3074 880 71 26 toile
3168 880 103 26 tomba

2502 917 96 26 avant
2627 913 32 27 la
2678 913 51 33 fin,
2757 913 27 26 et
2811 912 115 27 Bachot
2957 914 131 26 s'enfuit.
3120 913 149 32 ROSILDA,

2499 951 87 34 pièce
2610 958 39 19 en
2672 948 76 27 trois
2763 951 91 30 actes,
2882 954 38 19 ne
2935 946 103 27 devait
3061 950 85 26 avoir
3161 950 110 34 qu'une

2500 985 81 27 seule
2600 984 343 35 demi-représentation.

2536 1056 109 32 Quand
2670 1056 22 26 il
2717 1056 46 26 fut
2790 1063 43 18 un
2855 1063 58 26 peu
2934 1054 92 28 remis
3043 1054 34 27 de
3102 1061 54 19 son
3170 1052 99 32 échec,

2500 1090 124 32 Bachot,
2642 1091 102 34 pressé
2770 1097 54 27 par
2850 1090 31 26 la
2910 1090 123 32 famine,
3059 1091 145 25 retourna
3233 1096 38 19 au

2500 1127 164 26 ministère.
2685 1123 26 28 Il
2725 1126 99 26 s'était
2841 1127 123 25 couvert
2980 1126 34 26 de
3031 1124 125 27 ridicule
3171 1126 28 25 et
3216 1131 54 19 son

2502 1161 67 26 chef
2600 1161 40 26 lui
2668 1161 34 26 fit
2732 1161 194 33 comprendre
2959 1161 91 33 qu'on
3080 1167 35 20 ne
3142 1161 129 33 pouvait

2500 1196 69 34 plus
2585 1195 177 27 l'admettre.
2783 1195 122 26 Gomme
2921 1194 21 27 il
2957 1195 83 26 avait
3054 1195 90 33 vingt
3161 1202 57 18 ans
3234 1194 37 26 de

2500 1232 124 31 service,
2640 1231 24 26 il
2688 1231 150 26 demanda
2867 1238 33 19 sa
2928 1232 123 25 retraite
3081 1231 172 34 proportion-

2500 1266 91 28 nelle.
2603 1265 22 34 ..
2648 1265 45 26 On
2702 1265 30 26 la
2747 1265 44 26 lui
2805 1265 118 34 liquida
2939 1266 18 25 à
2970 1265 53 26 600
3035 1265 100 26 francs
3150 1272 56 27 par
3220 1272 47 19 an.

2535 1302 116 27 Bachot
2665 1302 46 25 est
2726 1300 92 26 vieux
2828 1299 124 27 ettriste
2967 1300 18 25 à
2999 1300 131 33 présent.
3145 1300 124 25 Gomme

2500 1344 34 19 sa
2548 1337 93 34 petite
2654 1337 83 26 rente
2753 1343 37 19 ne
2805 1335 45 26 lui
2863 1335 85 26 suffit
2963 1343 54 26 pas
3038 1343 77 26 pour
3128 1335 97 31 vivre,
3246 1335 25 26 il

2500 1374 45 25 est
2559 1374 83 25 entré
2659 1371 70 27 chez
2748 1378 40 18 un
2817 1369 113 35 copiste
2960 1370 191 35 dramatique
3181 1371 39 25 où
3246 1369 25 27 il

2499 1408 141 27 travaille
2656 1408 34 26 de
2706 1407 69 26 huit
2790 1406 107 26 heures
2914 1406 40 26 du
2970 1407 97 26 matin
3083 1408 18 25 à
3116 1407 69 25 huit
3198 1406 54 26 heu-

2500 1450 47 18 res
2561 1442 40 27 du
2623 1442 61 27 soir
2699 1449 77 27 pour
2791 1448 116 27 gagner
2921 1441 76 26 trois
3012 1441 112 26 francs.
3142 1441 27 26 Il
3185 1441 83 33 copie

2502 1479 51 26 des
2568 1478 220 35 opéra-bouffes
2803 1479 30 25 et
2848 1476 52 27 des
2915 1478 190 26 vaudevilles
3122 1485 6 24 ;
3146 1478 39 28 et,
3201 1476 67 25 tout

2502 1520 35 19 en
2554 1513 130 34 copiant,
2701 1513 22 26 il
2738 1513 99 33 répète
2852 1513 129 26 souvent
2998 1513 17 25 à
3031 1513 164 26 demi-voix
3210 1519 6 19 :

2584 1547 57 27 J'ai
2657 1548 131 34 manqué
2815 1556 52 18 ma
2883 1547 135 26 carrière.
3045 1547 51 27 Ma
3117 1547 83 34 pièce
3223 1547 47 25 est

2500 1584 132 31 tombée;
2662 1584 78 25 mais
2760 1591 39 18 on
2819 1591 20 25 y
2854 1591 18 17 a
2890 1583 34 25 ri.
2941 1581 58 27 J'ai
3020 1583 56 26 fait
3096 1583 40 26 du
3155 1581 112 26 drame.

2502 1618 57 26 J'ai
2571 1625 37 18 eu
2636 1619 70 26 tort,
2731 1617 131 26 J'aurais
2887 1617 40 25 dû
2954 1617 158 26 travailler
3138 1624 76 26 pour
3244 1616 26 26 le

2502 1652 228 33 Palais-Royal.

2766 1727 103 28 Julien
2884 1727 86 27 BERR
2986 1735 40 19 DE
3040 1727 139 28 TURIQUE

2504 1864 259 51 Les
2850 1861 417 52 mains

2537 2002 22 27 11
2584 2002 74 26 était
2687 2001 33 26 de
2746 2008 47 20 ces
2820 2001 176 35 privilégiés
3017 2001 52 33 qui
3087 2008 37 19 ne
3139 2001 132 33 peuvent

2503 2039 90 27 sortir
2609 2037 71 27 d'un
2700 2036 97 33 salon,
2819 2036 72 27 d'un
2920 2036 120 31 fumoir,
3060 2043 72 19 sans
3159 2035 112 35 qu'une

2502 2074 72 27 vois
2587 2074 63 26 dise
2666 2073 126 26 derrière
2806 2080 58 19 eux
2880 2080 6 19 :

2537 2125 33 4 •
2585 2108 76 32 Quel
2675 2108 161 26 charmant
2850 2107 118 25 homme
2980 2105 6 26 !

2536 2144 39 26 Et
2587 2144 35 26 de
2637 2144 57 26 fait
2711 2143 22 26 il
2753 2143 84 26 avait
2861 2141 30 26 la
2907 2140 87 34 grâce
3017 2140 191 32 souveraine,
3224 2141 32 34 pé-

2502 2180 139 25 nétrante
2657 2178 34 25 de
2708 2177 182 26 l'éducation
2901 2176 138 34 parfaite,
3057 2177 77 26 cette
3146 2177 110 26 distinc-

2503 2216 64 26 tion
2583 2213 52 27 des
2643 2212 111 35 esprits
2765 2218 44 20 un
2825 2218 58 27 peu
2901 2211 171 34 supérieurs
3085 2219 58 28 que
3158 2211 56 26 nul
3229 2210 44 35 pli

2502 2248 222 38 professionnel
2746 2248 47 27 n'a
2822 2246 157 27 déformés.
3007 2248 39 26 Sa
3071 2248 110 34 pensée
3197 2246 74 27 était

2503 2284 228 35 probablement
2757 2283 99 26 moins
2883 2290 66 19 rare
2974 2290 58 26 que
3056 2290 34 18 sa
3111 2282 135 26 causerie
3263 2288 6 22 ;

2504 2320 86 33 mais,
2611 2327 71 19 sans
2705 2320 79 25 désir
2800 2320 33 25 de
2857 2319 136 34 critique,
3013 2326 39 18 011
3072 2326 37 18 ne
3132 2315 141 35 songeait

2504 2356 70 32 qu'à
2588 2354 79 33 jouir
2683 2354 35 25 de
2734 2361 34 18 sa
2784 2353 151 33 politesse.

2541 2389 79 24 Tout
2634 2394 39 18 au
2688 2387 70 31 plus
2770 2386 44 25 les
2825 2386 176 32 grincheux,
3065 2392 74 19 ceux
3163 2386 52 32 qui
3229 2386 30 25 ré-

2505 2421 110 25 sistent
2631 2421 17 24 à
2660 2420 99 25 toutes
2776 2418 41 26 les
2828 2419 184 30 séductions,
3015 2418 256 33 —pouvaient-ils

2504 2454 45 28 lui
2562 2453 158 37 reprocher
2734 2461 41 19 un
2791 2453 81 35 léger
2888 2451 125 30 ridicule
3032 2451 5 39 :

2597 2491 45 28 Un
2663 2491 159 27 charmant
2846 2490 129 32 homme,
3006 2490 70 26 c'est
3102 2489 69 31 sûr,!
3200 2487 73 33 Quel

2506 2529 159 33 dommage
2681 2528 73 35 qu'il
2771 2529 41 25 ait
2829 2536 59 18 une
2904 2526 100 27 manie
3021 2525 26 27 si
3065 2526 85 26 sotte.

2590 2565 38 25 Et
2644 2564 73 34 quoi
2728 2562 97 28 donc?

2589 2598 227 28 Comment?...
2850 2598 80 27 Vous
2955 2597 104 27 n'avez
3084 2604 54 27 pas
3163 2602 92 21 remar-

2507 2636 71 33 qué.
2591 2633 22 37 ..
2635 2642 47 19 ses
2698 2634 99 26 mains
2811 2633 61 30 ?...

2543 2670 83 25 Avec
2641 2678 59 18 une
2715 2669 83 26 taille
2815 2668 172 35 supérieure
3013 2668 18 25 à
3053 2667 31 26 la
3115 2673 158 28 moyenne,

2507 2711 43 18 un
2565 2711 86 26 corps
2667 2704 115 25 musclé
2798 2712 53 25 par
2867 2704 43 26 les
2919 2704 148 26 exercices
3083 2702 115 32 nobles,
3215 2708 58 20 une

2509 2738 110 25 finesse
2633 2737 34 26 de
2682 2738 90 25 traits
2786 2738 188 31 inattendue,
2993 2738 77 26 mais
3085 2738 188 26 décidément

2511 2771 96 32 virile,
2622 2771 22 26 il
2674 2771 83 26 avait
2781 2778 39 19 au
2843 2771 72 26 bout
2936 2771 167 27 d'attaches
3130 2772 143 26 délicates

2510 2809 74 27 cette
2602 2806 81 27 main
2700 2806 119 34 longue,
2838 2805 111 27 fuselée
2967 2813 57 27 que
3039 2805 44 27 les
3104 2806 151 27 chiroman-

2510 2844 81 27 ciens
2606 2842 152 37 appellent
2772 2842 31 27 la
2810 2841 174 35 princesse.

2544 2880 110 33 Quand
2668 2880 21 26 il
2700 2887 77 19 vous
2792 2877 117 28 tendait
2939 2878 74 26 cette
3041 2876 92 32 main,
3165 2876 90 34 dégan-

2510 2916 54 32 tée,
2583 2916 30 25 la
2624 2915 130 26 douceur
2770 2915 40 26 du
2826 2914 97 34 grain,
2939 2914 30 26 la
2989 2913 156 35 souplesse
3176 2921 13 17 «
3214 2911 45 27 fon-

2512 2952 90 26 dante
2619 2960 12 17 »
2647 2950 51 26 des
2722 2950 110 34 doigts,
2864 2949 172 35 surprenait
3063 2948 122 35 jusqu'à
3214 2947 47 26 l'in-

2512 2986 151 34 quiétude.
2691 2986 38 26 Et
2744 2986 43 26 les
2803 2992 89 27 yeux,
2908 2985 281 33 magnétiquement
3209 2982 52 27 atti-

2510 3022 57 30 rés,
2590 3020 201 27 s'étonnaient
2811 3020 87 26 d'une
2921 3018 167 27 blancheur
3109 3018 105 27 veinée
3239 3018 34 25 de

2510 3057 79 31 bleu,
2607 3056 77 34 polie
2700 3063 116 19 comme
2830 3063 43 19 un
2887 3054 126 26 marbre.

2546 3090 110 32 Certes,
2672 3091 21 26 il
2708 3091 84 26 avait
2805 3091 66 34 trop
2887 3090 34 26 de
2937 3090 72 33 goût
3026 3096 76 27 pour
3117 3087 156 28 accrocher

2511 3125 26 26 le
2556 3126 109 34 regard
2681 3133 54 28 par
2759 3126 51 26 des
2835 3126 91 26 mises
2950 3126 17 25 à
2992 3124 90 27 l'effet
3105 3123 168 28 volontaire

2512 3162 34 26 de
2562 3163 74 25 cette
2652 3162 189 26 aristocratie
2859 3162 34 26 do
2915 3162 98 32 lignes
3027 3168 7 25 ;
3065 3168 47 19 ses
3130 3161 100 26 mains
3248 3163 25 21 se

2512 3197 176 26 mouvaient
2718 3195 233 27 naturellement
2979 3202 115 20 comme
3123 3196 67 25 tout
3222 3200 51 20 son

2512 3240 85 25 corps
2616 3240 7 22 ;
2656 3233 144 32 pourtant
2828 3230 120 34 lorsque
2973 3231 171 26 l'attention
3180 3228 93 28 s'était

89 3359 91 24 _46—
206 3357 155 25 Feuilleton
383 3357 37 24 du
441 3353 223 27 SUPPLÉMENT
690 3352 163 28 ILLUSTRÉ

337 3407 35 24 du
389 3409 78 25 PETIT
481 3407 124 26 JOURNAL

92 3543 92 81 LA
231 3542 201 83 PEAU
487 3542 97 81 DU
638 3542 214 81 MORT

327 3771 116 28 XXVII
508 3770 109 37 {Suite)

124 3853 81 30 Tout
220 3854 85 27 Paris
320 3861 73 19 avec
410 3862 47 19 ses
472 3855 228 27 innombrables
711 3855 143 27 lumières

89 3899 32 20 ae
137 3889 151 30 déroulait
301 3896 73 19 sous
391 3896 47 19 ses
452 3898 90 26 yeux,
557 3893 30 24 et
604 3899 113 19 comme
728 3891 26 28 le
767 3891 87 27 héros

91 3928 34 26 de
141 3927 119 31 Balzac,
278 3925 22 26 il
311 3925 53 26 eût
379 3932 40 27 pu
435 3932 32 19 se
480 3925 100 31 livrer,
598 3932 38 19 en
650 3926 206 34 contemplant

90 3964 31 26 la
128 3963 111 34 grande
253 3960 83 34 ville,
350 3961 18 26 à
386 3959 131 37 quelque
539 3959 169 33 vigoureux
720 3960 115 27 monolo-

92 4005 65 26 gue.

128 4032 77 27 Mais
220 4042 70 18 non.
308 4032 26 27 Il
344 4032 103 27 s'assit
462 4031 193 35 simplement
663 4038 76 27 pour
748 4030 107 27 humer

92 4068 65 26 l'air
174 4068 72 27 frais
262 4069 53 34 qui
337 4076 32 19 se
391 4069 57 26 fait
468 4068 96 27 sentir
587 4069 17 26 à
625 4075 47 20 ces
697 4067 155 27 hauteurs.

93 4101 73 30 Puis
181 4102 21 26 il
216 4110 30 18 se
259 4104 56 26 mit
327 4104 18 26 à
360 4111 106 28 penser
483 4104 17 25 à
513 4111 31 19 ce
552 4103 73 34 qu'il
639 4102 117 28 voulait
767 4102 85 27 faire.

128 4136 27 26 A
161 4135 150 35 plusieurs
321 4140 126 34 reprises
456 4147 47 19 ses
514 4139 161 27 réflexions
686 4139 112 27 étaient
810 4140 31 25 in-

93 4175 187 31 terrompues
299 4181 54 25 par
367 4182 40 19 un
416 4175 74 34 petit
506 4174 59 27 rire
578 4173 112 35 auquel
705 4173 22 27 il
739 4173 99 27 s'aban-

93 4209 102 27 donna
210 4213 72 19 sans
296 4209 124 31 prendre
435 4218 77 26 pour
524 4209 63 27 cela
602 4209 65 26 l'air
676 4208 76 26 fatal
762 4217 38 19 ou
809 4218 31 18 sa-

92 4244 126 34 tanique
233 4241 74 26 dont
319 4241 70 27 bien
403 4245 51 26 des
469 4252 74 26 gens
570 4245 141 26 auraient
731 4251 52 20 cru
808 4245 32 26 de-

93 4280 66 28 voir
169 4279 111 27 abuser
295 4284 37 19 en
344 4278 77 26 cette
435 4279 213 28 circonstance.

128 4317 26 26 Il
167 4316 52 34 n'y
227 4312 85 30 avait
326 4311 96 27 même
430 4313 69 33 plus
509 4316 195 27 d'amertume
715 4316 74 27 dans
800 4323 56 20 son

92 4351 107 35 regard
215 4351 32 26 ni
261 4349 77 27 dans
363 4355 34 19 sa
419 4346 219 35 physionomie.
666 4351 40 26 Le
732 4352 61 25 sort
819 4358 37 19 en

92 4388 74 26 était
177 4388 70 33 jeté,
265 4388 28 26 et
309 4384 22 28 il
347 4382 86 28 allait
450 4382 164 30 s'enfoncer
630 4387 76 26 dans
717 4395 34 19 sa
767 4387 74 26 desti-

92 4423 64 31 née,
175 4429 71 19 sans
262 4422 126 33 daigner
403 4417 142 35 regarder
557 4427 37 18 en
612 4421 116 26 arrière.

128 4459 132 40 Presque
266 4459 84 26 toute
356 4456 31 27 la
393 4454 67 30 nuit
468 4454 24 27 il
501 4453 31 27 la
544 4460 91 27 passa
641 4455 87 33 ainsi,
744 4456 111 35 plongé

92 4501 61 19 non
168 4493 86 35 point
278 4493 76 26 dans
381 4493 52 26 des
459 4489 130 38 pensées
617 4491 135 33 cruelles,
777 4493 78 26 mais

93 4528 74 26 dans
181 4528 228 27 l'enfantement
424 4527 71 27 d'un
510 4526 73 37 plan
598 4525 73 35 qu'il
681 4525 98 28 fallait
791 4528 48 25 exé-

93 4565 83 26 cuter
189 4571 72 19 sans
276 4564 112 28 retard.

128 4599 76 26 Vers
219 4600 106 32 quatre
338 4599 107 26 heures
462 4599 39 26 du
526 4598 106 32 matin,
657 4597 24 26 il
707 4605 30 19 se
761 4598 54 26 mit
839 4599 17 25 à

93 4635 164 34 griffonner
278 4633 145 35 quelques
441 4635 99 33 lignes
546 4642 61 19 aux
627 4632 112 27 allures
758 4635 81 25 étran-

93 4676 60 27 ges,
172 4677 52 19 sur
237 4677 60 18 une
313 4669 102 27 feuille
426 4669 34 26 de
476 4669 104 35 papier
594 4669 74 35 qu'il
680 4670 51 25 eut
741 4669 66 26 soin
819 4669 35 26 de

91 4707 154 33 présenter
260 4707 17 25 à
289 4704 30 27 la
334 4704 119 27 flamme
471 4706 34 26 de
521 4713 34 19 sa
565 4706 124 33 bougie.

126 4741 45 26 La
187 4741 100 26 feuille
304 4741 34 26 de
348 4741 104 32 papier
461 4741 61 32 prit
531 4741 59 32 feu,
608 4740 246 33 naturellement,

895 3354 78 26 mais
989 3353 80 27 alors
1084 3351 22 27 il
1121 3350 31 26 la
1166 3348 96 27 laissa
1273 3350 116 27 tomber
1400 3359 53 26 par
1465 3352 76 25 terre
1550 3352 30 25 et
1590 3350 57 27 étei-

896 3391 66 33 gnit
977 3390 31 26 la
1022 3389 123 26 flamme
1160 3392 72 19 avec
1247 3385 27 27 le
1296 3386 78 33 pied.
1398 3387 93 33 Après
1520 3386 81 34 quoi,
1628 3393 33 19 se

895 3425 149 30 baissant,
1061 3422 22 26 il
1098 3420 141 27 examina
1250 3420 59 26 très
1320 3422 234 26 attentivement
1566 3429 31 19 ce
1607 3422 53 33 qui

895 3459 106 27 restait
1018 3459 39 26 du
1067 3456 104 37 papier
1198 3455 148 34 Satisfait,
1356 3464 71 19 sans
1437 3457 99 32 doute,
1548 3456 22 27 il
1581 3464 60 19 mur-

896 3503 87 19 mura
1002 3503 6 18 :

980 3530 79 27 C'est
1074 3527 80 27 bien.

931 3565 74 28 Puis
1017 3565 22 26 il
1054 3563 61 35 prit
1134 3561 26 26 le
1185 3561 152 35 fragment
1357 3563 35 26 de
1417 3562 125 27 missive
1565 3563 38 25 où
1629 3568 32 20 se

896 3601 145 34 voyaient
1058 3604 106 21 encore
1186 3596 145 35 quelques
1354 3598 98 34 lignes
1475 3598 132 27 roussies
1632 3598 28 25 et

895 3635 30 26 la
939 3637 63 33 jeta
1017 3635 76 26 dans
1110 3640 34 19 sa
1167 3632 92 34 petite
1281 3633 162 33 cheminée,
1469 3641 38 19 en
1530 3632 131 35 prenant

898 3672 66 27 soin
980 3671 34 27 de
1031 3670 27 27 le
1074 3667 154 27 recouvrir
1243 3667 33 26 de
1297 3669 131 27 cendres.

932 3707 71 26 Cela
1015 3706 67 31 fait,
1100 3703 24 27 il
1135 3703 59 26 tira
1209 3702 33 27 de
1260 3711 33 19 sa
1315 3704 92 34 poche
1423 3705 78 26 deux
1526 3712 38 19 ou
1585 3702 76 27 trois

898 3742 97 34 objets
1011 3748 84 20 assez
1113 3738 163 33 singuliers
1289 3746 6 25 ;
1312 3733 21 32 îl
1348 3739 45 26 les
1408 3739 111 34 déposa
1535 3746 38 19 au
1589 3737 72 27 fond

898 3777 70 27 d'un
985 3777 85 27 tiroir
1085 3772 72 37 qu'il
1173 3772 96 27 ferma
1284 3775 18 26 à
1316 3775 107 27 double
1439 3777 78 30 tour,
1534 3776 38 30 et,
1597 3780 48 28 pre-

898 3815 74 24 nant
986 3820 56 19 son
1058 3811 144 32 chapeau,
1219 3809 24 26 il
1257 3810 85 27 allait
1358 3810 168 33 s'éloigner,
1537 3810 124 33 lorsque

898 3848 129 34 quelque
1043 3844 112 28 secrète
1170 3846 106 32 pensée
1292 3844 28 27 le
1333 3844 100 27 retint.

932 3883 25 26 Il
972 3888 145 28 promena
1131 3881 109 25 autour
1256 3880 33 27 de
1304 3881 44 26 lui
1361 3889 41 18 un
1413 3880 117 35 regard,
1545 3886 116 21 comme

898 3919 46 26 s'il
956 3920 50 24 eût
1015 3915 125 30 cherché
1154 3915 128 33 quelque
1293 3915 98 33 chose,
1406 3918 30 24 et
1444 3915 119 27 bientôt
1577 3915 22 26 il
1611 3915 50 26 eut

898 3953 143 27 décroché
1056 3952 79 26 deux
1148 3957 38 19 ou
1202 3951 73 26 trois
1291 3952 91 33 petits
1400 3951 150 26 tableaux.
1574 3950 85 27 Dans

896 3997 41 18 un
950 3987 119 27 meuble
1081 3984 74 37 qu'il
1166 3987 110 31 ouvrit,
1289 3993 31 20 se
1330 3987 175 26 trouvaient
1517 3986 52 26 des
1578 3984 70 30 vieil-

898 4025 87 25 leries
1002 4024 112 28 fanées,
1133 4020 53 34 qui
1202 4020 138 27 devaient
1357 4023 61 26 être
1434 4022 51 26 des
1504 4020 157 27 souvenirs

898 4059 34 26 de
947 4059 123 26 famille.
1089 4057 26 27 Il
1128 4064 37 18 en
1181 4056 34 26 fit
1225 4063 43 19 un
1280 4058 74 33 pet;t
1367 4058 111 33 paquet
1491 4057 154 33 soigneuse-

898 4097 81 24 ment
994 4093 92 32 ficelé,
1106 4093 28 26 et
1149 4091 81 26 enfin
1252 4091 24 26 il
1299 4091 58 26 tira
1381 4093 71 26 d'un
1478 4091 123 35 placard
1620 4098 40 19 un

898 4130 97 33 grand
1017 4130 105 26 carton
1136 4127 164 26 contenant
1320 4127 255 27 d'innombrables
1600 4127 46 26 des-

898 4166 65 26 sins
981 4167 30 25 et
1026 4165 51 26 des
1093 4161 196 28 manuscrits.

981 4201 25 26 O
1017 4199 142 27 faiblesse
1166 4198 145 26 humaine
1322 4196 6 26 !
1339 4196 236 34 grommela-t-il,
1583 4199 34 25 tu
1626 4206 34 18 ne

898 4244 80 19 veux
989 4243 54 27 pas
1054 4241 59 28 que
1124 4233 63 27 cela
1200 4234 78 25 reste
1289 4232 115 35 ignoré.
1424 4233 161 32 Vaniteux,
1603 4241 40 18 va
1656 4232 5 38 1

933 4271 79 27 Mais
1026 4270 116 34 malgré
1157 4276 47 19 ces
1220 4267 118 34 paroles
1348 4267 34 27 de
1398 4269 164 35 sceptique,
1573 4269 21 26 il
1603 4269 58 34 prit

896 4306 27 27 le
940 4307 67 26 tout
1023 4313 71 20 sous
1110 4312 56 19 son
1186 4304 71 26 bras
1286 4305 28 25 et
1344 4304 60 26 s'en
1433 4304 60 27 alla
1509 4304 70 27 d'un
1607 4312 53 27 pas

898 4341 167 37 tranquille
1080 4339 72 27 chez
1167 4338 102 27 Riaux
1279 4339 48 32 où,
1341 4339 116 33 malgré
1467 4339 31 26 la
1508 4339 91 26 fièvre
1610 4339 51 34 qui

898 4377 27 27 le
932 4377 146 32 dévorait,
1087 4376 22 27 il
1115 4374 125 37 parvint
1247 4375 17 25 à
1271 4372 113 28 dormir
1390 4374 146 35 quelques
1543 4375 118 26 heures.

932 4417 44 26 La
991 4417 124 33 journée
1130 4422 31 20 se
1176 4422 92 27 passa
1281 4421 71 19 sans
1363 4414 145 27 incident.
1527 4414 115 27 Montus-

898 4460 57 19 san
970 4459 38 20 ne
1022 4452 118 33 bougea
1155 4457 63 26 pas.
1232 4449 26 27 Il
1271 4449 144 35 peignait.
1427 4449 39 27 Sa
1478 4450 98 33 gaieté
1589 4457 54 19 sem-

898 4488 77 26 blait
989 4495 139 19 revenue.
1146 4485 137 35 Quoique
1299 4485 74 33 seul,
1390 4485 22 27 il
1423 4485 111 35 parlait
1550 4485 76 27 haut
1633 4486 27 26 et

898 4522 104 27 faisait
1018 4522 50 26 des
1085 4521 221 35 plaisanteries.

932 4561 195 35 Quelquefois
1142 4561 27 26 le
1185 4569 71 19 nom
1263 4561 37 26 de
1313 4561 170 26 Geneviève
1498 4560 104 27 venait
1611 4567 50 19 sur

898 4606 48 19 ses
961 4598 107 26 lèvres.
1082 4597 26 26 Il
1121 4597 27 26 le
1159 4597 180 34 prononçait
1348 4605 71 18 sans
1430 4598 176 25 amertume.
1618 4596 43 26 On

898 4633 51 26 eût
963 4633 52 32 dit,
1032 4641 40 19 au
1087 4632 158 31 contraire,
1264 4632 73 33 qu'il
1352 4631 211 34 éprouvait-un
1573 4631 73 26 senti-

898 4670 84 25 ment
997 4668 34 26 de
1044 4667 146 37 profonde
1198 4668 59 33 joie
1271 4669 18 25 à
1299 4667 98 35 parler
1409 4667 35 26 de
1453 4667 31 25 la
1491 4665 170 35 jeune-fille.

933 4704 25 26 Il
974 4704 33 26 fit
1020 4704 138 33 apporter
1175 4711 48 18 ses
1238 4710 89 27 repas
1342 4702 77 27 dans
1433 4702 128 26 l'atelier
1573 4703 28 25 et
1626 4709 34 19 ne

898 4739 90 27 sortit
998 4737 69 33 qu'à
1082 4737 30 26 la
1126 4737 69 27 nuit
1211 4737 78 27 close
1304 4744 76 26 pour
1395 4737 76 26 aller
1480 4743 53 20 rue
1544 4737 52 26 des
1607 4737 53 26 Ab-

1702 3350 113 32 besses,
1833 3347 146 27 s'assurer
1995 3347 74 35 qu'il
2082 3347 105 26 n'était
2202 3347 65 27 rien
2290 3354 80 20 venu
2395 3351 76 28 pour

1703 3385 54 26 lui.

1739 3419 98 33 Trois,
1856 3420 116 34 quatre,
1987 3418 71 33 cinq
2068 3418 84 32 jours
2165 3426 30 18 se
2210 3418 156 33 passèrent
2378 3413 89 27 ainsi.

1703 3456 183 27 Montussan
1897 3455 105 26 n'était
2011 3461 54 27 pas
2078 3455 139 26 retourné
2228 3454 70 27 chez
2309 3452 44 26 les
2366 3450 104 26 dames

1703 3490 159 33 Largeval.
1880 3490 81 25 Elles
1978 3489 155 26 n'avaient
2148 3496 53 26 pas
2218 3489 133 26 entendu
2372 3484 99 35 parler

1703 3526 35 26 de
1754 3526 52 31 lui,
1824 3528 28 25 et
1869 3534 31 18 se
1916 3523 214 27 demandaient
2146 3531 31 19 ce
2193 3524 73 34 qu'il
2282 3522 149 27 devenait.

1739 3561 40 26 Le
1786 3561 123 26 sixième
1917 3561 79 33 jour,
2010 3559 113 26 Lucien
2135 3561 83 32 reçut
2229 3568 40 18 un
2282 3557 104 37 papier
2398 3554 73 35 qu'il

1704 3595 150 26 attendait
1871 3594 106 35 depuis
1991 3594 182 35 longtemps,
2192 3602 50 19 car
2263 3594 22 26 il
2307 3592 104 28 s'écria
2428 3592 5 38 :

1788 3631 90 27 Enfin
1893 3631 5 27 !

1739 3666 81 32 Puis,
1835 3666 86 34 après
1936 3672 43 19 un
1993 3665 133 26 moment
2143 3665 33 26 de
2191 3665 119 32 silence,
2324 3663 21 27 il
2356 3661 92 35 reprit
2463 3669 6 19 :

1786 3703 50 26 Ma
1846 3707 115 30 pauvre
1974 3699 181 34 Geneviève,
2166 3702 33 26 tu
2211 3709 56 19 vas
2278 3699 66 27 voir
2356 3705 115 19 comme

1702 3737 30 33 je
1747 3737 63 26 sais
1826 3737 102 26 aimer.

1739 3771 39 26 Ce
1793 3772 103 34 papier
1922 3770 105 28 n'était
2042 3771 85 26 autre
2150 3780 59 30 que
2231 3770 30 27 la
2284 3770 126 27 citation
2437 3768 33 26 de

1706 3807 181 27 Montussan
1896 3814 116 20 comme
2026 3807 123 26 témoin.
2160 3808 26 25 Il
2194 3807 103 26 devait
2310 3807 61 25 être
2381 3804 76 25 inter-

1704 3841 71 33 rogé
1791 3841 26 27 le
1830 3842 183 32 lendemain,
2030 3848 67 20 vers
2114 3848 58 20 une
2187 3841 92 27 heure
2295 3841 34 27 de
2352 3840 105 34 l'après-

1706 3875 85 27 midi.

1740 3912 41 26 Le
1794 3912 126 27 bohème
1936 3913 47 26 fut
1998 3913 216 26 extrêmement
2235 3913 92 26 exact.
2348 3911 46 25 Au
2411 3918 40 18 mo-

1706 3947 84 25 ment
1802 3946 94 27 même
1911 3950 39 25 où
1965 3956 59 19 une
2039 3947 91 26 heure
2146 3948 130 30 sonnait,
2290 3946 21 26 il
2322 3945 149 34 pénétrait

1706 3981 77 26 dans
1798 3981 30 26 la
1838 3984 113 32 grande
1963 3984 73 27 salle
2049 3983 144 27 d'attente
2203 3983 73 27 dont
2285 3989 78 20 nous
2375 3987 96 19 avons

1707 4017 71 33 déjà
1791 4018 91 32 parlé.

1742 4051 45 27 On
1802 4051 27 26 le
1839 4052 66 33 pria
1911 4054 35 27 de
1957 4055 158 34 patienter.
2126 4054 38 26 M.
2177 4054 129 27 Mestras
2316 4052 83 26 étant
2408 4051 47 33 pré-

1707 4088 145 27 cisément
1866 4090 109 33 occupé
1989 4096 73 19 avec
2076 4089 27 26 le
2113 4089 206 26 commissaire
2331 4088 35 26 de
2378 4087 93 35 police

1707 4123 53 35 qui
1776 4122 84 26 avait
1873 4124 94 26 arrêté
1984 4124 152 34 Largeval
2158 4127 28 24 et
2200 4126 61 34 qui,
2289 4131 39 18 on
2352 4122 27 26 le
2401 4122 69 32 sait,

1706 4157 138 28 n'aimait
1860 4165 57 27 que
1930 4160 60 27 fort
2006 4161 235 26 médiocrement
2254 4160 124 26 Lucien.

1742 4199 44 26 La
1801 4198 106 25 séance
1922 4198 45 26 fut
1983 4199 120 33 longue.
2124 4200 78 26 Mais
2213 4199 193 31 Montussan,
2420 4196 51 33 qui

1707 4233 74 28 était
1793 4234 442 34 connupoursonimpatience,
2245 4234 47 26 fut
2303 4240 41 19 un
2357 4232 113 27 modèle

1709 4271 34 26 de
1760 4269 141 27 douceur.

1742 4303 139 28 Pendant
1896 4302 69 33 plus
1981 4304 87 27 d'une
2085 4304 91 27 heure
2185 4306 28 25 et
2225 4305 106 32 demie,
2344 4304 21 26 il
2378 4304 78 26 atten-

1707 4342 53 31 dit,
1772 4345 72 20 sans
1856 4337 74 26 faire
1937 4338 143 26 entendre
2086 4346 60 19 une
2156 4339 123 35 plainte,
2293 4346 72 20 sans
2374 4337 81 26 adres-

1707 4383 47 19 ser
1772 4381 58 20 une
1851 4371 142 34 question
2015 4375 17 24 à
2055 4374 162 34 l'huissier,
2246 4376 91 30 qu'on
2365 4372 106 27 voulût

1706 4411 72 27 bien
1800 4407 189 28 l'introduire
2011 4410 109 34 auprès
2150 4410 39 27 du
2213 4413 73 33 juge
2316 4409 139 26 d'instruc-

1706 4448 74 25 tion.

1742 4480 100 32 Enfin,
1857 4479 24 26 il
1896 4479 47 27 fut
1974 4480 26 27 si
2029 4481 126 35 patient,
2173 4489 59 27 que
2267 4481 64 27 cela
2359 4480 46 27 fut
2430 4487 28 20 re-

1706 4514 137 37 marqué,
1857 4513 45 27 les
1910 4515 130 27 témoins
2049 4518 149 32 parisiens
2205 4517 126 27 brillant
2342 4514 113 27 ordinai-

1706 4552 117 27 rement
1834 4558 54 27 par
1900 4551 188 27 unefoulede
2100 4552 169 33 réflexions,
2287 4552 34 26 de
2331 4551 123 27 réclama-

1706 4589 83 27 tions
1812 4590 31 25 et
1863 4585 241 35 d'objurgations
2126 4589 70 34 plus
2217 4596 39 19 ou
2277 4587 100 27 moins
2400 4585 57 28 folâ-

1706 4625 71 26 tres.

1728 4663 4 34 .
1742 4663 197 33 Néanmoins,
1948 4663 67 26 tout
2026 4663 85 27 vient
2124 4663 18 26 à
2153 4663 86 34 point
2248 4663 18 26 à
2277 4663 100 34 qui...
2391 4663 60 26 Mon-

1706 4702 110 25 tussan
1830 4701 89 34 parut
1932 4698 112 27 devant
2059 4698 27 27 le
2104 4700 72 33 juge
2192 4698 224 26 d'instruction.
2435 4697 35 26 Ce

1708 4735 45 26 fut
1770 4735 168 26 seulement
1951 4741 37 20 en
2003 4735 142 32 présence
2163 4735 34 26 de
2213 4734 39 27 M.
2271 4734 130 27 Mestras
2417 4740 54 27 que

2513 3350 26 26 le
2561 3348 126 26 bohème
2704 3348 144 26 retrouva
2868 3346 30 27 la
2923 3346 213 37 physionomie
3165 3345 97 34 gouail-

2513 3384 91 31 leuse,
2623 3390 128 27 presque
2763 3383 157 27 insolente,
2936 3384 73 26 dont
3025 3384 22 26 il
3063 3383 122 27 abusait
3200 3381 78 35 jadis

2513 3426 73 18 avec
2597 3418 46 27 les
2659 3418 130 35 gêneurs
2802 3426 39 19 ou
2855 3419 44 26 les
2913 3419 163 27 imbéciles.

2548 3455 41 26 Le
2606 3455 163 33 magistrat
2796 3463 162 27 remarqua
2980 3456 74 26 cette
3079 3455 131 26 attitude
3239 3452 39 26 du

2513 3489 129 34 premier
2655 3498 76 27 coup
2745 3490 89 33 d'œil,
2850 3493 87 31 mais,
2956 3491 198 25 connaissant
3168 3490 44 25 les
3228 3495 33 19 an-

2513 3526 151 27 técédents
2682 3527 34 26 de
2731 3527 123 32 Lucien,
2871 3527 22 25 il
2909 3534 37 18 ne
2960 3526 60 26 s'en
3037 3527 111 25 étonna
3163 3531 64 27 pas.

2548 3560 174 30 Seulement
2746 3569 47 19 ces
2817 3560 195 27 antécédents
3034 3560 89 26 firent
3152 3567 57 26 que
3239 3555 39 31 M-

2513 3596 138 33 Mestras,
2672 3606 72 19 avec
2758 3606 43 18 un
2816 3598 120 25 homme
2952 3604 77 27 pour
3050 3594 99 37 lequel
3165 3602 54 18 son
3237 3599 28 20 es-

2513 3632 72 26 time
2602 3632 104 27 n'était
2722 3640 53 27 pas
2791 3632 123 33 grande,
2929 3632 27 26 le
2973 3632 59 33 prit
3053 3630 124 34 d'assezj
3193 3628 84 27 haut.

2597 3669 83 27 Vous
2698 3669 60 27 êtes
2773 3667 155 27 monsieur
2944 3666 191 31 Montussan,
3158 3665 119 25 n'est-ce

2513 3710 54 27 pas
2580 3703 14 27 ?

2595 3738 65 33 Oui,
2679 3738 162 27 monsieur.

2595 3775 78 26 Sans
2688 3775 180 33 profession,
2884 3774 17 25 à
2917 3780 31 19 ce
2965 3778 57 27 que
3037 3771 28 34 je
3083 3770 99 27 crois?

2595 3809 83 26 Vous
2695 3809 100 25 auriez
2811 3810 70 28 tort,
2900 3807 163 32 monsieur,
3074 3807 138 34 répliqua
3223 3806 38 26 Lu-

2513 3844 73 32 cien,
2606 3844 34 26 de
2656 3852 77 20 vous
2756 3842 141 27 endurcir
2917 3841 76 28 dans
3018 3843 77 26 cette
3119 3847 156 28 croyance,

2512 3880 52 33 j'ai
2578 3887 58 19 une
2652 3879 178 34 profession,
2846 3879 27 31 je
2888 3879 64 26 suis
2966 3879 117 26 artiste.

2548 3915 45 26 La
2606 3915 96 32 figure
2715 3913 34 26 de
2766 3913 39 27 M.
2824 3913 129 27 Mestras
2969 3913 74 27 était
3060 3913 135 26 devenue
3210 3911 69 34 plus

2515 3951 111 26 sévère.

2598 3984 163 33 Monsieur,
2776 3984 87 33 dit-il,
2877 3992 78 19 vous
2965 3984 63 26 êtes
3039 3984 104 34 appelé
3154 3984 40 26 ici
3202 3987 58 21 com-

2515 4028 46 18 me
2577 4020 122 26 témoin.
2718 4022 34 25 Je
2769 4022 170 34 représente
2954 4019 31 26 la
2998 4020 111 33 justice
3123 4019 17 24 à
3150 4015 129 35 laquelle

2515 4063 77 19 vous
2603 4056 90 26 devez
2711 4056 26 26 le
2746 4056 69 34 plus
2828 4057 97 32 grand
2933 4056 124 32 respect,
3070 4055 28 24 et
3106 4054 28 31 je
3144 4058 77 19 vous
3233 4057 31 20 en-

2515 4098 78 27 gage
2608 4093 18 25 à
2641 4100 135 19 mesurer
2791 4091 44 26 les
2850 4090 118 34 paroles
2985 4095 57 27 que
3051 4095 77 19 vous
3141 4087 122 27 m'adres-

2516 4134 91 20 serez.

2597 4163 33 25 Je
2646 4169 38 19 ne
2698 4161 117 34 croyais
2836 4167 64 27 pas,
2919 4159 164 34 monsieur,
3099 4160 85 26 avoir
3198 4163 60 22 man-

2515 4199 59 33 qué
2587 4199 35 25 de
2643 4202 191 21 convenance
2851 4201 107 20 envers
2975 4202 76 20 vous
3069 4195 32 26 ni
3122 4202 107 19 envers
3252 4192 27 26 lu

2515 4233 110 34 justice
2640 4239 38 19 en
2691 4232 115 25 faisant
2818 4238 59 19 une
2893 4230 243 38 plaisanterie...

2600 4267 83 26 Vous
2698 4273 78 19 vous
2792 4266 61 26 êtes
2870 4267 116 34 trompé
3002 4266 80 27 alors
3092 4273 7 25 ;
3112 4267 85 25 votre
3209 4260 57 39 plai-

2516 4304 141 31 santerie,
2675 4310 113 20 comme
2804 4310 76 20 vous
2894 4303 152 34 l'appelez,
3063 4303 46 26 est
3125 4300 70 26 d'un
3208 4294 71 39 goût

2516 4337 175 27 détestable.

2551 4372 25 27 A
2585 4382 47 19 ces
2646 4375 87 32 mots,
2745 4374 182 27 Montussan
2936 4375 51 25 eut
2996 4371 66 27 l'air
3071 4370 90 27 d'être
3174 4370 105 27 froisse

2515 4408 78 27 dans
2609 4417 56 19 son
2678 4416 227 27 amour-pr.opre
2919 4408 145 30 d'auteur,
3079 4408 79 26 mais
3184 4414 35 19 ne
3240 4402 26 28 ré-

2515 4444 105 35 pliqua
2633 4446 73 27 rien.
2724 4446 46 26 Au
2787 4443 158 31 contraire,
2970 4442 24 26 il
3015 4442 60 34 prit
3096 4442 52 26 des
3172 4440 106 27 allures

2515 4480 175 27 infiniment
2717 4480 161 32 modestes,
2903 4486 72 19 sans
2998 4479 145 34 pourtant
3168 4475 110 37 quitter

2516 4524 54 19 son
2585 4517 44 26 air
2643 4515 178 35 gouailleur.

2602 4556 163 32 Monsieur,
2792 4554 44 26 lui
2862 4553 45 28 dit
2935 4554 39 27 M.
3001 4554 130 26 Mestras
3158 4560 41 19 un
3227 4551 52 33 peu

2516 4592 103 34 agacé,
2864 4597 47 20 me
2935 4591 139 26 raconter
3096 4586 183 30 vous-mêin®

2515 4628 31 26 la
2557 4629 69 33 part
2635 4633 58 27 que
2881 4625 79 34 prise
2972 4633 41 18 un
3025 4624 61 26 soir
3099 4625 17 24 à
3130 4623 31 26 la
3171 4622 107 27 rechei'-

2518 4662 105 26 che-de
2637 4662 78 26 deux
2731 4661 126 27 voleurs,
2868 4662 78 26 dans
2959 4669 41 19 un
3013 4659 103 35 jardin
3132 4658 35 26 de
3187 4657 31 27 la
3233 4655 46 26 rue

2517 4697 154 34 Serpente,
2687 4704 39 19 ou
2744 4696 70 28 bien
2828 4697 224 34 préférez-vous
3076 4702 59 27 que
3156 4695 28 33 je
3207 4689 72 31 vou»

2518 4734 154 31 interroge
2681 4731 13 27 ?

89 105 144 20 4

881 89 208 18 —■—
1296 87 26 18 i-
1344 77 200 46 Supplément
1561 77 123 35 illustré
1698 74 41 37 du
1759 74 86 38 Petit
1859 76 131 37 Journal
2031 81 437 19 ■■■■■■—™
