3332 4897
86 206 185 53 La
318 202 527 54 semaine

117 338 43 26 Le
174 337 170 27 centenaire
367 335 34 26 de
428 334 244 33 l'émancipation
697 332 155 27 définitive

84 373 51 26 des
150 372 74 34 juifs
240 379 38 20 en
295 371 124 31 France,
436 377 103 20 œuvre
568 369 34 27 de
630 370 85 25 notre
738 366 113 35 grande

83 407 195 31 Révolution,
296 407 45 25 est
354 412 80 19 venu
461 405 183 26 récemment
659 405 17 25 à
691 403 156 27 échéance.

83 442 254 31 Permettez-moi,
363 442 17 24 à
402 449 32 19 ce
452 448 119 27 propos,
602 438 146 35 quelques
771 438 80 26 mots

85 478 35 27 de
136 477 135 27 causette
298 484 52 19 sur
363 476 28 26 la
407 476 141 34 question
573 476 94 33 juive,
691 475 67 25 tout
782 474 53 26 sim-

83 514 136 34 plement
233 514 30 25 et
278 513 17 25 à
308 511 30 26 la
351 511 99 26 bonne
465 510 181 34 franquette.

120 548 133 34 Lorsque
269 548 30 26 la
314 547 194 31 Révolution,
522 546 93 34 —qui
624 546 69 26 n'en
706 544 73 27 était
795 552 54 27 pas

85 591 104 19 encore
214 583 117 26 arrivée
359 583 17 24 à
406 589 33 19 sa
463 581 120 34 période
618 580 234 27 véritablement

84 618 282 32 révolutionnaire,
391 618 130 33 puisque
550 614 93 27 Louis
673 614 80 33 XVI,
781 615 15 25 à
820 622 31 19 ce

85 656 135 25 moment
230 663 13 17 «
260 653 45 26 roi
318 653 51 26 des
389 652 145 32 Français
548 660 25 21 »,
605 651 89 33 signa
717 653 30 24 et
762 651 90 33 signa

84 690 97 26 même
206 697 72 19 avec
307 687 237 34 empressement
570 686 86 26 l'acte
683 686 151 33 émnncipa-

84 728 77 30 teur,
237 724 122 33 lorsque
374 722 31 26 la
420 720 183 28 Révolution
630 722 33 25 fit
677 720 45 27 les
736 719 100 27 israéli-

84 763 46 24 tes
148 761 33 26 de
196 759 116 26 France
324 758 43 26 les
383 757 98 33 égaux
497 757 35 26 de
546 756 83 27 leurs
644 757 203 33 concitoyens,

85 796 22 26 il
115 803 20 26 y
151 795 84 27 avait
242 793 76 27 trois
324 794 116 25 centres
446 793 178 34 principaux
632 791 35 26 de
679 791 152 34 judaïsme
842 791 5 38 :

85 830 27 27 le
125 830 122 26 Comtat
261 828 181 34 d'Avignon,
458 828 165 31 Bordeaux,
640 826 137 28 l'Alsace.

122 865 59 26 Dès
196 863 79 32 1790,
288 863 43 26 les
347 863 74 34 juifs
437 863 40 26 du
493 862 131 32 Comtat,
634 862 73 26 dont
720 862 112 33 Carpen-

87 902 63 25 tras
164 900 73 26 était
250 899 26 27 le
293 901 99 25 centre
406 900 34 26 de
468 898 162 32 résidence,
663 900 27 24 et
717 905 76 19 ceux
815 896 34 26 de

87 935 167 32 Bordeaux,
274 934 224 34 généralement
520 934 157 32 immigrés
689 933 39 26 du
745 933 89 27 Portu-

89 971 59 34 gal,
164 971 100 27 furent
281 970 180 34 émancipés.
484 969 71 27 Cela
570 976 37 19 ne
622 967 34 27 fit
676 976 54 27 pas
749 976 43 18 un
807 966 44 35 pli

87 1013 38 19 ou
141 1006 67 27 n'en
221 1006 34 25 fit
272 1006 98 33 guère.
389 1005 47 26 Au
452 1004 64 27 sein
537 1004 51 26 des
604 1003 195 35 populations
814 1003 35 26 de

86 1041 30 27 la
130 1042 106 34 région
248 1041 198 34 avignonaise
462 1039 30 26 et
507 1038 34 27 de
569 1038 30 26 la
620 1038 106 33 région
748 1038 87 26 borde-

86 1077 83 32 laise,
187 1084 40 19 on
243 1076 178 27 s'entendait
433 1075 103 26 mieux
550 1082 58 27 que
624 1072 83 27 nulle
722 1075 67 33 part
798 1071 39 27 ail-

85 1111 81 27 leurs
177 1120 37 19 en
229 1111 128 34 Europe,
370 1111 84 25 entre
465 1110 74 33 juifs
554 1110 30 25 et
598 1108 163 28 chrétiens.
793 1108 58 26 Les

86 1147 150 27 israélites
255 1146 151 27 bordelais
430 1143 230 35 appartenaient
684 1150 60 19 aux
768 1142 83 27 idées

87 1182 165 32 nouvelles,
279 1181 39 26 ils
346 1181 123 30 étaient,
500 1187 71 18 sous
598 1186 31 21 ce
654 1180 132 34 rapport,
813 1186 37 18 en

87 1225 112 20 avance
213 1225 53 19 sur
280 1217 81 26 leurs
374 1214 275 33 coreligionnaires.
676 1214 79 26 C'est
770 1213 69 27 d'ail-

86 1253 81 26 leurs
183 1253 35 26 de
233 1253 31 25 la
279 1251 115 27 colonie
409 1250 83 34 juive
507 1250 34 26 de
557 1250 161 26 Bordeaux
731 1257 59 27 que
804 1248 31 26 de-

86 1289 105 26 vaient
204 1286 102 32 sortir,
322 1286 130 34 quelque
465 1286 148 33 quarante
626 1292 57 20 ans
696 1284 67 35 plus
772 1284 77 32 lard,

87 1324 43 26 les
157 1323 69 34 plus
266 1322 135 26 illustres
431 1320 123 35 adeptes
586 1319 38 27 de
656 1319 31 26 la
716 1318 136 27 doctrine

89 1357 293 33 saint-simonienne,
402 1357 46 26 les
461 1357 116 26 Péreire
591 1357 30 25 et
635 1355 216 35 Rodriguesen

87 1393 67 28 tête.

122 1434 46 27 En
185 1433 79 33 1791,
280 1441 32 19 ce
324 1433 47 26 fut
385 1440 39 19 au
448 1433 69 25 tour
540 1430 52 26 des
611 1429 150 27 israélites
774 1429 63 27 d'Al-

89 1476 66 22 sace
170 1468 35 27 de
226 1468 161 27 bénéficier
406 1467 40 27 du
468 1466 133 35 principe
614 1466 37 26 de
667 1465 131 34 l'égalité
811 1465 27 26 ci-

87 1504 67 31 vile.
174 1505 78 26 Mais
267 1504 39 32 là,
324 1502 30 26 la
366 1502 89 26 chose
471 1501 90 26 n'alla
574 1508 54 26 pas
651 1501 84 26 toute
758 1499 90 28 seule.

87 1539 128 27 l'Alsace
230 1538 138 27 n'aimait
380 1545 54 27 pas
457 1537 44 26 les
520 1535 85 34 juifs,
631 1537 28 25 et
686 1535 70 26 c'est
785 1535 66 25 tout

89 1574 120 35 simple:
224 1573 56 27 elle
295 1573 65 26 leur
373 1572 102 27 devait
488 1572 207 26 énormément
705 1571 143 34 d'argent.

123 1618 14 17 «
155 1611 91 26 Notre
261 1609 129 31 ennemi,
409 1607 71 26 c'est
494 1607 85 25 notre
605 1606 109 25 maître
728 1616 14 15 »
767 1613 17 18 a
808 1605 44 26 dit

87 1644 45 27 La
144 1644 158 27 Fontaine.
315 1644 79 27 Mais
409 1643 26 26 le
449 1642 109 27 maître
572 1649 57 28 que
639 1649 79 20 nous
733 1641 118 27 aimons

87 1681 27 26 le
128 1681 111 30 moins,
254 1680 71 26 c'est
337 1680 87 25 notre
441 1677 196 33 créancier...

122 1716 41 26 Le
180 1714 150 28 créancier
341 1715 53 34 qui
409 1714 56 26 tire
481 1721 41 18 un
541 1720 58 27 peu
624 1713 157 26 durement
800 1719 53 19 sur

89 1750 30 26 la
131 1750 107 26 chaîne
249 1749 35 26 de
299 1749 32 26 la
345 1749 90 31 dette,
446 1755 77 20 nous
534 1748 28 26 le
573 1748 163 33 qualifions
749 1747 87 27 volon-

89 1787 72 26 tiers
177 1786 34 26 de
223 1785 69 35 juif,
307 1792 105 19 encore
428 1782 73 37 qu'il
521 1791 38 19 ne
580 1782 28 27 le
631 1782 59 26 soit
716 1789 65 27 pas.
797 1781 53 27 S'il

89 1821 73 32 l'est,
181 1828 39 19 on
235 1828 37 19 ne
288 1827 30 20 se
332 1820 56 26 fait
402 1827 56 27 pas
474 1819 83 26 faute
572 1818 35 27 de
618 1818 143 35 l'appeler
771 1827 15 14 «
795 1818 38 27 im-

89 1857 107 27 monde
210 1854 133 37 Shylock
356 1865 13 15 »
383 1863 39 18 ou
433 1853 347 37 plusprosaïquement«
791 1852 60 27 sale

87 1892 67 33 juif.
178 1902 13 17 »

122 1931 59 26 Les
207 1931 124 34 députés
354 1930 159 31 alsaciens,
533 1936 72 20 sous
621 1928 31 27 la
663 1928 139 35 pression
819 1926 34 27 de

89 1967 79 27 leurs
185 1967 214 26 commettants
412 1965 28 25 et
455 1964 52 26 des
520 1964 235 33 municipalités,
764 1964 89 25 firent

89 2010 59 19 une
161 2001 172 35 opposition
350 2001 52 25 des
423 2000 70 35 plus
519 2000 86 26 vives
630 2000 18 25 à
663 1998 174 34 l'émancipa-

89 2037 64 26 tion
168 2036 52 26 des
234 2036 76 33 juifs
337 2035 144 26 d'Alsace.
509 2035 26 26 Il
560 2034 67 27 leur
656 2034 90 26 fallut
761 2034 73 33 négo-

90 2073 67 32 cier,
188 2072 162 34 transiger,
376 2076 163 27 composer.
566 2068 84 33 Bref,
672 2076 39 19 on
745 2068 107 26 estime

89 2115 58 27 que
161 2107 30 26 la
207 2106 214 27 communauté
435 2106 85 32 juive
544 2105 33 27 de
607 2105 97 26 là-bas
724 2104 56 26 dut
807 2112 31 18 sa-

89 2143 105 32 crifier,
210 2143 66 26 rien
288 2143 87 34 qu'en
396 2141 138 25 créances
549 2139 231 35 hypothécaires
800 2147 35 18 an-

89 2178 112 32 nulées,
220 2178 89 33 vingt
324 2176 144 31 millions,
487 2183 39 19 au
539 2174 54 26 bas
614 2176 69 25 mot.
707 2174 143 31 Ailleurs,

89 2220 38 19 on
150 2212 135 34 traquait
312 2212 44 26 les
379 2212 253 25 «aristocrates».
658 2210 78 27 Mais
758 2209 94 27 Israël

89 2248 197 37 représentait
311 2255 76 26 pour
419 2245 129 26 l'Alsace
574 2244 210 28 l'aristocratie
807 2244 43 27 du

89 2284 178 30 numéraire,
285 2283 31 25 la
331 2282 143 26 féodalité
494 2281 40 27 du
548 2281 112 34 capital
674 2282 135 25 sonnant
822 2281 31 25 et

87 2320 30 26 la
131 2319 69 35 plus
215 2316 180 28 intolérable
410 2316 51 26 des
470 2316 106 33 dîmes,
592 2316 72 26 celle
679 2316 35 26 de
729 2315 122 27 l'usure.

89 2355 44 26 De
145 2355 67 26 tout
228 2353 72 32 cela,
319 2361 39 18 on
383 2352 35 26 fit
438 2350 81 27 table
543 2359 77 25 rase,
645 2359 39 19 ou
705 2357 60 28 peu
791 2349 61 27 s'en

90 2388 72 27 faut.

123 2498 90 27 Voilà
222 2496 266 31 l'antisémitisme,
506 2494 41 27 tel
569 2494 74 37 qu'il
665 2502 33 20 se
712 2496 141 35 présente

89 2541 71 19 sous
175 2541 33 19 sa
228 2533 94 26 forme
338 2532 193 27 élémentaire
552 2533 30 24 et
595 2531 106 26 fruste.
723 2531 112 34 Aujour-

90 2569 90 32 d'hui,
195 2576 78 28 pour
298 2568 84 26 s'être
407 2567 92 26 affiné
522 2568 30 25 et
576 2567 70 33 paré
665 2567 37 26 de
720 2567 132 26 certains

89 2606 107 26 dehors
217 2603 207 34 scientifiques
446 2604 28 26 et
496 2603 120 26 surtout
632 2601 217 35 sophistiques,

89 2640 22 27 il
132 2647 38 19 ne
191 2639 92 26 laisse
304 2646 64 28 pas,
385 2646 40 18 au
445 2637 83 32 fond,
544 2636 90 27 d'être
658 2637 142 32 toujours
821 2636 32 26 la

89 2676 97 26 même
198 2674 98 27 chose.
317 2674 25 26 Il
356 2675 46 24 est
417 2673 33 26 la
464 2672 113 27 révolte
595 2670 34 26 de
657 2678 84 19 races
754 2670 85 25 relati-

89 2711 122 26 vement
231 2709 180 26 inférieures
431 2715 39 18 ou
493 2706 102 26 moins
622 2704 107 26 douées
752 2706 100 24 contre

89 2753 59 19 une
167 2752 69 19 race
254 2743 259 35 supérieurement
526 2739 94 27 douée
633 2746 74 19 sous
720 2739 132 26 certains

89 2781 150 33 rapports,
262 2779 30 26 et
311 2777 61 34 qui,
389 2776 81 35 prise
489 2776 79 27 dans
588 2781 54 19 son
659 2774 162 32 ensemble,
837 2781 15 19 a

91 2823 37 18 su
141 2813 107 27 rendre
262 2813 44 26 les
317 2812 162 35 premières
488 2811 177 28 tributaires
681 2810 33 27 de
726 2810 32 27 la
771 2811 66 35 puis-

91 2858 89 19 sance
191 2849 159 26 financière
363 2848 106 35 qu'elle
484 2848 122 26 détient.

124 2885 269 26 L'antisémitisme
402 2891 32 20 se
441 2883 163 27 manifeste
615 2889 129 28 presque
756 2882 81 28 exclu-

91 2922 149 27 sivement
253 2920 77 27 dans
344 2919 45 27 les
407 2919 126 27 milieux
555 2920 39 25 où
614 2917 31 27 la
669 2919 184 26 civilisation

90 2957 45 26 est
148 2963 37 20 en
200 2955 102 27 retard
312 2963 6 22 ;
381 2954 115 35 parfois
509 2954 25 26 il
553 2953 181 35 correspond
756 2955 18 24 à
795 2961 58 18 une

91 2992 185 27 civilisation
291 2992 67 32 trop
383 2989 141 31 avaneée,
549 2987 176 35 faisandée.
814 2988 39 27 Ce

91 3027 73 34 qu'il
178 3035 20 25 y
213 3034 17 17 a
242 3026 35 26 de
291 3024 115 35 positif,
425 3025 71 26 c'est
516 3031 57 27 que
596 3024 146 26 certaines
759 3022 78 27 défec-

90 3061 138 32 tuosités,
250 3060 146 27 certaines
420 3059 169 32 faiblesses,
617 3058 131 28 certains
772 3059 80 26 vices

91 3106 38 19 ou
145 3099 80 25 tares
241 3096 135 27 donnent
390 3094 86 27 barre
493 3096 17 25 à
526 3094 102 32 Israël,
645 3094 61 26 soit
733 3100 52 20 sur
809 3094 44 26 les

90 3139 126 26 masses,
231 3132 59 26 soit
307 3139 51 19 sur
370 3130 45 27 les
429 3130 165 27 individus.

125 3168 198 34 Clairvoyant
340 3167 39 26 du
394 3167 53 26 but
465 3165 73 35 qu'il
552 3165 141 34 poursuit
705 3167 28 26 et
750 3167 103 26 tenace

90 3206 19 25 à
123 3211 33 19 sa
171 3203 167 34 poursuite,
356 3201 164 34 ingénieux
534 3202 17 25 à
563 3203 124 25 trouver
702 3201 52 26 des
769 3200 84 27 voies

90 3247 77 27 pour
180 3237 180 32 l'atteindre,
384 3237 194 26 surmontant
593 3243 39 19 ou
647 3237 146 25 tournant
808 3235 44 27 les

91 3274 149 27 obstacles
263 3280 73 19 avec
351 3280 58 18 une
425 3272 131 26 habileté
576 3279 57 26 que
657 3270 178 27 n'embarias-

91 3311 67 25 sent
190 3317 54 26 pas
275 3308 139 33 toujours
445 3306 44 26 les
523 3306 165 33 scrupules,
728 3306 125 26 l'enfant

91 3343 124 30 d'lsraël
229 3344 61 26 met
304 3343 18 26 à
337 3341 91 35 profit
444 3340 194 34 l'ignorance,
656 3340 196 33 l'inhabileté,

91 3379 254 32 l'inconsistance,
363 3377 262 37 l'imprévoyance,
640 3374 44 27 les
709 3377 141 34 appétits,

91 3416 43 27 les
146 3415 143 34 passions
305 3413 35 26 de
356 3420 56 19 son
424 3413 149 35 voisin...

124 3451 40 26 Et
187 3450 24 26 il
233 3449 130 35 exploite
391 3448 74 27 ledit
480 3448 111 32 voisin,
606 3455 39 20 en
660 3448 87 27 vertu
764 3446 34 27 de
811 3446 32 27 l'i-

92 3484 161 28 nexorable
281 3485 41 25 loi
348 3484 33 27 de
405 3484 31 25 la
464 3490 198 20 concurrence
690 3482 103 33 vitale,
813 3483 39 26 du

92 3521 139 33 struggle
244 3519 54 34 for
314 3519 56 33 life
386 3519 34 26 de
436 3519 141 27 Darwin.

124 3556 137 30 Partout,
278 3560 196 28 voyez-vous,
491 3554 122 33 partout
625 3554 39 25 où
678 3561 61 18 une
754 3553 78 27 mino-

91 3593 57 26 rité
161 3589 191 34 intelligente
367 3596 61 19 aux
442 3588 130 33 affaires,
583 3588 203 32 travailleuse,
804 3596 33 26 pa-

91 3628 102 30 tiente,
209 3625 128 28 sachant
365 3632 32 19 se
424 3624 102 35 priver
552 3631 78 27 pour
648 3631 144 25 amasser,
808 3625 45 25 est

91 3671 37 18 en
142 3663 142 35 présence
294 3661 91 26 d'une
397 3660 142 34 majorité
547 3654 35 33 5e
596 3659 148 35 eapaeités
758 3659 76 26 moin-

93 3699 74 32 dres,
184 3698 102 26 moins
302 3697 69 40 âpre
386 3698 28 24 et
429 3694 100 27 moins
544 3696 69 34 apte
640 3703 39 19 au
702 3694 84 34 gain,
803 3694 33 26 be-

91 3739 159 27 sogneuse,
265 3732 145 26 résistant
425 3731 213 26 malaisément
661 3732 20 26 à
694 3730 33 27 la
739 3730 99 27 sollici-

92 3768 97 26 tation
217 3767 34 27 de
272 3775 48 19 ses
346 3767 141 35 appétits,
514 3765 24 27 il
565 3767 65 26 doit
652 3767 115 26 arriver
795 3772 58 27 que

93 3802 112 27 celle-ci
216 3803 148 26 devienne
376 3803 31 25 la
416 3802 159 26 tributaire
589 3802 34 25 de
639 3801 123 27 celle-là.

128 3837 78 27 Mais
220 3837 41 26 du
276 3840 133 24 moment
432 3844 57 27 que
516 3844 31 19 ce
573 3836 185 34 phénomène
780 3837 73 26 s'est

92 3872 120 38 produit
229 3879 73 19 avec
317 3878 59 19 une
403 3872 145 26 intensité
572 3874 177 31 menaçante
775 3879 77 28 pour

92 3908 167 35 l'équilibre
278 3905 103 31 social,
397 3907 100 25 toutes
508 3906 44 26 les
562 3907 58 26 fois
637 3907 110 33 qu'une
757 3909 93 30 caste,

92 3945 96 26 même
200 3943 106 32 d'élite,
319 3948 19 20 a
352 3940 128 27 absorbé
493 3947 58 20 une
565 3943 69 32 part
658 3944 70 31 trop
752 3948 83 20 exces-

94 3980 63 27 sive
169 3980 37 27 de
217 3979 32 27 la
263 3977 131 28 richesse
411 3984 39 19 ou
467 3974 34 27 de
515 3974 31 26 la
573 3976 161 34 puissance
755 3977 83 33 publi-

94 4023 83 25 ques,
193 4015 31 26 la
236 4015 99 27 même
348 4011 174 28 inexorable
535 4011 43 27 loi
593 4011 40 26 du
644 4012 141 32 struggle
797 4012 56 33 for

96 4049 57 33 life
164 4057 34 19 .se
211 4051 141 26 retourne
381 4049 102 26 contre
501 4046 64 33 elle,
593 4046 33 27 la
647 4046 152 33 restreint,
823 4046 30 26 la

87 4084 131 31 'réfrène,
231 4085 45 26 lui
291 4085 58 26 fait
363 4084 106 27 rendre
483 4084 141 34 gorge...

131 4119 78 26 C'est
213 4119 146 27 l'histoire
367 4120 34 27 de
407 4121 53 25 tou
467 4122 43 24 tes
515 4119 44 26 les
566 4119 206 27 aristocraties
778 4126 7 19 :
793 4119 46 26 féo-

96 4153 76 32 dale,
181 4153 236 37 ecclésiastique,
430 4155 170 31 financière,
619 4154 152 27 militaire.
787 4153 65 27 Elle

94 4195 113 30 prouve
231 4195 59 26 que
311 4189 27 26 si
360 4189 132 33 l'égalité
506 4189 124 27 absolue
645 4189 52 26 des
711 4189 138 27 hommes

94 4226 45 25 est
167 4230 60 20 une
243 4222 137 33 chimère,
393 4225 24 25 il
430 4226 45 26 est
490 4233 41 18 un
541 4224 115 27 certain
665 4224 170 34 degréd'iné-

94 4260 93 35 gallté
201 4259 31 26 et
243 4257 210 34 d'inéquilibre
467 4261 92 26 social
567 4269 58 27 que
633 4259 30 27 la
674 4259 115 27 Justice
796 4260 38 25 Im-

93 4296 151 31 manente,
262 4292 156 35 présidant
438 4302 59 19 aux
513 4296 149 26 destinées
673 4294 34 26 de
723 4294 111 26 l'huma-

93 4333 72 31 nité,
180 4339 41 20 ne
235 4329 94 27 laisse
341 4326 111 34 jamais
472 4330 139 26 s'établir.
626 4331 96 27 Toute
744 4330 90 35 hyper-

93 4367 118 38 trophie
235 4363 117 39 appelle
380 4362 249 31 inévitablement
650 4367 27 26 le
702 4365 133 33 dégonfle-

93 4406 93 30 ment,
200 4404 71 26 tout
283 4398 231 37 accaparement
524 4398 117 30 aboutit
651 4403 20 24 à
679 4401 31 27 la
720 4401 116 37 liquida-

92 4439 73 26 tion.

126 4473 155 37 Pourquoi
301 4473 28 27 le
348 4470 198 30 mouvement
573 4470 175 27 antisémite
765 4479 39 19 ne
819 4479 33 20 se

93 4509 91 26 fait-il
202 4517 78 27 pour
295 4509 83 26 ainsi
396 4509 65 26 dire
485 4513 56 30 pas
561 4505 98 26 sentir
677 4513 40 19 en
741 4506 93 35 Angle-

94 4547 84 30 terre,
194 4545 32 25 ni
240 4552 38 18 en
298 4544 162 32 Australie,
478 4543 32 27 ni
531 4548 39 20 au
593 4540 131 33 Canada,
743 4543 31 25 ni
790 4550 60 21 aux

92 4579 178 27 Etats-Unis
282 4579 13 26 ?
319 4579 43 27 La
385 4586 67 20 race
474 4577 133 28 israélite
628 4576 104 33 existe,
750 4584 86 27 cepen-

93 4615 81 32 dant,
203 4613 76 26 dans
305 4622 47 19 ces
374 4622 86 27 pays.
487 4613 65 26 Elle
570 4620 20 26 y
612 4619 103 20 exerce
737 4620 115 19 comme

92 4649 123 28 ailleurs
239 4657 54 19 son
311 4650 136 33 aptitude
462 4657 60 19 aux
542 4648 129 27 affaires.
690 4646 65 27 Elle
772 4655 19 26 y
807 4648 45 26 est

90 4685 178 34 juxtaposée
283 4685 18 26 à
317 4693 59 19 une
389 4693 67 19 race
469 4685 35 26 de
521 4693 103 26 grosse
640 4684 58 33 vie,
717 4683 135 27 adonnée

91 4722 17 24 à
131 4729 39 18 un
195 4720 187 27 confortable
409 4721 208 33 dispendieux,
650 4727 37 18 ne
715 4719 138 26 reculant

91 4755 111 27 devant
219 4763 116 19 aucune
356 4755 144 27 fantaisie
519 4755 39 26 du
580 4755 79 31 luxe,
677 4755 31 26 et
725 4754 53 33 qui
794 4754 56 31 est,

894 175 37 19 en
944 175 43 18 un
999 169 73 30 mot,
1090 167 27 26 le
1134 167 149 26 contraire
1299 165 87 26 d'une
1402 172 66 18 race
1485 164 168 34 d'épargne.

893 202 79 27 Mais
996 202 71 27 c'est
1087 210 59 26 que
1169 209 31 19 ce
1228 201 154 27 monde-là
1409 202 45 25 est
1482 200 156 34 prodigieu-

894 239 117 25 sement
1035 237 79 31 actif,
1139 236 168 32 laborieux,
1328 236 203 31 industrieux,
1556 235 85 26 infini-

893 275 84 24 ment
990 273 98 26 fertile
1104 280 37 20 en
1154 279 171 20 ressources
1339 270 34 26 de
1394 270 81 34 gain.

931 307 92 27 Aussi
1050 307 155 27 l'israélite
1231 307 113 26 n'est-il
1363 306 78 34 plus,
1455 306 76 26 dans
1551 314 43 18 un
1615 305 40 26 tel

891 343 117 32 milieu,
1025 343 159 27 l'individu
1204 343 164 35 supérieur,
1383 340 177 27 extra-doué
1583 340 72 34 qu'il

893 379 46 26 est
967 379 132 31 ailleurs,
1119 379 151 30 vis-à-vis,
1291 386 54 26 par
1369 377 135 34 exemple
1531 376 39 27 du
1586 376 52 26 Ger-

892 413 93 32 main,
1006 413 39 27 du
1072 413 98 32 Slave,
1186 412 40 27 du
1243 413 138 33 Magyar,
1398 412 39 26 du
1452 411 162 27 Roumain.
1631 411 24 26 Il

893 449 77 27 n'est
989 457 53 27 pas
1058 449 27 27 le
1100 449 109 26 maître
1226 449 132 31 redouté,
1375 448 22 26 il
1407 448 87 26 .n'est
1508 455 54 27 pas
1587 445 54 26 l'en-

893 484 81 26 nemi
987 484 51 26 haï
1050 493 7 24 ;
1074 485 66 25 tout
1159 491 39 19 au
1211 484 67 34 plus
1292 484 128 31 l'émule,
1435 483 27 26 le
1478 483 177 27 concurrent

893 528 57 26 que
966 520 56 27 nul
1033 528 37 19 ne
1087 528 93 26 songe
1196 521 15 24 à
1224 519 178 37 supprimer.

928 555 79 26 Chez
1023 562 87 26 nous,
1126 562 38 19 en
1178 555 124 31 France,
1318 562 37 19 ne
1369 561 222 20 sommes-nous
1600 560 54 27 pas

893 598 83 19 assez
993 591 198 33 intelligents,
1215 598 84 19 assez
1315 589 74 26 forts
1410 598 74 26 pour
1501 588 85 26 vivre
1602 595 53 19 sur

892 625 26 27 le
934 626 96 27 même
1055 626 69 34 pied
1147 633 73 20 avec
1250 624 115 28 Israël?
1381 625 45 26 En
1449 624 206 27 serions-nous

893 661 216 26 sérieusement
1139 661 17 25 à
1179 660 77 26 faire
1269 660 183 34 application
1472 666 38 19 au
1534 666 104 19 concur-

892 698 66 24 rent
981 697 105 26 sémite
1107 696 34 27 de
1161 696 31 26 la
1214 696 137 30 formule,
1417 693 113 34 puérile
1550 700 39 18 ou
1612 693 28 25 sé-

892 731 71 33 nile,
978 739 39 18 au
1033 731 97 33 choix,
1202 741 14 14 «
1239 738 31 19 se
1289 731 191 26 débarrasser
1502 729 34 27 de
1557 736 31 19 ce
1603 729 52 34 qui

893 767 76 33 gêne
984 767 13 26 ?
1018 777 13 15 »

927 802 45 26 On
989 810 35 19 ne
1041 810 31 19 se
1087 802 176 27 débarrasse
1280 802 34 26 de
1325 801 52 35 qui
1391 809 76 19 vous
1479 801 76 34 gêne
1567 800 87 35 qu'en

892 844 31 19 se
956 839 130 25 mettant
1119 846 39 18 au
1185 837 112 26 niveau
1331 837 39 25 du
1393 836 120 34 gêneur,
1538 843 38 19 ou
1606 842 33 20 au-

892 873 116 26 dessus.

926 913 41 26 Le
987 914 196 26 mouvement
1198 913 174 27 antisémite
1387 921 18 18 a
1420 913 63 34 pris
1499 920 56 19 son
1571 912 67 26 déve-

892 947 182 35 loppement,
1088 948 72 26 chez
1175 957 87 25 nous,
1280 950 19 25 à
1318 947 30 27 la
1359 947 79 27 suite
1454 947 41 27 du
1511 947 93 26 kraeh
1618 947 37 26 de

892 983 18 26 F
917 983 103 28 Union
1031 983 161 35 générale.
1207 984 41 27 Ce
1269 983 46 28 fut
1335 991 59 19 une
1417 981 115 35 grande
1554 983 32 27 et
1612 990 28 19 re-

892 1018 149 33 grettable
1057 1018 203 34 catastrophe,
1277 1018 74 26 dont
1369 1018 44 26 les
1427 1018 228 34 conséquences

892 1061 37 19 ne
944 1062 32 18 se
989 1054 165 27 limitèrent
1168 1062 56 27 pas
1238 1055 19 25 à
1278 1052 33 27 la
1329 1052 182 28 subversion
1531 1052 54 27 des
1596 1052 45 27 for-

892 1090 90 25 tunes
992 1089 176 27 nobiliaires
1182 1091 28 24 et
1220 1089 35 27 de
1270 1089 92 27 haute
1377 1089 190 34 bourgeoisie
1581 1096 56 33 pro-

892 1123 139 32 vinciale,
1096 1131 50 18 car
1161 1126 70 25 tous
1244 1124 45 27 les
1303 1124 126 27 intérêts
1443 1126 72 25 sont
1532 1123 107 26 solidai-

892 1167 46 18 res
954 1159 76 27 dans
1045 1167 60 19 une
1121 1160 105 26 nation
1244 1161 156 33 compacte
1416 1166 115 21 comme
1554 1159 31 26 la
1604 1159 34 27 nô-

892 1196 53 30 tre,
964 1195 28 25 et
1005 1194 30 27 la
1050 1194 120 27 fortune
1185 1194 144 34 publique
1344 1201 37 20 ne
1402 1198 76 33 peut
1504 1194 79 34 pâtir
1602 1201 53 20 sur

892 1237 43 19 un
950 1230 85 34 point
1048 1237 59 27 que
1121 1232 66 25 tout
1202 1230 27 26 le
1245 1231 78 25 reste
1332 1230 35 27 de
1381 1230 195 33 l'organisme
1589 1228 66 27 n'en

892 1265 120 27 souffre.
1026 1265 86 27 —La
1126 1265 92 27 haute
1231 1265 117 27 finance
1362 1265 84 34 juive
1461 1265 152 34 remporta
1626 1264 28 26 là

892 1307 59 18 une
966 1299 125 27 victoire
1106 1300 72 26 dont
1193 1299 56 27 nul
1263 1300 48 25 n'a
1324 1307 37 19 eu
1376 1300 18 25 à
1408 1307 31 19 se
1454 1299 137 33 féliciter,
1602 1306 53 27 pas

893 1336 96 26 même
1004 1335 44 27 les
1063 1335 172 35 politiciens
1263 1335 64 26 mal
1351 1335 131 35 inspirés
1501 1335 56 34 qui
1569 1335 86 26 firent

893 1377 90 20 cause
994 1377 161 20 commune
1169 1377 72 20 avec
1256 1370 63 27 elle.

930 1489 86 33 Mais,
1033 1489 152 35 dira-t-on,
1204 1491 44 27 les
1259 1491 74 33 juifs
1350 1488 146 28 excellent
1509 1491 18 25 à
1541 1496 34 20 se
1591 1496 50 19 sou-

893 1525 79 26 tenir
987 1527 83 25 entre
1096 1533 67 26 eux,
1194 1527 18 26 à
1241 1526 175 32 s'entendre,
1444 1526 20 25 à
1485 1533 32 19 se
1530 1525 128 26 coaliser

893 1566 76 27 pour
984 1567 31 19 se
1029 1560 74 27 faire
1119 1561 31 26 la
1161 1561 83 26 main
1258 1569 60 19 aux
1328 1560 111 34 dépens
1449 1560 40 26 du
1498 1566 142 20 commun
1651 1560 6 25 !

930 1594 26 25 A
970 1597 72 32 quoi
1055 1598 30 32 je
1100 1598 159 33 répondrai
1286 1594 5 37 :
1320 1596 104 26 Faites
1447 1603 115 19 comme
1587 1600 69 25 eux,

893 1638 78 19 vous
987 1631 72 26 dont
1088 1631 65 26 leur
1170 1632 94 33 esprit
1293 1631 193 33 d'entreprise
1500 1631 30 26 et
1545 1630 94 26 d'acca-

894 1669 157 32 parement
1067 1670 60 24 met
1142 1675 37 19 en
1206 1665 89 27 échec
1309 1665 45 26 les
1367 1665 136 26 intérêts.
1519 1665 122 27 Unissez-

894 1708 77 20 vous
987 1709 73 26 pour
1074 1710 78 19 vous
1167 1702 141 27 défendre
1319 1701 6 26 !

931 1736 202 28 Voulez-vous
1147 1746 43 19 un
1213 1736 135 35 exemple
1370 1736 18 26 à
1403 1736 124 26 suivre?
1543 1736 34 26 Je
1593 1735 64 26 vais

893 1770 203 34 l'emprunter,
1124 1773 90 27 chose
1227 1773 53 34 qui
1294 1779 77 21 vous
1387 1770 193 35 surprendra,
1596 1770 61 26 àde

895 1807 124 33 simples
1029 1815 135 27 paysans
1179 1808 142 32 français.

930 1847 46 26 On
998 1854 18 19 a
1041 1847 117 35 déploré
1180 1850 222 34 fréquemment
1423 1850 31 25 et
1478 1854 73 20 avec
1578 1847 79 32 juste

892 1883 105 26 raison
1018 1883 268 28 l'envahissement
1316 1884 40 26 du
1381 1884 122 27 marché
1526 1883 131 32 français

894 1925 56 26 par
963 1918 43 26 les
1020 1918 96 26 bières
1131 1918 195 33 allemandes,
1389 1918 144 27 invasion
1546 1919 96 32 regret-

894 1952 81 27 table
991 1954 17 25 à
1029 1954 79 27 deux
1122 1955 104 33 points
1245 1955 35 25 de
1302 1962 58 19 vue
1369 1963 7 18 :
1400 1955 31 26 1°
1448 1962 89 27 parce
1552 1952 105 35 qu'elle

895 1990 46 25 est
956 1988 180 34 allemande,
1149 1989 31 27 2°
1196 1997 86 26 parce
1299 1997 57 26 que
1372 1997 47 19 ces
1431 1990 98 26 bières
1543 1990 72 26 sont
1629 1988 28 26 la

893 2023 124 34 plupart
1030 2023 40 27 du
1084 2026 98 33 temps
1202 2024 167 34 salycilées,
1385 2024 183 28 «fest-dnliis
1583 2023 57 26 mal-

895 2059 110 26 saines.
1020 2059 86 33 Mais,
1124 2061 105 33 depuis
1247 2060 145 35 quelques
1414 2061 123 30 années,
1552 2059 33 27 la
1594 2057 47 27 cul-

894 2095 69 25 ture
977 2094 40 26 du
1032 2094 133 27 houblon
1180 2104 17 17 a
1209 2095 72 34 pris,
1298 2102 38 19 en
1351 2094 125 33 France,
1483 2102 59 19 une
1556 2095 85 26 exten-

895 2130 67 25 sion
978 2130 139 32 sérieuse,
1131 2131 172 26 favorisant
1317 2130 28 27 le
1362 2130 246 37 développement
1620 2128 37 27 de

894 2164 170 27 l'industrie
1072 2166 41 26 du
1126 2166 148 33 brassage
1284 2166 35 26 de
1328 2166 35 27 la
1370 2166 81 26 Mère
1456 2165 56 27 .©a
1518 2166 139 33 fabrique

893 2199 194 27 maintenant
1100 2209 130 27 presque
1245 2203 122 33 partout
1378 2209 40 19 en
1439 2200 124 31 France,
1580 2200 77 26 mais

894 2236 123 25 surtout
1036 2235 77 27 dans
1131 2244 56 19 nos
1209 2237 222 33 départements
1455 2236 35 26 de
1502 2236 86 31 l'Est,
1606 2235 51 27 des

894 2270 98 27 bières
1007 2270 84 27 aussi
1106 2270 117 28 bonnes
1238 2280 58 27 que
1313 2271 46 27 les
1372 2270 175 28 meilleures
1557 2270 99 27 Mères

896 2303 254 35 d'outre-Vosges.

930 2343 85 27 Cette
1030 2343 115 28 culture
1161 2346 40 26 du
1228 2346 133 28 houblon
1374 2348 48 25 est
1443 2347 60 26 très
1519 2347 138 33 prospère

896 2381 76 26 dans
983 2379 45 27 les
1041 2379 223 35 départements
1278 2381 35 26 de
1326 2381 30 26 la
1367 2381 158 26 Côte-d'Or
1540 2383 28 24 et
1576 2380 39 27 de
1629 2380 28 26 la

893 2414 231 32 Haute-Marne,
1140 2417 39 24 où
1191 2414 57 26 elle
1269 2415 57 26 fait
1338 2421 201 20 concurrence
1552 2414 19 26 â
1583 2414 74 26 .celle

896 2451 34 26 de
945 2451 31 26 la
991 2451 102 33 vigne,
1113 2452 66 33 trop
1191 2450 208 28 infidèlement
1410 2450 243 27 rémunératrice.

896 2486 31 27 Si
938 2486 71 26 bien
1024 2486 91 34 qu'on
1139 2486 137 34 pourrait
1294 2486 66 27 dire
1388 2493 59 30 que
1473 2486 184 27 Gatmferiiaus

895 2523 77 26 tient
987 2530 37 19 en
1041 2522 87 27 échec
1143 2522 138 28 Bacehus
1291 2524 115 33 jusque
1420 2523 77 26 dans
1513 2530 47 20 ses
1580 2522 61 27 anti-

895 2565 73 27 ques
984 2557 156 26 domaines
1153 2557 241 35 bourguignons.

930 2593 50 32 Or,
1000 2593 27 26 le
1046 2593 248 34 développement
1312 2594 39 26 de
1375 2595 76 25 cette
1478 2593 117 27 culture
1616 2593 41 26 du

896 2628 136 26 houblon
1055 2636 18 18 a
1089 2628 80 26 failli
1186 2636 43 18 un
1246 2629 122 26 instant
1389 2629 64 25 être
1478 2629 98 26 arrêté
1603 2635 54 27 par

894 2662 220 33 l'exploitation
1124 2662 145 34 judaïque
1279 2662 56 27 des
1343 2663 91 32 petits
1448 2662 208 26 cultivateurs-

895 2695 59 25 Les
978 2696 185 25 marchands
1193 2696 216 26 houMomniers
1439 2696 158 31 Israélites,
1617 2702 40 25 ,se

896 2728 189 35 syndiquant
1096 2737 78 27 pour
1189 2730 136 26 abaisser
1330 2730 45 26 les
1384 2730 67 33 prix
1467 2730 118 25 d'achat
1597 2735 60 19 aux

895 2765 207 35 producteurs,
1133 2764 126 27 avaient
1279 2764 77 27 avili
1369 2772 52 20 ces
1435 2764 69 35 prix
1522 2771 40 19 au
1572 2763 85 37 point

896 2802 34 27 de
945 2800 182 35 décourager
1139 2799 215 35 l'agriculture.

928 2842 27 27 Il
969 2842 69 28 n'en
1051 2843 48 26 fut
1111 2842 74 31 rien,
1201 2841 176 35 cependant,
1391 2849 53 19 .car
1460 2841 51 27 des
1522 2839 135 30 hommes

895 2878 181 27 d'initiative
1085 2877 190 33 intelligente
1283 2877 198 28 conseillèren
1486 2880 9 24 t
1502 2885 60 19 aux
1570 2877 73 28 culti-

894 2916 124 25 vateurs
1054 2914 35 27 de
1119 2914 135 27 houblon
1283 2914 35 26 de
1350 2921 31 19 se
1403 2914 170 35 syndiquer
1596 2921 61 19 eux

896 2949 92 31 aussi,
1007 2956 31 19 ce
1054 2949 90 34 qu'ils
1154 2949 102 31 firent,
1272 2950 30 25 et
1313 2949 86 32 grâce
1416 2949 15 25 à
1448 2949 71 33 quoi
1543 2949 40 26 ils
1607 2956 33 26 pu-

894 2986 67 26 rent
970 2983 141 27 défendre
1121 2989 76 20 avec
1208 2983 102 26 succès
1319 2982 80 27 leurs
1414 2983 128 27 intérêts
1552 2986 104 24 contre

894 3020 44 27 les
954 3020 122 26 enfants
1093 3018 130 27 d'lsraël.

930 3054 130 27 Faisons
1074 3061 115 20 comme
1200 3061 47 19 ces
1256 3061 133 27 paysans
1402 3063 6 18 :
1423 3056 234 26 unissons-nous

894 3099 76 26 pour
981 3091 100 26 lutter.
1100 3090 39 27 Ce
1155 3090 76 26 n'est
1243 3098 56 27 pas
1313 3090 168 26 seulement
1495 3092 100 26 contre
1615 3090 43 27 les

893 3126 76 34 juifs
985 3125 73 35 qu'il
1071 3125 66 26 faut
1152 3125 106 31 lutter;
1277 3125 65 26 tout
1358 3125 74 26 n'est
1450 3132 56 26 que
1517 3125 77 26 lutte
1607 3125 38 27 ici-

894 3163 65 30 bas,
977 3163 83 25 entre
1072 3161 45 26 les
1131 3159 137 26 hommes
1281 3159 6 25 !
1306 3159 78 26 Mais
1396 3167 261 21 souvenons-nous

895 3204 67 27 que,
980 3197 76 26 dans
1072 3203 31 19 ce
1131 3194 155 35 perpétuel
1310 3195 129 31 combat,
1456 3195 21 26 il
1502 3203 37 19 ne
1559 3196 64 27 doit
1637 3203 20 26 y

895 3233 86 27 avoir
994 3230 177 27 finalement
1188 3229 129 26 d'autres
1333 3229 185 34 vainqueurs
1530 3233 30 25 et
1574 3231 66 26 vain-

896 3275 52 19 cus
964 3275 58 26 que
1036 3266 27 26 le
1078 3263 124 35 progrès
1218 3263 87 26 d'une
1319 3267 77 32 part,
1413 3267 27 25 et
1454 3265 34 28 de
1499 3266 116 34 l'autre,
1628 3267 30 27 la

895 3302 119 27 routine
1032 3302 27 25 et
1074 3299 177 27 l'indolence
1269 3299 168 28 humaines.

1352 3376 104 28 Simon
1476 3378 126 27 LEVRAX.

896 3522 105 97 LÀ
1032 3519 228 98 IERE
1290 3519 365 100 MÂILLOD

927 3692 26 26 Il
979 3691 76 27 était
1077 3687 52 27 dix
1155 3686 109 30 heures
1290 3687 40 27 du
1352 3689 97 27 matin
1462 3697 8 22 ;
1486 3689 28 27 le
1531 3687 124 37 général

891 3728 93 33 •G...,
994 3731 110 31 promu
1122 3723 105 34 depuis
1243 3724 77 26 deux
1337 3725 85 33 jours
1437 3724 221 27 divîsioaaaiire

894 3764 18 25 à
927 3758 146 35 T..se
1096 3758 171 35 promenait
1286 3758 33 27 de
1338 3762 72 32 long
1427 3767 35 20 en
1482 3758 84 34 large
1579 3758 80 26 .dans

892 3798 32 27 la
940 3807 71 18 cour
1025 3797 34 26 de
1074 3801 56 21 son
1144 3793 90 33 hôtel,
1253 3795 103 34 quand
1371 3803 56 19 son
1440 3795 66 27 aide
1519 3795 34 27 de
1569 3802 89 27 camp

892 3836 96 26 entra.

981 3868 73 27 Mon
1080 3865 70 28 cher
1168 3862 79 37 Guy,
1271 3866 28 34 je
1323 3873 77 20 vous
1423 3865 161 32 attendais,
1612 3865 46 27 lui

891 3904 83 28 dit-il
989 3912 37 19 en
1043 3902 45 26 lui
1104 3901 156 26 montrant
1277 3901 78 26 deux
1368 3901 136 27 chevaux
1517 3902 92 25 teams
1618 3908 41 19 en

892 3940 86 26 main
991 3946 54 27 par
1057 3944 59 20 une
1134 3934 197 28 ordonnance.

928 3976 48 30 Et,
993 3972 136 38 pendant
1139 3978 58 27 que
1212 3971 26 26 le
1251 3972 87 33 jeune
1352 3972 113 26 officier
1478 3971 180 31 remeasdait,

891 4010 30 27 le
938 4009 124 37 général
1083 4007 34 26 fit
1140 4013 129 19 avancer
1297 4006 41 27 les
1363 4006 144 32 chevaux,
1544 4009 30 24 et
1598 4005 61 27 l'on

894 4048 90 25 sauta
992 4052 41 19 eu
1050 4042 80 30 selle.

928 4082 96 33 Après
1038 4087 44 20 un
1096 4080 99 31 temps
1220 4077 33 26 de
1276 4078 61 25 trot
1361 4078 89 26 d'une
1473 4077 184 27 demi-heure

891 4116 139 32 environ,
1046 4115 45 27 les
1119 4113 79 26 deux
1226 4111 130 28 officiers
1383 4114 161 26 mettaient
1559 4114 70 34 pied
1641 4114 19 25 à

892 4154 78 25 terre
986 4150 112 27 devant
1114 4155 60 20 une
1188 4147 130 34 auberge
1336 4148 34 26 de
1383 4148 113 33 grande
1507 4150 97 25 route.

977 4187 144 33 Bonjour,
1141 4182 129 27 Denise!
1298 4182 63 26 cria
1390 4183 152 31 gaiement
1565 4183 28 27 le
1607 4185 34 33 gé-

893 4221 85 27 néral
992 4230 38 18 en
1044 4219 209 28 franchissant
1269 4217 27 26 le
1317 4218 77 26 seuil
1416 4218 33 26 de
1469 4218 32 26 la
1521 4221 86 32 porte
1626 4220 32 26 et

893 4266 37 19 en
946 4256 183 37 apercevant
1144 4254 76 26 dans
1233 4253 165 27 l'intérieur
1414 4253 34 26 de
1462 4253 32 26 la
1508 4253 76 27 salle
1598 4261 60 19 une

891 4294 90 33 jeune
997 4292 60 26 fille
1072 4292 18 26 à
1106 4289 118 28 l'allure
1240 4291 124 28 accorte,
1382 4290 54 35 qui
1448 4290 105 26 venait
1566 4290 20 26 à
1599 4289 58 27 lui.

928 4329 44 26 La
983 4329 93 33 jeune
1091 4325 60 27 fille
1167 4324 100 27 releva
1283 4324 30 26 la
1325 4325 69 33 tête,
1410 4328 52 24 eut
1476 4332 44 19 un
1540 4325 119 26 sous-ire

894 4363 234 30 d'étonnement,
1152 4359 80 32 puis,
1256 4368 40 18 au
1326 4359 76 27 î>ont
1429 4359 76 27 d'an,
1527 4359 130 31 instant,

889 4407 77 21 avec
979 4407 43 19 un
1036 4397 91 27 éclair
1142 4396 34 27 de
1188 4396 60 33 joie
1264 4396 76 26 dans
1352 4395 46 28 les
1414 4402 80 20 veux
1508 4397 33 25 et
1554 4403 45 20 on
1612 4395 46 34 pli

893 4436 34 26 de
941 4434 139 27 bonheur
1094 4439 63 20 aux
1169 4430 99 27 lèvres
1279 4437 8 20 :

976 4468 50 28 Ah
1037 4469 7 26 !
1057 4475 73 20 mon
1146 4474 93 27 par...

927 4506 65 26 Elle
1016 4506 54 26 eut
1077 4512 45 18 an
1140 4502 80 27 arrêt
1247 4501 202 33 d'hésitation,
1475 4501 132 37 regarda
1628 4501 30 27 le

892 4540 70 35 képi
978 4540 40 26 du
1031 4539 123 34 général
1167 4540 38 31 et,
1222 4546 31 19 se
1266 4540 162 33 reprenant
1442 4546 7 19 :

973 4574 71 27 Mon
1057 4573 122 35 général
1195 4574 6 25 !
1215 4573 112 27 fit-elle.

978 4611 66 32 Oui,
1062 4612 53 25 ton
1135 4611 169 34 parrain...
1325 4609 46 26 Ah
1390 4610 54 25 !tu
1454 4609 58 27 l'as
1527 4616 132 20 reconnu

894 4648 66 26 tout
981 4645 34 26 de
1033 4645 162 28 même!...
1215 4645 34 26 Je
1264 4651 37 20 ne
1328 4645 64 26 suis
1413 4644 77 27 donc
1507 4651 57 27 ;pas
1592 4645 67 33 trop

894 4683 117 33 changé
1031 4689 35 19 en
1083 4680 197 35 général?...
1311 4680 115 32 Allons,
1444 4680 87 27 viens
1559 4678 80 27 m'om-

893 4717 131 27 brasser.

928 4753 39 26 Et
983 4753 26 26 le
1025 4752 66 33 père
1109 4752 124 26 Maillou
1243 4750 13 27 ?
1263 4750 102 34 reprit
1390 4750 28 31 le
1435 4749 123 35 général
1573 4750 85 34 après

1698 164 86 26 avoir
1800 164 71 33 posé
1884 170 44 20 un
1943 170 71 27 gros
2029 162 102 27 baiser
2154 170 53 19 sur
2222 162 27 27 le
2265 162 81 27 front
2368 162 34 26 de
2432 169 28 19 sa

1697 198 122 26 filleule.

1779 234 72 27 Père
1865 234 50 34 n'y
1931 235 45 25 est
1991 241 69 28 pas;
2078 234 22 26 il
2108 235 46 25 est
2165 241 39 19 au
2217 233 159 27 cimetière.
2386 231 78 28 C'est

1700 269 193 34 aujourd'hui
1926 269 229 26 l'anniversaire
2190 268 34 27 de
2254 268 30 26 la
2317 269 79 25 mort
2430 268 37 26 de

1698 313 131 24 maman,
1857 304 139 35 répliqua
2020 304 122 32 Denise,
2173 302 230 27 soudainement
2422 304 30 26 sé-

1697 341 112 26 rieuse.

1733 374 45 27 La
1792 376 97 33 figure
1902 374 40 26 du
1958 374 130 34 général,
2101 373 143 35 jusqu'ici
2262 373 155 26 illuminée
2430 373 35 26 de

1700 411 106 33 gaieté,
1824 412 76 25 cette
1928 410 100 27 bonne
2057 410 64 26 face
2150 409 141 27 martiale
2317 409 148 28 d'homme

1697 446 67 25 tout
1780 452 37 19 en
1831 445 109 26 dehors
1954 452 32 19 se
2001 445 177 26 rembrunit.

1733 481 26 26 Il
1774 489 21 26 y
1811 482 51 25 eut
1876 489 39 18 un
1932 480 119 27 silence.

1783 517 84 26 Nous
1883 516 97 27 allons
1995 516 159 27 l'attendre
2176 523 37 19 en
2233 515 172 34 déjeunant,
2422 523 28 19 re-

1698 552 97 34 prit-il
1808 550 87 27 alors.

1733 587 39 27 Et
1787 595 115 19 comme
1925 587 30 26 la
1980 588 90 33 jeune
2087 587 61 26 fille
2174 594 31 19 se
2226 587 120 26 récriait
2368 594 51 19 sur
2438 586 27 27 le

1698 630 131 27 manque
1844 621 35 27 de
1894 622 99 26 bonne
2010 621 85 27 chère
2106 621 5 35 :

1783 658 52 28 Ta,
1851 660 40 30 ta,
1910 656 78 34 ta...
2011 658 46 26 Tu
2082 665 33 19 as
2143 657 70 27 bien
2229 657 40 25 du
2287 656 67 28 lard
2367 659 27 25 et
2411 657 52 26 des

1698 693 87 31 œufs,
1804 693 122 26 n'est-ce
1941 700 54 26 pas
2006 692 13 26 ?
2047 693 46 26 Eh
2119 693 70 25 bien
2203 692 6 26 !
2239 692 150 27 fais-nous
2404 699 60 19 une

1698 728 149 31 omelette,
1865 729 28 25 et
1923 736 39 19 va
1975 736 77 18 nous
2082 726 142 27 chercher
2246 735 59 18 une
2321 726 142 27 bouteille

1698 763 126 26 derrière
1841 762 43 27 les
1900 763 110 34 fagots.

1782 798 84 27 Nous
1880 806 97 19 avons
1991 798 85 26 aussi
2086 807 59 18 une
2160 797 103 26 moitié
2280 797 34 26 de
2328 797 133 35 poulet...

1734 834 84 27 —Et
1850 835 33 25 tu
1915 833 46 27 dis
1975 841 58 27 que
2055 836 33 24 tu
2111 834 64 26 n'as
2191 834 64 25 rien
2271 833 56 28 !...
2346 834 117 32 Allons,

1698 870 169 25 mets-nous
1881 869 60 26 vite
1954 869 26 26 le
1993 870 131 25 couvert.
2145 869 33 26 Je
2193 875 100 20 meurs
2321 869 35 26 de
2372 869 87 27 faim.

1733 905 45 26 La
1791 905 90 33 jeune
1897 905 70 32 fille,
1983 904 107 34 légère,
2109 902 133 28 s'envola
2259 904 17 25 à
2298 902 30 27 la
2348 904 116 26 cuisine

1695 947 39 20 en
1760 940 105 26 oiseau
1896 940 135 27 heureux
2042 947 6 24 ;
2083 941 38 30 et,
2156 939 148 35 quelques
2328 940 137 27 instants

1696 976 98 34 après,
1819 974 44 27 les
1890 974 81 28 deux
1994 974 131 27 officiers
2137 974 117 27 étaient
2267 973 133 27 attablés
2414 973 33 27 de-

1696 1012 76 26 vant
1780 1018 43 19 un
1835 1011 138 34 rustique
1989 1011 80 26 mais
2091 1011 193 33 appétissant
2303 1010 156 34 déjeuner.

1733 1045 119 27 Durant
1866 1045 27 27 le
1917 1052 97 27 repas,
2033 1045 26 26 le
2078 1045 125 34 général
2226 1044 47 27 fut
2290 1045 172 32 silencieux,

1695 1081 138 28 absorbé.
1847 1082 28 26 A
1900 1082 96 35 peine,
2015 1080 35 28 de
2066 1082 98 32 temps
2189 1081 17 25 à
2219 1081 94 30 autre,
2330 1080 119 27 adressa-

1693 1116 52 27 t-il
1755 1117 20 26 â
1787 1116 122 32 Denise,
1925 1116 54 34 qui
1995 1116 123 32 servait,
2130 1123 41 19 un
2180 1116 65 26 mot
2256 1115 210 34 paternel,une

1696 1150 102 37 parole
1812 1152 194 26 affectueuse.

1730 1187 187 34 Cependant,
1931 1194 39 18 au
1987 1187 123 31 dessert,
2128 1186 104 35 quand
2244 1185 44 27 les
2313 1186 78 26 deux
2401 1186 52 27 offi-

1697 1221 76 27 ciers
1786 1221 103 26 furent
1903 1221 91 32 seuls,
2011 1221 27 26 le
2048 1222 102 33 cigare
2157 1228 63 19 aux
2230 1221 107 32 lèvres,
2350 1221 43 26 les
2400 1228 51 19 cou-

1698 1257 52 27 des
1760 1258 18 25 à
1793 1257 31 26 la
1837 1257 91 32 table,
1951 1257 27 26 le
1991 1258 90 34 jeune
2102 1257 67 27 aide
2186 1257 35 26 de
2245 1264 87 27 camp
2359 1264 109 27 essaya

1700 1293 161 32 d'engager
1874 1292 31 27 la
1915 1293 223 26 conversation.

1783 1328 71 27 Mon
1883 1328 132 33 général,
2033 1336 77 18 vous
2139 1326 83 27 voilà
2249 1328 67 25 tout
2337 1335 128 24 morose,

1700 1363 70 26 fit-il
1782 1371 53 18 sur
1857 1371 41 18 un
1915 1364 52 25 ton
1996 1363 226 35 sympathique,
2246 1362 78 27 mais
2353 1370 99 27 respec-

1700 1401 103 22 tueux.

1785 1433 72 27 Mon
1871 1433 70 27 cher
1951 1433 78 34 Guy,
2040 1434 138 34 répliqua
2191 1433 27 26 le
2229 1433 131 33 général,
2380 1434 86 34 après

1700 1475 43 20 un
1770 1469 118 26 instant
1922 1469 207 34 d'absorption
2146 1467 5 37 ,
2185 1467 136 27 relevant
2349 1468 30 27 la
2409 1469 57 26 tête

1700 1506 30 24 et
1750 1504 142 34 plantant
1909 1504 79 26 droit
2008 1512 48 19 ses
2076 1512 80 26 yeux
2176 1504 103 25 francs
2300 1502 76 27 dans
2391 1511 77 20 ceux

1701 1539 39 27 du
1766 1540 91 33 jeune
1876 1539 180 32 lieutenant,
2082 1547 78 19 vous
2184 1545 90 20 savez
2300 1546 58 27 que
2378 1540 27 33 je
2427 1546 38 19 ne

1701 1574 64 27 suis
1787 1581 54 27 pas
1861 1583 41 18 un
1923 1573 214 33 millionnaire,
2170 1573 60 26 moi
2252 1573 51 33 :je
2334 1573 65 27 suis
2424 1580 41 19 un

1701 1610 106 26 enfant
1824 1610 34 26 de
1876 1610 135 34 giberne.

1786 1645 97 26 Toute
1896 1645 119 26 l'armée
2029 1645 28 26 le
2074 1645 69 33 sait,
2157 1651 73 20 mon
2243 1644 89 33 gé...

1791 1702 41 6 ...
1859 1680 107 31 Quand
1988 1681 28 32 je
2033 1681 69 26 suis
2128 1680 99 27 arrivé
2250 1687 40 19 au
2302 1681 161 32 régiment,

1702 1715 145 26 continua
1859 1715 27 27 le
1903 1715 130 33 général,
2052 1717 131 33 ooiipmt
2191 1715 65 30 net,
2272 1722 70 19 sans
2359 1715 92 27 l'écou-

1701 1752 54 30 ter,
1768 1749 31 26 la
1811 1749 129 28 flatterie
1950 1749 35 26 de
2003 1757 57 19 son
2072 1750 116 28 aide.de
2198 1756 96 27 camp,
2308 1749 30 33 je
2349 1750 117 26 n'avais

1701 1794 56 26 pas
1772 1793 41 19 un
1826 1793 65 24 sou,
1907 1793 54 27 pas
1976 1793 43 19 un
2036 1794 93 26 rouge
2150 1785 96 31 liard:;
2263 1785 78 27 mais
2356 1786 107 34 j'avais

1702 1821 34 26 de
1752 1821 31 26 la
1798 1821 98 26 braise
1911 1820 83 34 plein
2004 1821 28 26 le
2046 1828 130 19 cerveau
2183 1821 31 26 et
2219 1819 83 34 plein
2309 1820 27 27 le
2348 1828 115 20 cœur...

1702 1857 38 26 Et
1755 1857 52 33 j'ai
1821 1856 57 27 fait
1902 1857 52 27 des
1976 1857 198 27 boulettes...
2196 1854 46 26 Eh
2267 1854 79 33 bien,
2365 1864 85 19 savez-

1701 1899 78 20 vous
1804 1892 53 34 qui
1878 1899 18 19 a
1915 1893 46 26 été
1974 1899 51 20 ma
2037 1893 194 27 Providence,
2249 1890 18 25 à
2277 1892 52 33 qui
2348 1892 30 33 je
2400 1891 65 27 dois

1701 1935 51 20 ma
1773 1929 135 30 carrière,
1926 1935 63 19 mes
2008 1926 109 27 étoiles
2130 1926 35 26 de
2179 1925 122 34 général
2313 1925 13 26 '?

1785 1963 79 27 Mais
1879 1971 71 24 non,
1964 1970 74 20 mon
2054 1961 130 35 général.

1783 1998 26 26 A
1824 1997 31 26 la
1869 1998 79 26 mère
1961 1997 39 27 de
2016 2000 74 24 cette
2107 1995 125 28 enfant!
2250 1996 37 26 Et
2302 1998 74 25 cette
2392 1997 54 26 fem-

1701 2042 47 18 me
1762 2033 107 27 n'était
1883 2041 54 27 pas
1952 2041 60 19 une
2033 2033 146 27 duchesse
2202 2030 33 26 ni
2261 2039 59 19 une
2336 2033 116 26 million-

1701 2069 84 26 naire
1800 2075 61 20 non
1883 2068 80 33 plus,
1981 2068 56 27 elle
2050 2075 7 19 :
2080 2068 102 27 c'était
2198 2066 31 26 la
2254 2068 163 27 cantinière
2431 2068 34 26 de

1700 2112 72 19 mon
1786 2102 157 27 bataillon.

1734 2140 28 26 A
1778 2146 48 20 ces
1840 2138 128 35 paroles,
1982 2138 28 26 le
2020 2138 126 35 général
2161 2146 31 19 se
2205 2137 69 27 leva
2289 2140 30 25 et
2334 2147 31 19 se
2378 2138 58 28 mit
2446 2139 15 26 à

1700 2176 142 33 arpenter
1856 2173 31 26 la
1909 2173 151 33 chambre,
2078 2173 44 26 les
2145 2173 129 26 sourcils
2287 2173 129 33 froncés,
2428 2181 37 19 en

1700 2210 98 27 tirant
1809 2209 39 28 de
1861 2217 124 26 grosses
1998 2209 137 27 bouffées
2147 2211 19 24 à
2183 2216 54 19 son
2249 2209 109 33 cigare..

1735 2245 83 31 Puis,
1830 2245 184 26 continuant
2024 2245 32 26 la
2063 2245 93 26 filière
2170 2244 37 26 de
2222 2251 48 19 ses
2284 2245 126 34 pensées
2422 2251 6 20 :

1782 2281 118 26 Pauvre
1920 2281 81 26 mère
2022 2280 128 27 Maillou
2163 2280 54 27 !...
2235 2278 39 26 Et
2291 2280 26 26 si
2330 2288 76 19 vous
2421 2288 31 18 sa-

1700 2316 65 27 viez
1782 2323 115 19 comme
1911 2315 39 26 ils
1962 2323 48 19 rue
2020 2315 78 27 Tonit
2108 2316 67 26 tuée
2184 2314 40 33 !...
2235 2314 110 33 Tenez,
2355 2314 112 33 là-bas,.

1698 2350 131 26 derrière
1852 2357 31 18 ce
1904 2352 122 26 tertre..
2037 2372 6 6 .
2062 2349 65 27 Ah!
2145 2349 104 37 quand
2262 2349 45 35 j'y
2320 2357 141 27 pense...

1698 2385 43 25 ah
1750 2385 4 27 !
1770 2385 43 25 les
1830 2385 146 27 sacrés...

1736 2418 26 26 Il
1774 2419 70 32 jura
1863 2425 59 19 une
1939 2418 130 33 épit'hète
2091 2426 69 18 crue
2177 2426 40 17 en
2232 2418 158 25 s'arrêtant
2405 2419 18 22 à
2437 2417 31 25 la

1700 2453 116 27 fenêtre
1835 2454 27 26 et
1889 2460 35 19 en
1943 2452 142 35 pointant
2109 2452 71 27 d'un
2202 2451 99 35 grand
2323 2451 85 34 gèste
2424 2458 43 20 un

1700 2490 118 28 endroit
1830 2490 76 26 dans
1915 2489 32 27 la
1961 2497 214 28 campagne...

1785 2525 87 32 Mais,
1890 2525 138 34 reprit-il,
2050 2532 77 20 vous
2145 2532 39 19 ne
2206 2532 175 27 comprenez
2402 2524 64 27 rien

1700 2564 19 24 à
1733 2570 32 18 ce
1779 2569 59 27 que
1857 2562 28 34 je
1905 2569 77 19 vous
2006 2561 46 27 dis
2070 2561 33 27 là
2115 2569 8 19 ;
2137 2561 26 27 il
2176 2561 67 27 faut
2263 2569 58 27 que
2341 2562 30 33 je
2389 2568 77 20 vous

1701 2597 149 34 explique.

1736 2633 98 30 Alors,
1856 2634 162 31 reprenant
2047 2639 33 18 sa
2109 2630 120 27 marche
2254 2631 19 25 à
2296 2633 116 25 travers
2434 2630 33 26 la

1698 2667 155 30 .chambre,
1865 2666 24 26 il
1898 2666 149 25 continua
2061 2673 7 15 :

1786 2700 84 25 Vous
1883 2706 91 17 savez
1996 2706 69 25 que,
2082 2698 104 34 quand
2196 2698 34 26 la
2242 2705 110 27 guerre
2360 2699 105 31 éclata,

1698 2733 103 34 j'étais
1815 2732 301 27 lieutenant-colonel
2130 2732 76 27 dans
2217 2731 32 28 9e
2267 2732 98 27 même
2392 2733 61 33 régi-

1702 2770 84 25 ment
1802 2769 41 26 où
1859 2767 109 34 j'avais
1995 2767 46 26 été
2070 2767 262 32 sous-lieutenant,
2362 2767 91 27 lieute-

1700 2805 78 27 nant
1807 2805 28 25 et
1869 2803 150 35 capitaine
2036 2812 6 18 :
2070 2804 27 27 le
2185 2804 35 28 de
2239 2793 93 45 ligne,
2349 2804 28 27 le
2392 2804 61 34 régi-

1700 2842 85 27 ment
1806 2839 34 28 de
1857 2839 28 26 la
1910 2841 79 26 naère
2001 2839 135 28 Maillou.
2154 2839 79 30 Mais
2255 2841 106 35 depuis
2392 2841 76 26 cette

1700 2877 125 27 satanée
1837 2876 172 35 expédition
2026 2877 33 26 de
2073 2876 104 32 Chine,
2193 2877 30 26 la
2236 2884 115 26 pauvre
2359 2877 109 26 femme

1698 2914 86 26 avait
1801 2913 96 37 quitté
1918 2913 28 26 le
1961 2913 151 32 régiment
2124 2920 6 24 ;
2145 2920 56 18 son
2216 2913 78 25 mari
2309 2914 94 32 ayant
2422 2913 45 26 été

1702 2949 98 27 blessé
1814 2949 77 25 dans
1916 2949 79 26 cette
2019 2955 165 27 campagne
2205 2948 83 26 avait
2315 2947 40 26 dû
2385 2948 83 26 subir

1700 2983 214 35 l'amputation
1928 2982 86 26 d'une
2026 2983 103 33 jambe
2139 2983 40 31 et,
2197 2982 18 26 à
2230 2989 56 19 son
2301 2983 102 25 retour
2431 2989 37 19 en

1701 3020 126 30 France,
1845 3019 84 26 avait
1942 3019 48 26 été
2007 3019 58 25 mis
2078 3020 18 24 à
2111 3018 31 27 la
2146 3018 133 27 retraite.
2294 3017 41 27 Ils
2355 3025 31 18 se
2402 3018 52 25 reti-

1700 3054 100 27 rèrent
1817 3053 79 27 alors
1909 3054 78 26 dans
1997 3060 35 20 ce
2047 3053 123 34 village,
2187 3053 26 26 le
2228 3060 76 27 pays
2315 3052 86 26 natal
2430 3052 38 27 du

1701 3090 92 27 vieux
1807 3089 144 34 troupier,
1964 3090 31 26 et
2009 3089 39 26 ils
2061 3087 175 27 achetèrent
2242 3090 77 25 cette
2327 3086 139 34 auberge.

1701 3125 35 26 Je
1752 3125 103 26 savais
1864 3125 70 26 tout
1942 3124 78 31 cela,
2036 3125 28 26 et
2078 3124 112 34 quand,
2205 3131 38 19 en
2258 3123 78 32 1870,
2365 3123 52 25 dès
2443 3122 25 27 le

1701 3161 92 27 début
1804 3159 35 27 de
1853 3159 30 26 la
1896 3167 118 27 guerre,
2033 3158 26 26 le
2074 3158 150 33 régiment
2239 3158 47 27 fut
2301 3158 118 33 envoyé
2448 3158 18 25 à

1702 3197 70 31 T...,
1789 3196 53 34 qui
1853 3197 45 25 est
1912 3196 19 26 à
1948 3195 51 25 dix
2011 3194 175 27 kilomètres
2207 3194 77 32 d'ici,
2298 3194 30 33 je
2343 3200 47 20 me
2405 3200 47 27 pro-

1700 3231 104 31 posais
1830 3230 35 26 de
1892 3230 76 26 faire
1995 3236 59 19 une
2083 3230 132 32 surprise
2241 3230 20 26 à
2283 3236 48 20 ces
2357 3228 110 26 braves

1702 3275 83 26 gens.

1733 3300 183 28 J'attendais
1932 3308 41 18 un
1990 3301 118 27 instant
2124 3301 35 26 dé
2171 3301 117 31 liberté,
2306 3298 158 35 lorsqu'un

1689 3334 1 37 s
1702 3337 107 31 matin,
1822 3343 37 19 en
1874 3334 81 35 plein
1970 3343 89 25 mess,
2073 3344 78 18 nous
2164 3344 119 27 voyons
2296 3335 100 25 entrer
2409 3340 58 20 une

1701 3373 110 26 femme
1827 3372 17 25 à
1859 3371 135 28 cheveux
2009 3371 115 31 blancs,
2144 3379 37 18 en
2196 3373 136 25 costume
2342 3370 40 26 -de
2394 3374 53 20 can-

1700 3406 117 33 tinière,
1835 3406 219 35 accompagnée
2072 3406 70 26 d'un
2157 3407 106 32 gamin
2276 3406 89 26 d'une
2378 3403 71 35 quin-

1702 3443 86 27 zaine
1804 3443 150 30 d'années,
1968 3441 109 35 équipé
2088 3449 35 18 en
2140 3442 74 34 petit
2230 3441 155 35 pioupiou,
2396 3445 71 19 avec

1702 3478 51 26 des
1768 3478 169 26 vêtements
1952 3478 67 32 trop
2034 3476 99 34 longs,
2152 3476 228 34 probablement
2395 3481 72 19 ceux

1701 3514 40 26 du
1755 3514 70 34 père
1844 3508 200 40 rafistolés...
2065 3510 106 28 C'était
2192 3513 31 26 la
2245 3513 80 26 mère
2341 3508 126 30 Maillou

1702 3549 53 33 qui
1865 3547 142 28 retrouvé
2037 3554 53 18 son
2118 3548 159 33 régiment.
2308 3546 64 26 Elle
2400 3543 63 26 s'en

1702 3583 67 26 vint
1785 3583 79 27 droit
1879 3591 39 18 au
1932 3582 125 31 colonel,
2076 3588 31 20 se
2126 3582 107 34 planta
2245 3591 38 18 en
2300 3582 64 26 face
2375 3580 35 26 de
2424 3579 44 26 lui

1701 3621 39 30 e:t,
1756 3620 125 32 portant
1896 3618 31 26 la
1939 3617 86 26 main
2044 3625 35 18 en
2104 3618 79 26 salut
2200 3619 17 25 à
2241 3626 56 18 son
2313 3617 136 33 chapeau
2460 3622 7 20 ;

1703 3664 14 14 «
1734 3654 71 26 Mon
1825 3652 125 32 colonel,
1964 3652 198 27 voulez-vous
2179 3654 35 25 de
2228 3653 61 27 moi
2302 3654 30 25 et
2347 3652 34 25 de
2398 3658 70 18 mon

1698 3690 110 27 •enfant
1818 3689 45 27 ¥.»
1879 3687 41 28 Le
1933 3687 84 35 petit,
2035 3686 52 33 lui,
2104 3687 99 27 s'était
2218 3689 85 34 placé
2320 3687 17 25 à
2352 3686 65 26 côté
2433 3685 34 27 de

1702 3725 31 26 la
1744 3725 79 26 mère
1837 3732 7 25 ;
1858 3724 24 27 il
1906 3723 98 27 tenait
2026 3723 30 25 la
2078 3724 59 26 tête
2161 3724 100 32 haute,
2281 3731 56 19 son
2361 3720 106 34 regard

1701 3758 107 28 luisait
1824 3767 72 20 sous
1911 3765 56 19 son
1989 3757 70 35 képi
2085 3758 112 27 couché
2216 3767 52 19 sur
2290 3756 133 32 l'oreille,
2439 3757 28 25 et

1702 3795 24 26 il
1737 3796 115 33 portait
1863 3795 45 27 les
1924 3801 109 24 armes,
2048 3794 83 26 raide
2146 3796 31 27 et.
2189 3795 91 26 crâne
2294 3798 115 22 comme
2424 3798 43 19 un

1702 3830 93 26 vieux
1811 3827 145 35 soldat...
1977 3829 43 27 Le
2035 3829 115 27 colonel
2166 3830 105 32 sourit,
2291 3828 141 28 examina
2443 3827 25 26 le

1700 3872 133 27 groupe;
1850 3867 39 30 et,
1903 3873 77 27 pour
2004 3866 84 26 toute
2113 3865 136 35 réponse,
2278 3865 34 26 fit
2340 3869 128 20 avancer

1704 3900 78 27 deux
1804 3901 118 26 chaises
1941 3901 30 26 et
1991 3900 99 27 invita
2117 3901 17 25 à
2151 3908 33 19 sa
2197 3900 81 27 table
2296 3900 30 25 la
2346 3899 79 26 mère
2441 3900 26 25 et

1700 3934 139 32 l'enfant,
1857 3943 39 19 au
1912 3935 106 27 milieu
2035 3935 51 26 des
2112 3934 129 27 hourras
2270 3934 35 27 de
2331 3934 85 26 toute
2440 3933 27 26 la

1702 3970 76 27 salle
1788 3970 255 28 enthousiasmée.
2060 3970 46 26 On
2128 3971 54 26 but
2199 3972 17 25 à
2233 3971 31 26 la
2290 3970 86 27 santé
2392 3967 34 26 de
2440 3967 27 26 la

1701 4005 167 27 cantinière
1880 4007 30 25 et
1924 4006 35 26 de
1974 4006 31 26 la
2024 4006 92 33 petite
2143 4013 111 25 recrue,
2274 4006 39 32 et,
2334 4004 133 34 pendant

1702 4039 148 37 quelques
1883 4042 132 27 minutes
2040 4049 32 19 ce
2102 4041 46 26 fut
2180 4049 43 19 un
2254 4038 152 30 charivari
2433 4038 34 27 de

1701 4077 119 26 toasts;
1844 4076 73 27 Vive
1937 4077 31 27 la
1985 4076 132 27 France!
2147 4077 76 27 Vive
2238 4077 30 26 la
2290 4076 79 27 mère
2386 4074 66 27 Mail-

1701 4113 51 26 lou
1765 4110 8 26 î
1786 4110 79 26 'Vive
1878 4110 30 27 le
1987 4111 34 27 de
2046 4113 81 32 ligne
2144 4110 5 34 !

1737 4146 87 28 Trois
1835 4147 86 33 jours
1933 4147 67 34 plus
2016 4148 77 31 tard,
2108 4147 30 28 le
2151 4146 229 37 régimentétait
2395 4147 58 25 atta-

1702 4182 58 38 qué
1773 4182 20 26 à
1802 4181 207 34 Timproviste.
2027 4182 47 26 On
2087 4191 77 19 nous
2180 4182 84 27 avait
2284 4182 126 30 oubliés,
2427 4181 40 26 dit

1700 4219 30 27 le
1746 4215 123 37 général
1883 4224 73 19 avec
1968 4226 44 17 un
2022 4218 200 27 haussement
2238 4218 151 35 d'épaules
2400 4215 67 33 plus

1700 4252 163 28 accablant
1876 4250 37 27 de
1928 4253 111 33 mépris
2055 4260 57 27 que
2130 4253 27 27 le
2173 4253 69 34 plus
2251 4253 146 33 sanglant
2409 4259 44 19 sar-

1703 4294 110 21 casme.
1830 4286 86 26 Nous
1933 4286 97 27 étions
2054 4296 41 18 un
2118 4290 159 32 régiment,
2298 4289 40 27 ils
2359 4286 109 27 étaient

1700 4325 113 33 quinze
1833 4319 83 27 mille
1948 4320 146 28 hommes.
2130 4324 136 27 Résister
2297 4324 67 34 plus
2385 4322 66 33 long-

1702 4363 99 30 temps
1814 4357 54 27 eût
1880 4357 48 25 été
1941 4364 59 19 une
2013 4357 148 27 barbarie.
2187 4359 26 26 A
2238 4359 72 34 quoi
2320 4358 60 27 bon
2398 4357 70 27 faire

1701 4394 123 31 hacher,
1839 4391 144 26 meurtrir
1995 4391 38 27 de
2057 4393 30 26 la
2115 4393 83 28 chair
2226 4395 145 27 humaine
2398 4400 70 19 sans

1701 4430 141 35 profit...
1858 4427 25 27 il
1894 4426 99 28 fallait
2009 4436 32 20 se
2055 4429 107 27 rendre
2176 4430 57 30 !...
2249 4429 180 37 Cependant
2443 4427 25 27 le

1700 4462 122 32 colonel
1832 4462 122 27 laissait
1967 4465 162 28 ©Qatimier
2137 4465 30 28 la
2178 4465 164 30 boucherie
2359 4462 91 28 d'hom-

1700 4508 77 20 mes,
1795 4499 48 27 Ah
1857 4498 6 27 !
1878 4499 74 27 c'est
1963 4500 77 35 qu'il
2052 4508 22 27 y
2087 4501 86 27 avait
2194 4502 20 26 à
2233 4508 117 20 sauver
2362 4499 28 28 le
2404 4499 48 27 dra-

1703 4544 77 27 peau
1796 4534 39 26 du
1852 4534 52 27 2"'
1929 4534 34 26 de
1974 4531 94 38 ligne,
2085 4544 58 19 une
2157 4537 89 35 loque
2262 4535 154 34 glorieuse
2432 4535 35 25 où

1702 4571 126 33 brillait,
1844 4571 18 26 à
1873 4569 63 28 côté
1946 4570 51 27 des
2009 4571 174 28 déchirures
2192 4573 35 26 de
2238 4572 107 32 balles,
2361 4570 106 27 l'étoile

1703 4607 200 27 d'honneur...
1912 4605 241 34 L'abandonner,
2167 4609 76 26 cette
2254 4606 100 27 vieille
2369 4606 98 34 loque,

1702 4643 53 28 oh!
1772 4649 195 30 voyez-vous,
1987 4649 33 26 ça
2048 4642 43 27 lui
2108 4642 170 28 décrochait
2300 4642 32 27 là
2346 4649 41 21 un
2402 4649 50 19 san-

1703 4678 63 34 glot
1783 4685 57 25 sec,
1858 4678 34 26 fit
1906 4677 27 27 le
1948 4678 123 33 général
2086 4685 37 19 en
2134 4678 143 34 frappant
2294 4685 32 19 sa
2336 4678 131 34 poitrine

1703 4723 51 18 sur
1766 4714 32 27 la
1808 4714 109 35 plaque
1928 4714 137 33 d'argent
2080 4715 53 33 qui
2148 4714 28 26 la
2190 4714 45 26 lui
2250 4713 146 27 couvrait.

1737 4749 158 26 Immobile
1917 4756 52 19 sur
1988 4756 57 19 son
2067 4748 116 33 cheval,
2204 4749 27 26 le
2254 4748 111 33 regard
2386 4748 81 26 cloué

2507 174 52 19 sur
2575 167 76 26 cette
2667 165 91 31 croix,
2774 165 86 26 notre
2878 164 116 27 colonel
3013 165 143 26 semblait
3170 165 30 26 la
3216 167 43 25 sta-

2506 203 52 25 tue
2575 201 40 27 du
2637 201 161 35 désespoir.
2817 201 46 26 On
2878 200 112 26 sentait
3004 201 74 33 qu'il
3093 201 138 27 souffrait
3246 200 27 25 et

2507 243 59 27 que
2578 243 54 19 son
2644 243 128 19 cerveau
2780 236 124 26 éclatait
2916 242 72 20 sous
3001 235 11 27 1
3022 236 161 26 ébullition
3196 236 34 26 de
3244 235 30 25 la

2506 273 109 33 pensée
2624 272 52 34 qui
2692 270 27 27 le
2734 270 209 32 tourmentait,
2957 278 58 24 car,
3033 272 17 25 à
3065 272 116 34 chaque
3195 269 77 27 balle

2507 307 53 33 qui
2578 307 113 26 trouait
2704 307 31 26 la
2747 306 84 27 chair
2846 307 52 26 des
2914 306 137 27 hommes
3063 314 73 19 avec
3151 314 31 19 ce
3193 305 80 28 bruit

2506 341 73 26 ouic
2595 341 34 26 de
2644 341 87 26 billes
2746 341 119 27 lancées
2878 341 78 26 dans
2976 340 30 26 la
3027 340 104 34 glaise,
3146 341 24 26 il
3185 341 73 35 pâlis-

2509 377 69 31 sait,
2591 377 97 26 blême
2702 385 115 19 comme
2833 377 26 26 si
2869 384 60 20 une
2944 377 78 27 onde
3038 377 102 34 glacée
3151 377 44 27 lui
3208 383 50 21 cou-

2506 412 80 27 vrait
2603 412 28 26 la
2648 419 84 26 peau.

2543 448 118 26 Autour
2676 446 39 26 du
2731 448 117 26 colonel
2868 448 99 27 s'était
2992 449 94 26 formé
3100 457 44 19 un
3172 455 100 28 noyau

2507 483 169 31 d'officiers,
2695 483 77 26 mais
2789 483 24 26 il
2825 483 51 33 n'y
2890 483 84 26 avait
2987 491 99 19 aucun
3113 491 111 26 moyen
3240 483 33 26 de

2506 526 111 19 sauver
2630 519 113 25 intacte
2757 517 31 25 la
2799 517 90 35 loque
2906 519 35 26 de
2957 519 94 33 gloire
3069 521 28 25 et
3107 521 71 25 tous
3196 524 76 21 nous

2506 554 131 26 restions
2656 553 165 27 silencieux
2831 561 60 18 aux
2908 554 237 34 interrogations
3169 555 35 26 de
3224 562 33 19 no-

2506 591 45 24 tre
2568 588 113 34 chef...
2702 588 89 26 Alors
2800 595 72 19 sans
2889 588 73 33 qu'il
2978 589 84 33 reçût
3074 598 41 19 un
3131 591 94 31 ordre,
3248 588 25 26 le

2506 624 229 35 porte-drapeau
2746 624 60 26 s'en
2813 622 69 28 vînt
2895 631 39 18 au
2943 625 105 26 milieu
3058 625 35 27 de
3105 633 78 19 nous
3193 627 77 25 tous.

2507 659 84 27 Nous
2633 659 180 34 comprîmes
2848 666 71 20 sans
2950 659 111 33 qu'une
3090 660 102 34 parole
3228 660 45 26 fût

2506 693 150 34 échangée
2668 702 6 24 ;
2692 694 30 25 la
2737 694 100 34 parole
2854 694 74 26 était
2943 702 52 18 sur
3012 702 54 19 nos
3080 703 89 26 yeux,
3188 704 61 18 mon-

2506 730 46 25 tée
2569 730 39 26 du
2620 738 90 18 cœur.
2728 730 46 26 On
2786 730 85 26 allait
2885 730 135 27 déchirer
3046 730 26 27 le
3098 731 132 33 drapeau
3244 731 27 26 et

2506 771 38 19 en
2559 764 102 26 brûler
2676 764 28 26 la
2718 764 157 37 hampe...
2897 765 79 26 Tout
2998 767 18 25 à
3031 774 85 27 coup,
3132 774 77 19 nous
3224 774 33 19 en-

2506 798 150 27 tendîmes
2672 808 59 18 une
2747 802 72 25 voix
2832 801 105 26 fluette
2954 800 131 28 s'écrier:

2591 834 72 26 Mon
2679 834 123 32 colonel,
2832 836 28 32 je
2881 843 77 19 vous
2985 836 27 26 le
3026 837 151 32 sauverai,
3193 836 60 27 moi
3263 835 6 26 !

2543 868 125 27 Chacun
2679 868 97 26 relève
2790 869 30 25 la
2829 870 59 26 tête
2904 873 27 24 et
2946 872 135 34 regarde.

2544 905 48 27 Un
2608 904 76 37 petit
2706 904 145 35 pioupiou
2883 906 148 27 s'avance.
3056 907 78 26 C'est
3157 907 27 26 le
3198 907 74 35 petit

2506 940 176 28 Maillou...
2713 939 41 28 Sa
2766 940 98 33 figure
2877 940 48 26 est
2937 941 85 25 noire
3035 943 38 26 de
3087 944 112 33 poudre
3211 950 46 20 cra-

2505 976 72 27 chée
2591 984 53 27 par
2656 976 46 27 les
2722 974 194 32 cartouches;
2941 981 47 20 ses
3007 976 171 28 vêtements
3202 977 72 28 sont

2505 1012 136 26 maculés
2663 1011 37 27 de
2724 1012 77 26 boue
2813 1012 32 26 et
2867 1011 38 27 de
2929 1018 79 26 sang
3015 1018 7 24 ;
3038 1010 21 27 il
3069 1012 50 25 est
3131 1012 67 26 tout
3210 1012 63 26 sale

2505 1046 38 27 de
2558 1046 144 34 gloire...
2722 1046 26 27 Il
2767 1046 151 32 s'avance,
2948 1046 106 27 tenant
3077 1046 19 26 â
3110 1045 126 37 poignée
3248 1046 26 25 le

2506 1090 98 19 canon
2615 1082 100 27 chaud
2728 1083 31 26 et
2770 1082 120 31 fumant
2898 1083 37 26 de
2947 1090 58 19 sou
3013 1082 83 33 fusil,
3105 1083 40 32 et,
3157 1089 116 20 comme

2506 1116 27 27 le
2546 1117 71 34 jour
2630 1117 40 26 ofi
2695 1116 24 27 il
2741 1124 33 19 se
2794 1117 168 34 présentait
2976 1126 43 19 au
3033 1126 91 24 mess,
3146 1116 24 27 il
3184 1126 19 18 a
3217 1123 56 20 son

2507 1152 46 26 air
2569 1153 87 26 crâne
2682 1152 37 27 de
2733 1153 93 27 vieux
2839 1154 132 34 troupier
2989 1155 31 26 et
3035 1161 48 20 ses
3094 1161 84 27 yeux
3191 1154 66 27 flam-

2506 1187 112 27 boient.

2591 1221 33 27 Je
2636 1222 137 33 connais,
2787 1222 131 35 reprend
2937 1224 27 27 le
2985 1225 78 34 petit
3083 1224 112 32 .soldat,
3213 1228 59 21 une

2509 1257 133 27 cachette
2656 1258 195 27 introuvable
2871 1259 19 25 â
2907 1258 71 33 V...,
3000 1259 74 27 c'est
3093 1266 73 20 mon
3191 1265 78 30 pays

2507 1292 94 26 natal.
2619 1292 84 26 Allez
2715 1292 7 26 !
2741 1293 116 32 jamais
2880 1292 38 27 ils
2942 1300 39 19 ne
3001 1292 32 28 la
3061 1293 207 32 dénicheront,

2506 1328 118 27 celle-là
2637 1328 6 26 !

2543 1364 41 26 Le
2598 1363 115 27 colonel
2726 1370 20 19 a
2756 1370 45 19 un
2812 1363 119 27 instant
2943 1363 208 27 d'hésitation.
3165 1364 27 27 Il
3204 1371 50 28 par-

2509 1400 85 26 coui-t
2607 1398 53 27 des
2675 1406 80 27 yeux
2770 1397 27 27 le
2812 1400 112 25 terrain
2935 1401 69 25 tout
3017 1400 122 32 bossué,
3156 1400 115 30 raviné,

2507 1434 234 34 impratieableâ
2753 1434 31 27 la
2787 1434 161 32 cavalerie,
2955 1435 116 27 calcule
3085 1436 170 33 approxima-

2507 1469 149 27 tivement
2670 1469 27 27 le
2711 1470 102 34 temps
2826 1469 169 27 nécessaire
3013 1472 21 25 â
3056 1469 129 27 l'enfant
3197 1475 74 30 pour

2506 1505 150 27 atteindre
2668 1505 28 27 le
2713 1504 113 35 village
2838 1513 7 22 ;
2859 1506 79 34 puis,
2955 1507 130 33 prenant
3099 1506 27 26 le
3142 1506 132 34 drapeau

2507 1546 54 27 par
2575 1539 31 27 la
2617 1540 118 34 hampe,
2752 1540 26 26 il
2793 1540 26 27 le
2836 1540 73 26 tend
2919 1548 40 18 au
2970 1540 78 35 petit
3063 1540 94 27 brave
3178 1548 38 19 en
3228 1539 45 27 lui

2510 1573 102 28 disant
2630 1581 7 20 :

2588 1610 105 32 Tiens,
2720 1617 72 19 mon
2812 1610 118 33 enfant,
2942 1612 32 26 et
2998 1618 58 27 que
3072 1612 79 26 Dieu
3165 1612 30 25 te
3210 1618 48 26 pro-

2509 1645 67 32 tège
2591 1644 8 26 1

2543 1680 41 27 Le
2598 1678 76 35 petit
2689 1678 125 27 Maillou
2831 1681 76 32 jette
2928 1688 54 18 son
2998 1680 83 33 fusil,
3100 1680 91 27 défait
3217 1688 54 19 son

2506 1715 149 27 havresac
2667 1716 28 25 et
2718 1722 37 19 sa
2767 1715 135 34 giberne,
2922 1715 83 27 roule
3022 1716 26 26 le
3073 1716 131 34 drapeau
3224 1723 33 19 au-

2506 1753 71 24 tour
2588 1750 38 27 de
2636 1749 31 26 la
2678 1749 119 35 hampe,
2807 1750 155 27 embrasse
2976 1759 33 19 sa
3025 1753 79 26 mère
3119 1754 30 25 et
3161 1753 67 34 part
3239 1757 35 19 en

2507 1788 158 25 courant...
2686 1786 39 26 Le
2739 1786 115 27 colonel
2867 1788 32 26 et
2913 1787 44 27 les
2975 1788 146 33 quelques
3144 1788 129 26 officiers

2509 1822 52 33 qui
2577 1820 180 28 l'entourent
2776 1821 26 26 le
2826 1822 124 27 suivent
2972 1821 43 27 du
3035 1822 73 26 bout
3131 1822 37 26 de
3190 1822 79 26 leurs

2507 1857 172 33 jumelles...
2698 1857 138 26 Pendant
2849 1858 148 34 quelques
3012 1858 145 31 instants,
3167 1858 24 25 il
3202 1857 72 27 s'en-

2507 1892 67 26 Vole
2591 1892 76 26 dans
2682 1899 34 19 sa
2733 1899 103 19 course
2856 1892 72 26 folle
2956 1899 72 19 sans
3053 1899 100 19 aucun
3174 1892 100 33 risque

2509 1926 34 26 de
2557 1926 123 33 danger,
2698 1926 89 33 grâce
2809 1928 18 24 à
2842 1933 31 19 ce
2888 1926 105 26 rideau
3008 1935 58 27 que
3081 1935 78 19 vous
3174 1931 98 31 voyez

2506 1962 133 26 là-bas...

2545 1996 77 27 Mais
2648 1996 117 27 bientôt
2793 1996 44 27 les
2865 1996 96 28 balles
2993 1998 124 31 sifflent,
3141 1997 31 27 la
3197 2001 76 22 terre

2507 2031 184 31 éclabousse,
2722 2031 109 35 piquée
2859 2040 38 20 en
2921 2034 59 34 jets
2998 2042 6 19 :
3043 2034 44 27 les
3113 2034 159 27 Prussiens

2506 2068 146 26 viennent
2669 2068 202 34 d'apercevoir
2893 2075 32 19 ce
2949 2068 131 35 drapeau
3096 2068 90 32 qu'on
3201 2067 72 27 veut

2506 2102 66 27 leur
2585 2102 148 33 arracher,
2747 2105 31 25 et
2793 2102 26 27 le
2833 2112 116 26 pauvre
2972 2105 77 34 petit
3072 2106 47 25 est
3133 2112 43 18 un
3189 2101 85 37 point

2511 2139 34 26 de
2557 2139 122 27 mire...

2542 2173 27 26 A
2584 2173 64 26 côté
2663 2173 34 26 de
2708 2180 87 25 nous,
2813 2173 31 26 la
2859 2173 78 26 mère
2960 2173 137 32 Maillou,
3116 2174 152 27 anxieuse,

2506 2209 106 33 rigide,
2624 2207 28 26 le
2669 2216 54 18 cou
2733 2207 104 31 tendu,
2848 2209 63 26 suit
2924 2209 52 26 des
2987 2217 79 27 yeux
3084 2217 56 19 son
3152 2209 115 27 enfant,

2505 2244 91 33 mais,
2611 2244 17 25 à
2643 2243 116 34 chaque
2771 2244 139 26 accident
2926 2244 34 27 de
2976 2245 122 32 terrain,
3119 2244 57 27 elle
3200 2239 73 31 croit

2507 2278 73 35 qu'il
2601 2280 48 26 est
2676 2278 117 32 tombé;
2818 2282 79 25 cette
2921 2281 184 27 incertitude
3132 2282 46 25 est
3204 2278 67 35 plus

2506 2314 111 28 cruelle
2633 2323 57 26 que
2709 2315 31 26 la
2763 2315 115 32 réalité,
2904 2316 60 26 elle
2986 2323 38 19 ne
3047 2316 72 33 peut
3142 2315 129 26 résister,

2507 2349 54 26 elle
2575 2349 30 26 le
2616 2346 109 37 suit...
2744 2349 175 33 Cependant
2937 2349 128 26 l'enfant
3080 2349 110 26 atteint
3208 2346 65 28 sain

2507 2386 28 22 et
2549 2383 73 25 sauf
2633 2383 27 24 le
2674 2382 113 32 village
2798 2391 7 22 ;
2822 2391 78 18 nous
2915 2383 28 24 le
2957 2391 118 25 venons
3084 2382 188 32 disparaître,

2506 2418 39 28 et,
2561 2415 113 33 quand,
2688 2422 40 18 au
2747 2415 76 25 bout
2841 2415 34 25 de
2900 2415 149 33 quelques
3076 2417 144 27 instants,
3250 2413 24 27 il

2507 2448 142 37 reparaît,
2667 2451 76 26 cette
2759 2448 58 28 fois
2839 2457 74 20 sans
2940 2448 141 37 drapeau,
3103 2447 26 27 le
3159 2447 116 26 colonel

2507 2486 86 27 hurle
2610 2486 91 37 qu'on
2725 2485 81 28 hisse
2826 2486 30 27 le
2872 2486 104 27 fanion
2998 2485 90 28 blanc
3113 2486 31 26 et
3172 2484 26 28 le
3224 2486 48 26 feu

2509 2531 129 21 cesse...

2543 2559 44 27 La
2609 2559 87 32 mère,
2714 2558 158 33 heureuse,
2897 2559 167 32 souriante,
3085 2567 39 19 ne
3150 2555 119 30 sentant

2506 2596 70 33 plus
2591 2595 30 26 la
2636 2596 125 33 fatigue,
2779 2603 40 19 va
2839 2595 168 27 au-devant
3026 2595 35 27 de
3076 2603 58 19 son
3145 2593 119 28 enfant.

2509 2630 66 32 Lui,
2591 2630 137 26 souriant
2745 2630 93 32 aussi,
2852 2630 87 26 vient
2954 2631 19 24 à
2986 2629 58 27 elie
3058 2631 18 24 à
3091 2630 93 34 petits
3197 2634 53 28 pas
3262 2631 6 24 ;

2507 2666 24 25 il
2539 2667 50 24 est
2604 2666 26 26 si
2641 2665 149 32 haletant,
2800 2667 30 24 si
2845 2666 106 26 mutilé
2961 2666 38 26 de
3014 2666 126 33 fatigue,
3159 2665 26 26 le
3201 2662 69 27 cher

2507 2700 77 32 petit
2591 2695 58 39 !...
2662 2700 79 26 Tout
2756 2701 19 25 à
2787 2707 87 27 coup,
2891 2708 41 19 au
2947 2701 106 26 détour
3069 2701 37 26 de
3113 2701 31 26 la
3159 2695 115 38 grand'-

2509 2733 96 31 route,
2621 2732 154 27 débouche
2797 2741 63 18 une
2888 2735 106 34 troupe
3022 2735 34 25 de
3086 2734 119 26 uhians.
3236 2731 37 27 IL

2510 2766 83 26 n'ont
2608 2773 54 28 pas
2673 2767 132 26 entendu
2819 2767 31 25 la
2864 2770 149 30 sonnerie,
3022 2770 38 25 ils
3071 2770 84 26 n'ont
3167 2777 56 27 pas
3235 2772 39 20 vu

2509 2802 28 28 le
2559 2802 111 35 signal,
2692 2804 31 25 et
2751 2802 40 26 ils
2822 2803 181 26 continuent
3030 2803 67 26 leur
3120 2803 154 35 poursuite

2510 2838 132 27 furieuse
2655 2839 67 25 tout
2738 2845 37 19 en
2789 2838 203 33 déchargeant
3005 2838 81 26 leurs
3100 2845 107 19 armes.
3217 2838 57 26 Les

2510 2875 94 27 balles
2621 2874 123 33 sifflent,
2766 2874 128 27 l'enfant
2911 2876 85 33 porte
3024 2874 30 26 la
3080 2874 85 26 main
3193 2874 19 24 à
3240 2878 33 19 sa

2512 2919 91 27 gorge
2619 2913 30 24 et
2663 2910 148 35 tombe...

2545 2947 107 26 Arrivé
2679 2946 31 27 là
2735 2947 34 26 de
2787 2954 58 19 son
2861 2947 83 31 récit,
2961 2946 27 27 le
3007 2944 125 37 général
3145 2944 78 35 pâlit
3236 2942 26 26 lé-

2512 2982 161 33 gèrement.
2699 2981 45 27 On
2764 2982 115 26 sentait
2902 2981 74 35 qu'il
3001 2981 139 26 souffrait
3157 2981 74 26 dans
3247 2978 28 25 la

2511 3017 128 35 poitrine
2656 3017 33 26 de
2706 3024 32 19 ce
2748 3017 125 33 sanglot
2895 3025 48 18 sec
2956 3017 76 26 dont
3047 3017 22 26 il
3085 3017 111 34 parlait
3207 3013 64 27 tout

2512 3053 17 25 à
2541 3052 120 27 l'heure.
2679 3052 27 26 Il
2717 3053 83 25 avait
2813 3052 72 26 l'œil
2901 3052 142 32 fiévreux,
3054 3052 27 26 le
3096 3053 52 25 ton
3161 3046 112 31 incisif,

2510 3086 28 26 le
2568 3089 83 32 geste
2675 3086 133 37 brusque
2832 3086 53 35 qui
2902 3086 133 35 pointait
3057 3086 31 26 la
3106 3089 165 32 campagne

2513 3130 115 19 comme
2652 3123 27 26 si
2707 3123 31 26 la
2761 3124 87 26 scène
2875 3130 32 20 se
2931 3123 267 34 daguerréotypait
3230 3118 31 26 de-

2512 3158 74 25 vant
2602 3157 43 26 lui
2657 3165 6 18 :

2595 3193 48 26 Ah
2653 3193 6 27 !
2674 3201 194 27 voyez-vous,
2887 3194 105 35 quand
3017 3194 52 34 j'ai
3085 3201 41 19 vu
3143 3201 31 19 ce
3201 3187 72 40 petit

2511 3228 126 32 tomber,
2654 3229 79 33 puis,
2748 3236 41 18 un
2812 3229 119 25 instant
2947 3229 97 33 après,
3070 3229 31 26 la
3129 3229 89 30 mère,
3247 3223 9 33 j
3266 3223 9 39 0

2511 3262 60 27 n'ai
2585 3270 54 26 pas
2653 3263 46 25 été
2712 3262 107 26 maître
2832 3263 35 25 de
2881 3263 70 25 moi.
2969 3263 58 25 J'ai
3045 3263 159 34 empoigné
3231 3263 38 22 un

2510 3298 83 31 fusil,
2610 3300 38 27 et,
2674 3305 72 18 sans
2773 3305 40 18 un
2842 3296 180 31 iieutenant,
3048 3299 28 31 je
3106 3298 116 26 lâchais
3250 3293 7 26 l
3267 3293 8 37 0

2511 3340 76 26 coup
2597 3339 51 19 sur
2661 3339 48 19 ces
2724 3332 156 33 brigands.
2898 3332 78 26 Mais
2989 3332 19 25 à
3022 3332 71 34 quoi
3109 3332 64 26 cela
3189 3325 85 33 eût-il

2512 3366 149 28 servi?...
2682 3366 220 32 Oui,continua
2916 3366 27 26 le
2961 3366 131 34 général,
3103 3367 87 35 après
3202 3365 71 28 cette

2511 3400 202 27 exclamation
2730 3402 34 27 de
2778 3402 224 37 désespérance,
3019 3403 30 27 la
3067 3411 115 27 pauvre
3197 3402 77 27 mère

2510 3436 128 27 Maillou
2662 3438 73 26 était
2750 3438 130 33 tombée,
2895 3441 31 25 et
2942 3439 21 26 il
2979 3448 20 25 y
3015 3439 84 26 avait
3115 3438 38 32 là,
3172 3439 18 25 à
3206 3438 54 26 l'eu-

2511 3471 79 26 droit
2604 3474 39 25 où
2657 3472 57 27 elle
2722 3475 84 27 avait
2817 3475 102 27 allaité
2931 3483 57 19 son
2999 3476 115 30 enfant,
3126 3482 59 18 une
3194 3474 80 30 large

2511 3508 100 27 coulée
2634 3516 141 26 rouge...
2796 3510 79 27 Mais
2904 3517 58 27 que
2991 3510 45 26 lui
3060 3509 157 34 importait
3243 3509 32 22 sa

2510 3542 145 34 blessure,
2674 3547 17 25 à
2706 3546 30 26 la
2751 3554 115 27 pauvre
2881 3547 80 25 mère
2972 3542 5 39 !
2993 3546 84 27 Nous
3093 3544 28 26 la
3137 3544 97 26 vîmes
3244 3544 30 21 se

2511 3579 113 28 relever
2639 3581 31 26 et
2681 3581 138 26 marcher
2845 3581 18 26 à
2885 3588 57 19 son
2967 3580 96 28 fils...
3098 3580 27 26 le
3152 3575 123 39 prendre

2511 3614 74 27 dans
2603 3624 47 19 ses
2663 3617 100 28 bras..
2777 3617 91 27 .Mais
2883 3615 54 32 lui,
2955 3615 26 27 le
2996 3615 71 27 cher
3081 3615 76 34 petit
3172 3615 99 25 brave,

2511 3651 61 26 s'en
2587 3651 142 35 dégagea,
2745 3652 60 26 tira
2815 3659 43 19 un
2874 3653 103 25 carnet
2989 3653 28 24 et
3030 3659 31 19 se
3074 3652 57 26 mit
3142 3652 18 24 à
3175 3647 98 28 écrire,

2511 3687 139 35 accroupi
2662 3689 102 26 contre
2779 3686 43 27 les
2837 3694 119 27 genoux
2972 3686 35 26 de
3024 3693 34 19 sa
3073 3686 126 37 mère...

2545 3722 48 27 Ah
2604 3723 6 26 !
2624 3723 34 27 lit
2674 3723 27 26 le
2713 3723 131 34 général,
2863 3725 83 24 toute
2972 3730 51 17 ma
3043 3720 47 26 vie
3100 3722 28 32 je
3151 3728 47 19 me
3214 3723 46 27 rap-

2510 3756 123 34 pellerai
2660 3759 77 25 cette
2760 3758 85 26 scène
2865 3757 150 26 navrante
3041 3756 34 26 de
3099 3757 45 25 cet
3171 3750 103 32 enfant

2511 3791 99 28 blessé
2623 3795 20 25 à
2657 3794 31 26 la
2701 3801 105 27 gorge,
2820 3793 54 34 qui
2891 3798 35 19 ne
2943 3793 71 33 peut
3028 3791 104 26 ouvrir
3156 3790 30 26 la
3207 3790 52 26 bou-

2512 3828 61 32 che,
2595 3829 54 33 qui
2663 3836 39 19 va
2728 3828 116 27 mourir
2872 3828 28 25 et
2930 3827 61 34 qui,
3022 3828 17 25 à
3067 3835 32 18 ce
3130 3823 141 30 moment,

2510 3870 92 27 pense
2622 3865 17 24 à
2665 3870 35 19 sa
2715 3862 96 35 patrie
2835 3862 32 26 et
2883 3862 73 26 écrit
2975 3869 51 19 sur
3046 3869 58 19 une
3128 3860 102 28 feuille
3243 3855 32 27 de

2507 3900 107 27 carnet
2630 3898 137 27 l'endroit
2781 3899 40 26 où
2838 3896 22 28 il
2875 3899 85 26 vient
2987 3899 35 26 de
3052 3905 110 20 sauver
3191 3898 27 24 et
3243 3892 32 26 de

2510 3933 109 26 cacher
2633 3933 27 26 le
2674 3933 183 34 drapeau...

2546 3967 40 27 Le
2602 3967 124 34 général
2741 3970 154 32 continua,
2913 3970 157 26 montrant
3081 3967 34 27 de
3132 3966 139 27 nouveau

2512 4003 30 26 la
2556 4011 167 26 campagne
2735 4004 43 27 du
2793 4006 85 32 geste
2889 4012 6 19 :

2595 4038 107 27 C'était
2715 4038 98 28 là-bas
2828 4048 58 28 que
2902 4049 35 25 ça
2953 4048 31 19 se
2995 4038 125 35 passait.
3132 4031 139 32 L'enfant

2513 4075 103 27 venait
2635 4075 34 27 de
2689 4077 138 26 remettre
2859 4077 17 25 à
2891 4083 33 19 sa
2937 4076 83 26 inère
3046 4074 27 25 le
3094 4070 94 33 billet,
3206 4072 31 25 et
3250 4068 25 27 la

2512 4117 113 25 pauvre
2637 4110 107 27 femme
2754 4110 180 35 pleurait...
2955 4110 71 25 Ace
3041 4108 136 26 moment
3188 4107 28 27 le
3229 4110 31 30 pe-

2512 4144 84 28 loton
2623 4146 34 26 de
2682 4146 111 27 uhians
2823 4144 126 26 arrivait
2973 4150 43 18 au
3041 4142 137 37 galop,..
3201 4142 73 26 L'un

2513 4181 86 26 d'eux
2609 4181 87 26 saisit
2706 4181 28 26 le
2743 4181 125 33 poignet
2875 4179 37 26 de
2926 4178 31 27 la
2968 4179 176 33 cantinière,
3154 4172 122 34 tâchant

2513 4217 34 26 de
2564 4215 43 27 lui
2629 4215 73 26 faire
2719 4214 102 27 lâcher
2839 4214 90 35 prisa.
2946 4214 65 27 ÂhJ
3038 4215 89 32 mais,
3141 4214 32 26 la
3187 4212 89 28 brave

2512 4251 110 28 femme
2637 4251 77 26 dans
2728 4258 34 18 sa
2777 4250 84 27 main
2885 4251 113 35 crispée
3021 4251 27 27 le
3076 4250 98 27 tenait
3188 4246 87 30 ferme

2513 4293 31 20 ce
2557 4286 93 31 billet,
2669 4286 39 31 et,
2725 4285 117 35 malgré
2857 4286 30 27 la
2911 4286 137 35 pression
3061 4286 45 27 du
3132 4285 142 30 sauvage»

2512 4320 54 27 elie
2584 4329 37 18 ne
2634 4320 113 28 lâchait
2761 4330 104 27 pas.,.
2881 4323 148 30 Soudain,
3046 4328 78 20 nous
3135 4319 33 27 la
3180 4319 79 27 vîoie
3262 4317 12 20 0

2513 4364 31 19 se
2570 4356 90 34 lever,
2689 4357 131 34 dégager
2843 4357 73 27 d'un
2941 4356 196 27 mouvement
3168 4362 51 20 sec
3250 4356 13 18 e
3266 4361 9 26 ;

2511 4400 137 20 nerveux
2673 4401 35 19 sa
2722 4394 85 27 chair
2830 4394 152 30 meurtrie,
3001 4393 32 24 et
3045 4390 122 33 debout,
3182 4390 64 27 lace
3261 4388 14 19 a

2511 4428 65 27 face
2602 4436 74 19 avec
2701 4436 58 19 son
2785 4429 159 30 bourreau,
2982 4426 138 33 sublime,
3143 4423 73 30 l'œil
3241 4427 14 19 ®
3257 4423 18 19 n

2511 4463 131 33 flamme,
2656 4463 56 28 elle
2725 4463 104 28 fourra
2843 4463 27 26 le
2888 4462 89 27 billet
2989 4462 78 26 dans
3092 4469 34 19 sa
3144 4460 117 28 folessui'
3263 4456 12 19 0

2509 4501 31 26 et
2556 4500 149 33 l'enfonça
2719 4507 74 20 avec
2807 4507 58 20 son
2880 4499 96 33 doigt.

2550 4535 73 27 Mon
2650 4535 70 26 cher
2745 4534 79 33 Guy,
2839 4533 34 26 fit
2903 4533 79 27 alors
3002 4533 26 27 le
3048 4532 130 35 général,
3195 4532 28 32 je
3243 4527 32 25 n®

2512 4571 64 27 suis
2598 4579 54 26 pas
2669 4578 59 19 une
2744 4570 89 35 poule
2849 4569 151 34 mouillée,
3019 4570 77 26 mais
3113 4576 33 25 ça
3163 4573 48 19 me
3223 4563 31 26 f»
3255 4566 9 19 1

2512 4613 105 20 encore
2634 4605 61 26 mal
2711 4612 38 19 en
2763 4613 21 26 y
2803 4607 141 32 pensant,
2961 4606 28 25 et
3009 4612 78 19 nous
3110 4605 70 25 tous
3203 4599 72 26 nous

2512 4641 177 34 essuyâmes
2715 4648 56 19 nos
2800 4648 129 27 yeux...
2957 4639 50 27 Ah
3027 4632 5 43 !
3057 4644 115 27 pauvre
3201 4632 61 28 mèr
3263 4632 12 19 0

2512 4674 126 31 Maillou
2652 4677 6 26 !
2676 4676 25 27 si
2715 4676 130 35 quelque
2859 4677 90 26 chose
2965 4676 45 26 lui
3027 4675 34 27 fit
3079 4670 157 31 tressaillir
3250 4667 9 24 l
3268 4667 7 45 0

2512 4720 81 19 cœur
2609 4711 155 33 d'orgueil,
2780 4720 31 19 ce
2826 4711 48 26 fut
2895 4713 74 25 cette
2996 4710 117 26 minute
3130 4704 120 37 suprêm
3252 4706 14 19 o
3269 4715 6 13 »

2513 4755 58 24 car,
2589 4747 100 27 tandis
2707 4747 106 32 qu'elle
2830 4747 141 32 mourait,
2987 4746 27 26 le
3030 4742 116 30 colonel
3161 4742 34 26 fit
3217 4740 58 32 pr®*

96 131 142 20 2

1354 107 200 38 Supplément
1570 109 123 32 illustré
1707 109 43 32 du
1766 107 87 34 Petit
1867 110 129 31 Journal
2040 113 420 25 ■—————g
