3310 4893
56 141 57 20 une
139 135 58 28 fois
221 136 100 34 portée
339 143 51 18 sur
416 142 31 19 ce
469 135 92 26 détail
589 135 180 35 esthétique,
789 143 37 19 on

56 172 110 26 sentait
177 180 48 19 ces
237 170 100 27 mains
354 171 213 26 obscurément
591 171 187 26 conscientes
791 171 34 27 de

56 203 63 30 leur
132 207 117 26 beauté.
269 206 83 27 Elles
369 213 30 20 se
417 206 169 26 remuaient
599 213 72 20 avec
689 206 51 27 des
756 213 50 20 sou-

56 239 122 35 plesses,
195 242 52 26 des
261 248 143 24 nuances,
417 240 52 35 qui
487 247 71 19 sans
574 240 89 26 doute
678 241 145 26 n'étaient

56 267 87 37 l'effet
158 285 57 27 que
237 278 34 26 de
296 278 193 33 proportions
511 275 193 33 admirables,
737 278 86 31 mais,

58 313 34 25 où
107 312 30 27 la
151 312 161 34 malignité
335 311 128 35 pouvait
485 311 66 26 voir
569 319 41 18 un
639 319 165 19 commence-

58 350 79 26 ment
151 347 213 31 d'affectation,
383 347 74 26 cette
474 346 139 27 noblesse
634 347 122 26 étudiée
771 347 53 34 qui

58 380 98 30 habite
172 383 43 27 les
234 383 146 26 membres
398 381 52 26 des
467 381 141 27 modèles.

90 423 122 27 D'autre
235 423 77 34 part,
343 422 28 26 la
398 422 117 26 culture
531 422 51 26 des
600 422 106 34 ongles
723 420 102 27 taillés

57 464 34 21 en
104 461 98 33 ogive,
217 458 130 34 dégagés
378 458 17 25 à
410 457 27 26 la
458 457 110 33 racine,
592 457 182 34 témoignait
789 457 35 25 de

58 494 81 27 soins
156 494 189 26 méticuleux.
378 493 26 26 Il
432 493 50 33 n'y
513 494 83 26 avait
622 500 54 26 pas
702 493 122 33 jusqu'à,

58 528 77 28 deux
154 530 115 33 bagues
296 528 162 26 féminines
475 529 117 33 portées
611 528 17 24 à
643 526 181 27 l'annulaire

58 565 111 32 gauche
177 565 52 34 qui
239 572 35 19 ne
286 565 162 33 parussent
463 563 254 26 l'avertissement
735 562 87 26 d'une

58 600 216 35 complaisance
291 600 111 26 secrète
417 606 76 27 pour
509 605 46 19 ses
569 598 102 26 mains
683 598 34 26 de
732 598 90 33 jeune

58 637 115 26 mariée.
191 635 92 26 L'une
315 633 198 37 représentait
537 633 27 25 le
594 634 122 33 serpent
730 632 92 35 replié

57 676 48 21 sur
122 679 33 19 sa
168 678 96 27 queue
289 670 51 34 qui
356 671 45 25 est
416 670 26 25 le
457 667 137 34 symbole
613 667 34 27 de
661 667 157 27 l'éternité.

57 703 116 31 L'autre
210 705 174 27 enchâssait
411 703 33 26 de
481 703 142 26 brillants
660 710 37 19 en
730 711 74 27 pous-

65 741 72 27 sière
154 749 43 19 un
226 741 104 33 saphir
346 738 71 35 pâli,
450 738 38 26 du
504 738 96 27 même
626 738 70 27 bleu
707 746 57 27 que
780 738 44 27 les

57 777 107 26 veines.

89 816 38 27 Et
143 824 47 19 ces
203 815 77 27 deux
293 814 106 34 bijoux
411 814 202 34 intriguaient
628 814 43 26 les
681 814 136 32 femmes,

56 857 48 20 car
115 859 38 19 on
169 859 35 19 ne
217 850 99 27 savait
332 850 63 26 rien
411 849 34 27 de
463 859 54 18 son
534 850 97 34 passé.

93 891 47 27 Un
155 891 112 26 hasard
279 898 46 19 me
338 891 151 26 conduisit
507 891 74 26 dans
595 898 33 18 sa
643 889 128 31 maison,
782 888 39 26 où

56 924 21 27 il
91 935 37 19 ne
143 926 131 27 recevait
292 927 97 33 guère.

89 966 70 27 Seul
172 966 74 27 dans
262 973 56 19 son
330 965 120 27 cabinet
470 964 34 26 de
515 963 119 33 travail,
646 963 103 26 tandis
763 970 57 26 que

56 998 24 28 le
93 1002 187 34 domestique
295 999 162 32 annonçait
476 1006 50 18 ma
548 998 99 31 visite,
671 997 146 34 j'ouvrais

54 1033 43 30 les
109 1045 80 26 yeux
203 1038 60 24 très
279 1035 119 33 grands.
418 1033 33 26 Je
468 1032 119 27 voulais
615 1032 54 26 lire
696 1039 52 20 sur
776 1032 43 27 les

54 1077 83 21 murs
151 1080 43 18 un
208 1077 58 27 peu
280 1070 39 25 du
340 1069 94 25 secret
450 1067 35 27 de
517 1075 34 19 sa
567 1075 148 27 personne
739 1071 30 22 et
784 1068 35 26 de

58 1113 33 20 sa
105 1107 58 26 vie.

89 1146 38 26 Ce
143 1144 103 27 n'était
261 1152 53 27 pas
330 1143 30 27 là
373 1143 27 27 le
430 1142 85 27 cadre
543 1152 58 26 que
632 1143 187 34 j'imaginais

56 1187 73 26 pour
138 1181 52 27 lui.

89 1221 47 26 Au
154 1221 60 26 lieu
235 1221 39 26 du
289 1227 113 25 rococo,
422 1219 50 27 des
489 1218 103 28 étoffes
608 1220 17 25 à
640 1219 91 27 fleurs
746 1219 73 26 dont

58 1253 22 28 le
94 1257 185 26 meublaient
301 1264 64 19 mes
380 1256 185 31 inductions,
580 1263 59 19 une
657 1253 162 35 simplicité

57 1296 125 32 presque
207 1299 59 19 nue
287 1299 6 19 :
313 1299 43 19 un
379 1291 91 26 divan
494 1292 28 25 et
547 1291 52 26 des
620 1289 135 27 meubles
783 1289 35 26 de

56 1328 72 32 cuir,
146 1328 50 26 des
213 1335 99 19 armes
332 1326 34 27 de
381 1335 105 26 guerre
502 1328 28 25 et
547 1325 33 26 de
595 1325 106 26 chasse
717 1331 37 18 en
769 1331 33 26 pa-

57 1363 96 33 noplie
165 1370 7 24 ;
190 1369 51 19 sur
256 1361 44 26 les
322 1362 156 26 murailles
495 1361 145 34 quelques
657 1358 144 34 photogra-

57 1396 91 34 phies,
167 1397 50 26 des
235 1398 145 31 tentures,
404 1397 51 25 des
477 1395 161 26 souvenii-s
659 1394 34 26 de
718 1400 34 19 sa
771 1394 47 26 vie

56 1433 202 34 cosmopolite.

90 1468 47 26 Au
159 1467 103 27 milieu
286 1467 33 26 de
344 1466 30 26 la
390 1465 161 32 cheminée,
569 1465 247 33 précieusement,

56 1501 15 26 à
84 1502 28 27 la
128 1504 83 34 place
233 1504 33 25 do
291 1501 28 25 la
335 1500 138 35 pendule,
489 1507 58 19 une
570 1499 84 27 main
671 1500 33 26 de
720 1499 97 35 plâtre

56 1537 72 28 était
143 1538 86 35 posée
243 1544 52 19 sur
311 1544 41 19 un
369 1535 122 27 coussin
513 1535 34 26 de
562 1535 130 27 velours.

89 1574 34 26 Je
138 1571 202 37 m'approchai
352 1578 72 19 avec
438 1570 141 27 curiosité
588 1578 76 27 pour
678 1571 30 26 la
717 1571 102 26 mieux

57 1609 72 32 voir,
145 1610 28 25 et
189 1609 65 26 tout
265 1607 34 27 de
315 1607 78 26 suite
411 1609 73 25 cette
502 1606 144 27 certitude
664 1615 47 19 me
724 1607 66 26 vint
801 1606 17 25 à

57 1641 110 39 l'esprit
184 1641 5 39 :

137 1680 78 27 C'est
227 1678 31 28 la
273 1680 103 27 sienne
385 1678 6 26 !

90 1713 45 27 En
159 1715 94 26 même
283 1716 97 30 temps
406 1720 59 19 une
498 1720 87 19 moue
618 1713 123 26 d'ironie
771 1719 46 19 me

56 1750 102 26 monta
174 1759 59 18 aux
247 1749 97 26 lèvres
359 1749 17 24 à
391 1755 107 26 penser
511 1755 66 25 que.
592 1747 76 26 dans
684 1747 26 25 le
722 1747 93 26 secret

56 1783 33 27 de
117 1793 33 18 sa
176 1785 146 30 demeure,
341 1782 22 26 il
390 1782 139 26 honorait
553 1782 79 26 ainsi
656 1789 33 18 sa
711 1788 106 28 propre

57 1817 113 30 beauté.

90 1856 33 27 Je
138 1863 46 20 me
201 1853 126 35 penchai
345 1861 52 20 sur
407 1854 74 26 celte
500 1853 94 27 forme
609 1852 34 27 de
657 1852 105 35 plâtre.

90 1896 38 26 Ce
142 1896 104 26 n'était
261 1903 54 26 pas
331 1902 59 20 une
404 1902 102 20 œuvre
520 1893 145 32 d'artiste,
676 1892 83 27 mais
776 1899 40 19 un

57 1929 106 37 simple
178 1930 142 34 moulage
338 1931 33 25 de
399 1930 158 35 praticien.
580 1928 43 27 La
638 1929 83 25 main
744 1928 73 26 était

56 1967 119 33 coupée,
190 1974 43 19 un
247 1974 58 26 peu
327 1974 37 18 en
380 1965 109 26 arrière
517 1965 39 26 du
579 1965 133 34 poignet,
742 1963 76 27 dans

58 2007 53 20 une
125 2001 149 33 longueur
289 2000 206 26 d'avant-bras
510 2001 50 32 qui
587 2000 104 26 faisait
720 2000 98 26 valoir

56 2033 146 28 l'attache.
216 2035 45 25 La
273 2042 107 27 paume
394 2035 139 25 soulevée
550 2034 172 34 s'appuyait
752 2041 50 26 gra-

57 2070 182 27 cieusement
259 2078 52 20 sur
326 2069 43 27 les
384 2069 111 33 doigts.
522 2069 84 26 Dans
635 2076 31 19 ce
696 2076 102 18 mouve-

56 2108 90 30 ment,
162 2106 110 26 l'index
287 2107 30 26 et
332 2105 26 27 le
379 2105 132 26 médium
529 2104 229 33 s'allongeaient
781 2111 35 19 en

56 2137 80 38 ligne
152 2143 34 26 de
203 2141 162 34 souplesse,
383 2143 145 25 soutenus
542 2147 56 28 par
609 2139 30 26 la
654 2139 109 26 courbe
776 2138 34 26 de

56 2172 177 31 l'annulaire
249 2179 28 24 et
294 2177 39 26 du
347 2177 74 34 petit
437 2177 84 33 doigt
535 2176 184 33 légèrement
739 2176 61 25 écar-

57 2209 51 28 tés.
138 2212 87 26 Ainsi
241 2213 97 33 posée,
357 2212 28 25 la
402 2212 84 26 main
510 2212 83 25 avait
609 2211 45 26 été
681 2210 132 27 enterrée

57 2245 66 28 vive
141 2248 74 26 dans
240 2248 26 26 le
281 2246 113 34 plâtre;
411 2249 38 28 et,
465 2254 73 20 avec
559 2246 51 26 des
626 2246 190 26 délicatesses

59 2280 242 37 inimaginables,
315 2282 26 25 le
358 2282 141 32 moulage
515 2281 170 26 conservait
700 2287 41 20 un
750 2280 53 26 fris-

57 2320 52 24 son
125 2319 34 26 de
176 2317 83 27 chair
274 2316 34 27 de
319 2316 97 35 poule,
432 2316 44 26 les
491 2315 146 27 rondeurs
659 2322 91 30 pures
765 2315 52 26 d«s

56 2353 217 26 articulations.

90 2391 33 27 Je
137 2400 37 19 ne
189 2400 58 27 pus
261 2392 123 27 résister
399 2400 38 19 au
452 2391 107 38 plaisir
575 2392 34 27 de
621 2392 103 37 palper
742 2394 77 25 cette

56 2430 80 24 main
150 2428 133 31 vivante,
300 2430 28 32 je
344 2428 31 26 la
389 2428 136 27 soulevai
537 2437 72 19 avec
625 2430 187 33 précaution,

52 2458 59 32 j'en
126 2463 152 22 examinai
294 2463 44 24 les
353 2463 100 31 lignes
470 2464 198 32 expressives.

90 2493 65 28 Une
170 2493 156 26 harmonie
344 2496 60 24 s'en
426 2496 159 32 dégageait
602 2497 52 32 qui
671 2497 146 33 captivait

56 2528 28 26 la
97 2530 116 35 pensée,
230 2528 240 35 l'emprisonnait
501 2536 113 19 comme
631 2537 59 18 une
705 2531 110 33 phrase

56 2562 33 28 de
106 2567 148 33 musique,
285 2565 38 31 et,
345 2564 66 25 tout
426 2562 35 27 de
487 2563 87 33 suite,
602 2564 197 34 inexplicable-

57 2604 90 30 ment,
165 2609 57 19 une
239 2600 155 28 sensation
411 2598 83 26 d'eau
510 2598 122 33 fraîche,
652 2600 84 26 d'eau
750 2608 52 18 cou-

58 2639 93 31 rante,
169 2637 131 27 montait
325 2637 15 25 à
363 2635 28 26 la
411 2634 111 34 langue
547 2634 111 28 devant
673 2642 58 20 une
749 2635 69 28 telle

57 2674 99 28 pureté
174 2673 34 26 de
222 2674 133 25 contour.

90 2711 103 28 J'étais
226 2711 92 35 perdu
347 2711 77 26 dans
458 2712 76 27 cette
568 2713 248 35 contemplation,

56 2748 102 30 quand
175 2756 58 19 une
248 2747 69 27 voix
333 2754 155 28 prononça
510 2750 66 26 tout
595 2750 69 34 près
687 2750 34 26 de
745 2757 70 19 mon

57 2783 99 26 oreille
176 2791 6 19 :

138 2818 157 27 Comment
307 2818 168 27 allez-vous
489 2819 13 26 ?

90 2852 105 27 C'était
209 2854 52 26 lui.
280 2854 26 26 Il
332 2854 98 26 s'était
457 2854 149 33 approché
628 2854 34 26 de
684 2854 60 25 moi
768 2861 52 19 sur

54 2883 26 30 le
96 2889 80 32 tapis
197 2888 128 33 profond
341 2895 71 18 sans
430 2887 81 26 bruit
528 2887 34 26 de
580 2894 46 19 ses
644 2887 172 26 babouches

56 2920 33 28 de
104 2922 98 35 paille.

90 2959 33 26 Je
139 2956 152 28 demeurai
308 2956 144 34 stupéfait
469 2956 35 27 de
521 2965 33 19 sa
567 2965 107 25 venue,
684 2956 136 27 honteux

56 2991 34 27 de
118 3002 71 19 mon
217 2993 210 28 indiscrétion.
461 2992 78 27 Mais
568 2994 65 25 tout
663 2992 34 27 de
726 2993 89 32 suite,

56 3032 74 27 pour
142 3038 47 19 me
207 3031 106 26 mettre
328 3031 17 26 à
364 3028 92 33 l'aise,
477 3030 24 26 il
519 3030 44 26 dit
583 3028 39 28 du
639 3030 52 27 ton
707 3028 27 27 le
750 3030 70 34 plus

56 3065 117 26 naturel
189 3065 5 27 :

138 3102 83 26 Vous
239 3100 141 33 regardez
398 3102 30 25 la
444 3100 84 27 main
544 3100 35 27 de
600 3109 50 19 ma
671 3103 79 25 mère
762 3102 14 26 ?

90 3133 38 27 Et
143 3136 22 25 il
181 3143 46 19 me
241 3135 180 26 débarrassa
437 3135 39 26 du
491 3135 143 33 moulage
663 3144 37 19 en
724 3136 97 35 plâtre

57 3170 70 30 qu'il
137 3170 123 31 étendit,
283 3171 17 24 à
313 3170 73 26 bout
403 3170 34 26 de
462 3170 80 32 bras,
560 3171 76 25 dans
659 3171 144 27 l'horizon-

56 3203 83 30 talité
169 3207 33 26 de
219 3206 30 27 la
261 3213 67 20 vue.
347 3204 99 31 Ainsi,
469 3213 33 20 sa
528 3206 85 27 main
634 3213 31 20 se
684 3208 137 25 trouvait

860 2066 100 35 placée
986 2070 67 26 tout
1068 2070 67 33 près
1161 2068 39 26 du
1231 2068 115 27 modèle
1361 2076 7 24 ;
1398 2069 30 34 je
1461 2078 57 26 pus
1538 2070 87 33 juger

861 2102 107 34 qu'elle
984 2105 44 26 lui
1044 2105 73 26 était
1133 2104 164 34 identique.

953 2144 229 32 Excusez-moi,
1227 2144 196 33 répondis-je.
1460 2145 165 31 J'ignorais

859 2185 59 27 que
947 2187 31 19 ce
1015 2181 46 26 fût
1090 2181 28 25 là
1146 2186 60 18 une
1231 2179 113 33 relique
1372 2179 34 25 de
1434 2179 128 28 famille.
1591 2179 34 26 Je

860 2215 119 33 croyais
997 2216 130 26 admirer
1148 2215 26 25 le
1195 2212 142 34 moulage
1351 2213 34 26 de
1408 2215 85 25 votre
1518 2220 107 27 propre

859 2250 92 26 main.

896 2288 25 27 11
937 2291 97 26 sourit
1048 2293 39 31 et,
1104 2289 204 34 m'indiquant
1325 2296 58 19 une
1400 2288 84 35 place
1496 2289 67 34 près
1590 2289 35 26 de

860 2323 44 27 lui
918 2331 52 20 sur
984 2326 27 26 le
1028 2326 92 26 divan
1136 2323 5 28 :

954 2370 125 35 Relique
1094 2372 45 25 est
1161 2370 27 27 le
1204 2372 72 32 mot,
1293 2370 69 27 cher
1377 2370 162 33 monsieur,
1561 2370 52 27 reli-

861 2415 57 27 que
932 2409 30 25 et
977 2407 123 27 fétiche!
1116 2407 83 27 Vous
1217 2415 87 19 savez
1328 2415 58 26 que
1401 2407 44 26 les
1459 2407 167 26 Orientaux

862 2443 155 26 dessinent
1032 2450 52 19 sur
1100 2443 30 26 la
1150 2444 84 32 porte
1251 2443 33 25 de
1305 2443 80 26 leurs
1411 2443 135 25 maisons
1566 2450 59 18 une

860 2478 84 24 main
960 2478 123 24 ouverte
1096 2484 78 25 pour
1189 2477 138 31 conjurer
1348 2476 26 25 le
1390 2476 141 25 mauvais
1550 2477 72 24 sort.

860 2511 44 25 De
914 2511 104 30 même,
1038 2511 74 24 cette
1130 2509 126 25 main-là
1273 2516 17 18 a
1302 2509 154 32 gouverné
1469 2516 48 18 ma
1527 2507 56 26 vie.

896 2549 34 26 Je
956 2549 26 25 le
1004 2546 142 35 regardai
1173 2555 73 19 avec
1266 2546 51 27 des
1344 2554 79 27 yeux
1448 2546 124 34 surpris,
1602 2545 22 27 il

862 2584 144 27 continua
1020 2584 5 27 :

945 2626 78 27 C'est
1038 2634 59 20 une
1119 2626 145 27 aventure
1286 2631 41 20 un
1344 2631 57 28 peu
1426 2622 196 37 chimérique,

861 2665 85 34 point
963 2663 39 27 du
1018 2665 67 26 tout
1100 2663 182 34 parisienne,
1306 2663 28 25 et
1354 2662 28 34 je
1397 2668 77 20 vous
1487 2660 64 37 prie
1567 2659 43 27 d'a-

861 2707 94 19 vance
972 2699 34 26 de
1022 2699 67 26 n'en
1107 2706 53 28 pas
1174 2699 123 26 sourire.

898 2750 14 15 »
927 2739 33 27 Je
977 2739 85 26 viens
1071 2738 41 26 .de
1129 2746 76 19 vous
1218 2738 61 27 dire
1296 2745 57 27 que
1369 2739 76 25 cette
1460 2738 84 25 main
1552 2737 73 27 était

862 2774 71 27 celle
947 2774 34 25 de
996 2781 48 17 ma
1061 2773 87 25 mère.
1165 2773 78 26 C'est
1256 2773 26 25 le
1296 2773 65 25 seul
1376 2773 144 26 souvenir
1535 2772 90 34 qu'on

861 2809 83 26 m'ait
960 2807 144 26 conservé
1120 2807 91 24 d'elle.
1228 2806 65 26 Elle
1309 2809 45 25 est
1370 2809 94 25 morte
1478 2807 26 26 le
1521 2807 83 26 lende-

862 2843 80 25 main
958 2841 34 26 de
1009 2848 48 19 ma
1070 2841 174 27 naissance.

898 2891 13 14 »
924 2880 71 27 Mon
1015 2880 77 33 père,
1120 2881 52 34 qui
1198 2880 113 26 n'avait
1326 2888 54 26 pas
1408 2888 56 18 son
1485 2880 137 35 portrait,

862 2916 57 26 m'a
944 2917 129 24 souvent
1093 2916 99 35 répété
1212 2915 107 35 qu'elle
1341 2914 191 27 ressemblait
1552 2914 71 26 à'la

862 2952 107 33 Vierge
986 2957 38 19 au
1042 2950 92 27 Voile.
1153 2952 47 32 Et,
1218 2957 37 20 en
1270 2950 77 33 effet,
1364 2950 56 27 elle
1433 2950 136 27 étaitnée
1581 2957 39 20 au

862 2986 77 30 seuil
956 2986 50 27 des
1028 2986 154 34 Calabres,
1204 2987 77 27 dans
1302 2995 43 19 un
1368 2986 33 27 de
1426 2994 47 19 ces
1495 2986 130 34 villages

863 3032 57 26 que
937 3024 63 26 leur
1015 3025 208 31 escarpement
1237 3031 15 19 a
1266 3024 107 33 gardés
1390 3024 34 26 de
1440 3024 84 26 toute
1539 3022 70 27 inva-

863 3060 65 26 sion
944 3060 26 25 et
986 3059 37 24 où
1038 3057 27 26 le
1081 3059 71 33 type
1166 3061 45 24 est
1227 3059 138 27 demeuré
1381 3066 63 28 pur.

899 3110 13 15 »
926 3099 79 26 Pour
1025 3098 69 31 moi,
1111 3099 28 32 je
1160 3100 163 26 ressemble
1341 3100 71 26 trait
1433 3107 74 26 pour
1524 3100 71 26 trait
1609 3100 17 25 à

862 3142 71 20 mon
948 3133 77 34 père,
1041 3133 78 26 mais
1136 3142 54 26 par
1205 3143 59 18 une
1279 3133 159 27 bizarrerie
1453 3133 170 33 d'hérédité,

862 3172 43 26 les
925 3169 100 27 mains
1049 3168 35 26 de
1107 3176 50 19 ma
1181 3171 89 31 mère,
1286 3170 51 27 des
1357 3170 99 27 mains
1472 3169 151 30 délicates,

863 3207 92 27 m'ont
969 3204 109 33 poussé
1094 3211 39 20 au
1146 3206 74 26 bout
1237 3206 50 27 des
1297 3206 80 32 bras,
1389 3207 28 25 et
1429 3206 71 26 c'est
1513 3206 18 26 à
1539 3206 86 32 peine

1669 2069 26 25 si
1709 2069 30 26 la
1754 2070 138 34 pratique
1915 2070 50 26 des
1993 2078 98 20 armes
2114 2078 17 18 a
2152 2078 41 18 un
2216 2079 58 27 peu
2300 2074 130 26 déformé

1668 2105 64 25 leur
1748 2105 139 33 élégance
1902 2106 165 33 originelle.

1703 2148 13 17 »
1731 2140 44 26 La
1791 2140 78 25 mort
1878 2140 86 26 d'une
1976 2140 109 26 femme
2094 2140 73 34 qu'il
2179 2140 117 30 adorait
2310 2153 18 18 a
2341 2145 89 27 laissé

1668 2181 70 19 mon
1755 2176 66 33 père
1837 2174 206 27 inconsolable
2063 2176 144 34 jusqu'au
2229 2179 118 26 dernier
2365 2180 65 33 jour

1668 2210 34 27 de
1719 2218 33 18 sa
1765 2210 56 26 vie.
1841 2210 138 26 Pendant
2003 2210 174 34 longtemps
2192 2212 24 26 il
2231 2215 84 26 avait
2333 2216 97 26 refusé

1668 2244 34 26 de
1717 2252 47 19 me
1780 2244 79 32 voir;
1878 2245 67 34 puis
1965 2245 229 35 brusquement,
2212 2256 67 20 vers
2296 2257 50 20 ma
2362 2250 51 27 dou-

1668 2281 93 26 zième
1776 2281 104 32 année,
1892 2281 20 26 il
1920 2281 109 27 voulut
2043 2282 90 34 qu'on
2146 2290 46 19 me
2205 2285 138 26 ramenât
2356 2285 73 26 dans

1667 2316 30 26 la
1710 2316 129 26 maison.

1703 2361 13 15 »
1734 2352 34 27 Je
1794 2352 178 28 n'oublierai
1994 2354 112 34 jamais
2125 2355 74 26 cette
2218 2355 144 34 première
2383 2365 31 19 en-

1668 2388 113 26 trevue.

1703 2438 14 15 »
1735 2428 155 27 J'hésitais
1922 2438 53 19 sur
2003 2431 26 25 le
2057 2431 77 26 seuil
2159 2431 35 25 de
2218 2431 31 26 la
2278 2432 150 33 chambre,

1667 2463 103 33 quand
1786 2471 70 17 mon
1873 2465 66 31 père
1956 2472 47 17 me
2019 2465 44 24 dit
2079 2472 72 17 avec
2166 2465 131 25 douceur
2309 2473 7 18 :

1701 2505 14 14 »
1781 2496 100 31 Entre,
1899 2505 69 17 mon
1980 2498 115 25 enfant.

1701 2539 14 14 11
1731 2530 37 26 Et
1782 2530 21 25 il
1820 2531 132 26 m'attira
1964 2538 69 19 vers
2049 2531 28 26 la
2094 2532 113 26 fenêtre
2224 2541 72 19 avec
2303 2541 59 19 une
2375 2535 35 26 im-

1664 2564 136 34 patience
1815 2565 180 34 passionnée
2008 2575 6 18 :

1702 2609 13 17 »
1731 2600 124 35 Voyons
1873 2602 24 26 si
1911 2603 33 26 tu
1961 2602 48 27 lui
2023 2603 181 26 ressembles
2217 2603 13 26 ?

1703 2636 52 26 »Il
1780 2643 46 20 me
1857 2637 181 28 considérait
2069 2647 73 20 avec
2166 2640 261 35 découragement,

1667 2673 103 35 quand
1786 2681 46 19 ses
1846 2674 124 35 regards
1985 2675 169 28 tombèrent
2171 2683 51 20 sur
2232 2685 64 20 mes
2309 2679 113 28 mains.

1668 2709 87 27 Alors
1770 2711 22 25 il
1807 2719 112 26 poussa
1936 2720 41 18 un
1994 2712 43 27 cri
2053 2713 38 31 et,
2108 2713 139 27 baissant
2263 2713 30 27 la
2316 2714 69 32 tête,
2408 2714 21 26 il

1667 2745 43 27 les
1727 2746 118 26 couvrit
1859 2746 33 26 de
1907 2746 126 27 baisers.

1703 2791 13 14 »
1733 2780 118 26 —Mon
1865 2781 84 33 père!
1965 2790 71 18 mon
2049 2783 83 33 père!
2147 2783 197 35 suppliais-je.

1703 2824 13 14 »
1737 2815 25 25 Il
1793 2816 165 25 n'entendit
1978 2817 73 30 rien,
2074 2824 46 19 ses
2137 2817 111 26 larmes
2265 2818 161 26 coulaient.

1665 2848 99 31 Enfin,
1781 2849 22 25 il
1820 2857 30 18 se
1866 2849 77 32 leva,
1962 2850 177 33 s'approcha
2146 2857 37 19 en
2199 2850 178 30 chancelant
2394 2855 34 26 de

1667 2890 54 19 son
1736 2883 156 26 secrétaire
1909 2885 30 25 et
1951 2884 69 34 prit,
2036 2884 77 27 dans
2127 2893 41 19 un
2186 2885 73 34 petit
2276 2887 91 33 écrin,
2381 2889 44 26 les

1665 2917 79 27 deux
1752 2917 116 35 bagues
1877 2928 58 27 que
1948 2929 77 19 vous
2041 2929 93 26 voyez
2150 2922 38 26 là.
2213 2921 25 26 Il
2251 2929 47 19 me
2314 2921 44 27 les
2372 2924 56 25 mit

1667 2961 39 20 au
1722 2955 83 33 doigt
1820 2962 6 25 ;
1844 2956 69 34 puis
1928 2965 72 19 avec
2014 2956 51 27 des
2081 2957 137 34 sanglots
2233 2956 53 35 qui
2302 2956 44 27 lui
2362 2966 50 20 cou-

1665 2991 103 34 paient
1780 2987 27 30 la
1824 2993 100 34 parole
1945 3000 6 19 :

1703 3037 13 15 »
1765 3027 71 26 Mon
1843 3027 115 32 enfant,
1965 3027 215 27 murmura-t-il
2186 3048 6 11 ,
2202 3027 76 27 Dieu
2285 3027 38 26 t'a
2331 3028 97 27 donné

1667 3061 43 27 les
1727 3063 99 26 mains
1841 3063 34 27 de
1892 3065 31 25 ta
1946 3064 79 26 mère
2046 3071 74 27 pour
2140 3071 57 26 que
2217 3064 27 32 je
2267 3064 102 33 puisse
2385 3065 44 27 les

1668 3105 94 19 serrer
1776 3105 37 19 en
1826 3099 151 26 mourant.
1993 3098 154 26 Garde-les
2160 3105 98 26 pures.

1703 3143 13 14 »
1737 3133 38 26 Et
1805 3135 79 26 voici
1912 3132 137 37 qu'après
2075 3135 90 30 vingt
2190 3133 110 26 années
2329 3133 33 27 de
2380 3136 47 27 vie

1668 3176 159 20 commune
1848 3177 71 19 mon
1945 3170 69 34 père
2027 3170 58 26 m'a
2100 3170 104 33 quitté.
2224 3169 33 26 Je
2270 3170 77 26 reste
2362 3170 65 27 seul

1667 3210 39 19 au
1722 3204 118 32 monde,
1859 3213 72 19 sans
1948 3213 41 20 un
2003 3208 107 31 parent
2122 3215 6 24 ;
2147 3213 72 20 avec
2248 3206 61 26 moi
2336 3206 91 27 finira

2491 143 72 20 mon
2576 143 80 20 nom.
2675 136 26 27 A
2714 137 77 26 cette
2817 136 100 33 heure,
2948 136 52 34 j'ai
3015 136 31 27 la
3063 137 146 28 certitude
3226 139 30 28 de

2491 170 26 26 le
2532 172 100 33 porter
2646 170 175 34 dignement
2835 170 145 35 jusqu'au
2995 171 76 27 bout
3084 170 5 37 :
3103 176 152 31 pourtant,

2491 208 76 25 cette
2584 214 122 26 sagesse
2722 208 37 26 où
2777 214 77 20 vous
2881 214 47 19 me
2952 215 94 26 voyez
3074 208 48 25 n'a
3137 215 58 26 pas
3209 210 46 25 été

2490 241 125 34 acquise
2630 249 72 18 sans
2718 241 86 27 lutte.

2525 286 14 15 »
2556 275 78 28 Sans
2648 278 99 31 doute,
2760 286 50 18 ma
2825 278 90 32 mère,
2933 276 183 33 Calabraise,
3132 278 123 28 m'avait

2489 312 59 26 mis
2562 312 76 26 dans
2654 312 43 27 les
2711 313 104 26 veines
2830 320 59 19 une
2904 314 83 33 pinte
3004 313 34 26 de
3052 319 78 27 sang
3144 313 34 26 de
3196 313 45 27 bri-

2489 346 90 34 gand.
2595 346 26 26 Il
2634 347 196 27 sommeillait
2841 357 37 18 en
2894 348 69 32 elle;
2983 347 22 27 il
3032 348 71 26 s'est
3130 348 123 28 réveillé

2489 381 70 27 chez
2581 383 60 26 moi
2662 390 72 19 avec
2752 391 58 19 une
2838 384 77 26 furie
2939 385 28 25 et
2992 384 51 26 des
3065 384 130 26 révoltes
3217 385 37 27 où

2485 417 52 34 j'ai
2552 417 69 26 bien
2631 417 77 26 failli
2717 420 230 32 compromettre
2957 428 71 18 mon
3041 418 211 32 salut.éternel.

2523 463 14 15 »
2554 454 44 26 Ne
2611 454 115 26 souriez
2744 461 64 27 pas,
2824 462 71 18 mon
2911 455 71 27 cher
2998 456 70 26 ami.
3084 455 34 27 Je
3141 456 115 33 portais

2486 495 37 20 en
2551 489 61 26 moi
2641 488 44 27 les
2711 488 77 26 deux
2811 489 133 32 vertiges
2963 490 40 25 du
3025 491 52 31 jeu
3097 493 30 24 et
3141 490 51 26 des
3204 498 33 19 vo-

2485 523 102 34 luptés
2600 523 172 27 sensuelles.
2790 522 78 27 Dieu
2887 523 58 26 sait
2966 526 38 25 où
3030 526 63 25 cela
3115 526 141 27 m'aurait

2485 560 97 26 mené.

2520 604 13 15 »
2551 594 78 27 Mais
2646 595 146 34 toujours,
2809 602 39 18 au
2863 595 135 25 moment
3018 595 34 26 de
3072 599 176 25 commettre

2484 637 43 19 un
2543 632 64 25 acte
2622 632 156 33 coupable,
2796 631 22 26 il
2833 630 132 27 suffisait
2980 638 58 27 que
3058 639 72 19 mon
3145 632 109 33 regard

2484 665 118 26 tombât
2616 672 52 19 sur
2683 673 63 19 mes
2763 666 110 32 mains,
2882 673 46 19 ces
2944 666 99 25 mains
3056 665 34 26 de
3104 665 28 26 la
3143 670 105 30 morte,

2484 706 74 27 pour
2574 700 111 34 qu'une
2712 702 72 26 voix
2812 710 47 19 me
2889 702 74 26 criât
2992 700 76 27 dans
3094 703 25 25 le
3146 709 81 19 cœur
3243 710 6 18 :

2519 744 13 17 »
2550 735 77 33 Non,
2644 737 34 25 tu
2693 743 38 19 ne
2744 737 44 26 les
2804 737 79 26 feras
2898 744 56 27 pas
2969 737 159 33 complices
3146 737 34 26 de
3196 738 54 25 ton

2485 769 103 35 péché.
2601 781 14 14 »
2631 770 98 32 Ainsi,
2766 771 113 26 devant
2907 772 28 26 la
2965 772 164 26 résistance
3156 772 81 34 quoti-

2487 804 118 33 dienne,
2621 806 175 26 l'assautdu
2805 807 235 27 mals'estlassé.
3052 808 198 33 Aujourd'hui

2483 840 52 33 j'ai
2550 841 30 26 la
2595 841 78 33 paix.
2693 841 37 26 Et
2744 841 104 34 quand
2869 841 128 27 viendra
3020 842 112 27 l'heure
3163 842 33 27 de
3221 842 27 26 la

2484 876 136 31 réunion,
2636 876 30 33 je
2689 876 122 33 pourrai
2835 875 61 27 dire
2922 878 18 25 à
2954 876 73 27 celle
3053 887 57 26 que
3137 879 28 34 je
3189 878 59 27 n'ai

2484 919 53 26 pas
2555 919 116 19 connue
2683 919 6 19 :

2519 956 13 15 »
2603 946 90 32 Mère,
2726 946 76 26 voici
2822 954 54 19 vos
2902 947 99 26 mains
3028 956 58 26 que
3110 951 30 31 je
3170 957 77 19 vous

2483 984 148 32 rapporte.
2669 981 83 26 Vous
2776 981 43 26 les
2850 983 84 25 aviez
2966 983 131 27 données
3123 984 18 25 à
3168 985 80 25 votre

2483 1017 106 26 enfant
2601 1024 74 27 pour
2691 1017 27 26 le
2733 1017 139 26 défendre
2890 1024 6 19 :
2914 1017 21 26 il
2944 1024 37 19 ne
2998 1017 43 26 les
3058 1025 17 18 a
3090 1025 54 27 pas
3161 1017 73 27 souil-

2481 1050 69 28 lées.
2576 1063 14 15 »

2518 1088 73 27 Mon
2608 1089 61 26 ami
2686 1096 154 27 prononça
2859 1095 47 20 ces
2923 1089 133 26 derniers
3074 1090 80 25 mots
3163 1089 85 27 d'une

2481 1122 71 26 voix
2569 1123 52 34 qui
2641 1124 155 26 tremblait
2816 1131 43 19 un
2876 1131 66 28 peu.
2975 1124 72 26 Puis
3069 1123 22 26 il
3110 1123 87 27 baisa
3215 1124 32 26 la

2481 1159 83 25 main
2582 1159 33 26 de
2640 1159 97 34 plâtre
2757 1167 53 20 sur
2829 1160 30 26 la
2872 1167 118 27 paume,
3008 1161 96 25 avant
3117 1160 34 26 de
3168 1160 27 26 la
3204 1167 30 20 re-

2480 1193 100 33 placer
2600 1201 39 18 au
2659 1194 105 27 milieu
2779 1195 40 26 du
2832 1196 132 26 coussin.

2898 1270 128 34 Hugues
3040 1271 39 26 Le
3097 1271 98 28 Roux.

91 3333 182 28 Montussan
288 3337 60 33 prit
363 3344 40 18 un
422 3338 96 34 temps
531 3339 30 24 et
573 3335 141 37 répondit
730 3346 6 18 :

139 3371 72 26 Mon
227 3371 86 30 Dieu,
332 3371 163 33 monsieur,
513 3379 39 19 au
567 3372 73 26 fond
657 3372 61 26 cela
735 3372 85 26 m'est

56 3404 213 31 parfaitement
283 3405 182 26 indifférent.
485 3406 33 26 Je
534 3406 76 26 ferai
624 3416 32 18 ce
669 3417 58 26 que
742 3417 77 18 vous

56 3441 142 32 voudrez,
213 3439 78 27 mais
312 3441 28 32 je
357 3446 47 19 me
428 3443 176 31 permettrai
624 3444 145 32 pourtant
782 3444 38 26 de

56 3477 76 25 vous
148 3476 73 26 faire
236 3476 139 26 observer
390 3482 67 27 que,
476 3475 26 26 si
515 3480 77 22 vous
618 3480 105 24 vouiez
749 3478 70 26 bien

56 3509 216 37 •n'interroger,
288 3511 28 34 je
332 3510 149 34 risquerai
502 3510 99 26 moins
625 3510 34 27 de
683 3513 61 26 dire
768 3514 51 26 des

56 3542 105 32 choses
176 3548 124 26 inutiles
322 3546 72 27 dont
416 3547 145 34 peut-être
586 3553 77 19 vous
686 3547 131 27 n'auriez

56 3585 57 27 que
129 3582 84 26 faire.

136 3618 44 26 En
197 3617 84 30 effet;
298 3615 128 27 veuillez
443 3617 76 26 donc
531 3617 206 34 m'apprendre
749 3619 71 33 quel

56 3652 86 26 •notif
157 3659 76 19 vous
244 3651 137 34 a.poussé
394 3651 17 26 à
422 3652 103 25 suivre
536 3651 43 26 les
591 3651 78 26 deux
681 3652 137 27 hommes

56 3686 51 31 qui
123 3686 136 28 s'étaient
272 3685 165 28 introduits
451 3685 74 26 dans
543 3685 25 27 le
585 3685 102 35 jardin
702 3686 33 27 de
748 3687 53 28 Lar-

56 3723 110 28 geval?

138 3763 139 33 D'abord,
291 3763 163 33 monsieur,
465 3763 27 34 je
502 3762 69 27 n'en
580 3762 28 26 ai
621 3763 80 26 suivi
712 3763 104 33 qu'un,

56 3796 27 25 et
99 3797 77 28 Dieu
191 3798 58 26 sait
263 3798 46 25 s'il
324 3798 59 26 m'a
398 3798 56 26 fait
471 3798 106 26 courir.
595 3797 182 33 Seulement,
791 3800 27 26 le

57 3827 69 40 long
142 3835 35 25 de
193 3842 34 18 sa
243 3835 93 28 route,
356 3834 20 25 il
393 3842 14 18 a
425 3835 106 26 trouvé
547 3834 26 26 le
591 3842 109 26 moyen
715 3834 34 26 de
775 3842 30 19 se-

56 3869 61 25 mer
132 3876 53 19 sur
200 3868 51 27 des
270 3867 94 27 tables
383 3868 34 26 de
441 3869 182 27 marchands
639 3869 35 27 de
690 3869 52 26 vin
767 3869 51 26 des

56 3898 182 33 indications
265 3904 59 24 très
358 3904 161 30 curieuses.
552 3906 56 26 Ces
634 3905 183 27 indications

56 3937 92 28 •n'ont
161 3939 54 26 fait
229 3945 107 27 penser
350 3938 72 33 qu'il
439 3946 34 19 ne
489 3939 145 27 tarderait
650 3948 54 27 pas
722 3941 15 26 à
755 3940 61 27 être

56 3972 107 34 rejoint
180 3980 52 27 par
244 3972 130 34 quelque
391 3973 143 34 complice
552 3978 27 24 et
606 3977 63 26 cela
692 3977 48 26 n'a
762 3985 54 26 pas

56 4010 137 34 manqué.

129 4049 93 33 Voici,
231 4048 76 28 ditle
313 4048 72 34 juge
394 4046 222 34 d'instruction,
627 4057 41 19 un
681 4050 135 35 chapeau

56 4084 50 31 qui
123 4093 17 18 a
155 4085 168 34 appartenu
340 4084 15 26 à
372 4083 63 26 l'un
450 4083 34 26 de
498 4090 46 20 ces
563 4084 77 26 deux
667 4085 146 27 hommes.

56 4110 39 34 Le
109 4119 324 30 reconnaissez-vous?

138 4155 65 31 Oui,
223 4156 163 26 monsieur.
412 4155 39 27 Ce
475 4155 135 35 chapeau
635 4156 73 26 était
730 4159 86 33 porté

56 4192 51 28 par
118 4191 26 27 le
161 4189 67 35 plus
244 4191 97 32 grand
356 4191 50 26 des
422 4192 78 27 deux
513 4193 132 26 bandits.

136 4226 77 26 Rien
227 4232 35 18 ne
278 4232 78 19 nous
372 4233 111 26 prouve
497 4227 90 34 qu'ils
604 4227 119 27 fussent
743 4227 59 27 réel-

56 4257 109 31 lement
180 4259 51 27 des
244 4259 131 32 bandits,
393 4260 34 26 fit
443 4261 142 27 observer
598 4263 27 27 le
641 4263 171 35 magistrat.

89 4310 33 6 •
136 4297 48 26 Ah
198 4294 5 32 !
219 4302 156 21 murmura
389 4294 115 28 Lucien
526 4305 52 19 sur
604 4306 43 19 un
676 4300 53 25 ton
756 4299 60 27 fort

56 4331 137 27 cavalier.

89 4381 33 7 —•
135 4368 84 27 Nous
231 4367 44 28 les
291 4365 200 37 appellerons,
506 4367 47 27 s'il
566 4376 77 19 vous
660 4370 85 33 plaît,
771 4370 44 27 les

56 4396 76 32 deux
143 4402 150 27 victimes.

135 4437 123 27 Comme
272 4437 25 26 il
311 4446 76 19 vous
400 4437 105 35 plaira,
517 4437 164 28 monsieur.
692 4440 34 26 Je
736 4441 78 26 serai

54 4472 145 28 enchanté
215 4473 157 27 d'honorer
387 4474 63 27 leur
471 4474 142 27 mémoire
626 4481 56 27 par
706 4476 45 25 cet
774 4475 27 26 ai-

54 4507 96 28 mable
164 4508 214 35 euphémisme.

86 4540 40 30 Le
142 4546 52 26 ton
208 4544 34 26 de
259 4543 182 30 Montussan
456 4545 200 33 commençait
673 4546 15 25 à
704 4552 109 27 agacer
826 4540 1 39 .

53 4572 25 27 le
91 4578 71 34 juge
178 4579 210 26 d'instruction
403 4581 53 33 qui
472 4580 141 27 devenait
639 4580 69 35 plus
730 4580 83 27 raids

54 4618 15 13 «
85 4618 117 22 mesure
219 4622 56 28 que
305 4613 77 27 celui
411 4616 73 34 qu'il
513 4617 197 33 interrogeait
739 4617 74 26 était

53 4643 65 32 Plus
135 4649 74 27 libre
229 4650 178 34 en-paroles.

86 4681 27 28 Il
126 4684 80 27 n'eût
222 4693 54 28 pas
292 4685 185 27 été-difficile
493 4687 33 27 de
541 4687 200 35 s'apercevoir
755 4696 58 27 que

53 4720 41 22 ms
106 4720 103 28 choses
223 4721 123 27 allaient
363 4728 30 20 se
407 4722 93 30 gâter.

941 3333 132 28 Veuillez
1087 3341 46 19 me
1141 3334 71 33 dire,
1224 3337 92 34 reprit
1325 3335 38 27 M.
1376 3335 138 31 Mestras,
1526 3333 97 35 quelle

862 3370 180 37 impression
1058 3377 77 20 vous
1149 3378 72 20 avez
1250 3372 144 26 ressentie
1410 3371 122 34 lorsque
1550 3377 73 19 vous

862 3406 152 27 vous-ôtes
1030 3405 106 26 trouvé
1152 3415 35 18 en
1204 3407 139 34 présence
1361 3406 33 26 de
1407 3404 174 34 Largeval?

945 3438 113 30 Faut-il
1072 3439 60 27 dire
1147 3444 83 25 toute
1247 3450 48 19 ma
1311 3442 107 34 pensée
1439 3441 13 27 ?

946 3476 77 26 Mais
1041 3483 71 19 sans
1128 3476 98 28 doute.

945 3510 45 28 Eh
1005 3509 69 27 bien
1089 3509 5 39 !
1110 3514 163 32 monsieur,
1291 3511 200 37 l'impression
1505 3510 48 27 n'a
1569 3519 53 27 pas

862 3549 45 26 été
1103 3546 142 35 Ilyavait
1254 3548 129 34 quelque
1395 3548 89 26 chose
1506 3546 117 27 defaux

863 3586 73 25 dans
951 3582 28 26 la
994 3580 214 37 physionomie
1224 3583 33 26 de
1269 3585 46 25 cet
1328 3583 129 26 homme.
1472 3582 100 31 Aussi,
1586 3589 35 18 en

861 3626 47 20 me
924 3617 328 35 retirant,'et'pendant
1273 3619 90 34 qu'on
1380 3626 46 19 me
1452 3617 170 28 conduisait

862 3656 69 25 chez
948 3652 26 26 lo
989 3652 208 27 commissaire
1220 3654 34 25 de
1276 3653 104 34 police,
1404 3654 27 32 je
1469 3652 152 26 demeurai

862 3689 168 28 convaincu
1044 3692 58 27 que
1117 3686 191 30 le-locataire
1326 3690 39 26 du
1380 3687 137 35 pavillon
1538 3686 84 27 avait

861 3723 148 28 introduit
1018 3720 141 30 'les'deux
1175 3725 139 26 victimes
1331 3724 69 26 chez
1417 3724 52 26 lui.

898 3759 180 27 Montussan
1093 3758 110 32 parlait
1218 3762 138 32 toujours
1372 3768 39 18 au
1427 3757 156 35 singulier.
1596 3757 26 26 Il

861 3796 83 26 avait
961 3800 112 20 comme
1090 3800 41 19 un
1148 3796 79 32 parti
1238 3796 63 33 pris
1315 3796 34 26 de
1374 3802 37 19 ne
1431 3802 56 26 pas
1513 3796 107 24 mettre

860 3839 37 19 en
911 3830 85 26 scène
1010 3835 54 19 son
1081 3828 184 30 ami'.Riaux.

943 3866 170 25 Avez-vous
1129 3872 50 26 vu,
1196 3866 115 34 depuis,
1329 3874 32 19 ce
1383 3863 175 37 Largeval?
1574 3863 31 27 de-

860 3900 111 28 manda
984 3898 39 28 M.
1039 3898 138 28 Mestras.

943 3934 66 31 Oui,
1025 3933 163 35 monsieur,
1206 3938 18 25 à
1238 3937 151 35 plusieurs
1401 3935 137 37 reprises.

943 3976 80 26 Vous
1041 3972 152 32 êtes-vous
1207 3985 109 26 aperçu
1342 3977 73 34 qu'il
1436 3977 126 33 pouvait
1583 3983 37 19 ne

859 4020 54 27 pas
930 4011 59 26 être
1004 4010 26 25 le
1046 4009 96 28 même
1149 4011 130 27 -homme
1292 4019 58 26 que
1367 4011 77 26 celui
1452 4011 18 26 à
1482 4011 53 34 qui
1543 4018 78 19 vous

859 4055 72 20 avez
948 4054 35 19 eu
1002 4043 102 27 affaire
1117 4044 30 27 la
1163 4048 66 26 nuit
1247 4048 50 26 des
1315 4045 175 28 recherches
1505 4045 77 27 dans
1593 4045 26 26 le

857 4083 100 34 jardin
969 4081 13 26 ?

943 4122 77 30 Non,
1035 4122 164 26 monsieur.
1218 4123 33 27 Je
1266 4123 64 26 suis
1345 4122 145 34 persuadé
1514 4129 57 26 que
1592 4121 27 26 le

859 4155 150 35 Largeval
1024 4155 17 26 à
1057 4155 52 33 qui
1123 4156 52 33 j'ai
1204 4159 81 34 parlé
1302 4166 30 19 ce
1359 4157 103 27 soir-là
1491 4157 73 26 était
1592 4155 27 26 le

859 4191 150 35 Largeval
1022 4198 72 19 avec
1107 4191 100 35 lequel
1217 4194 28 33 je
1257 4200 46 20 me
1317 4194 137 26 trouvais
1465 4191 154 35 lorsqu'on

859 4232 45 24 est
918 4233 80 21 venu
1013 4226 141 27 l'arrêter.

943 4264 25 26 A
983 4270 31 18 ce
1029 4269 119 27 propos,
1176 4265 164 32 monsieur,
1365 4265 22 26 il
1413 4265 111 27 résulte
1550 4261 70 27 d'un

857 4299 122 35 rapport
994 4298 28 26 et
1037 4296 34 27 de
1087 4297 30 27 la
1130 4298 170 35 déposition
1315 4300 39 26 du
1367 4298 206 28 commissaire
1583 4298 35 26 de

857 4336 94 34 police
969 4339 57 30 que
1039 4338 76 20 vous
1126 4333 104 28 n'avez
1239 4344 54 26 pas
1305 4336 45 26 été
1361 4332 257 30 très'convenable

859 4378 72 19 avec
946 4376 30 20 ce
993 4368 171 33 magistrat,
1183 4370 120 34 lorsque
1328 4370 117 27 celui-ci
1466 4368 152 38 procédait

857 4408 17 25 à
889 4402 201 31 l'arrestation
1108 4403 34 27 de
1157 4404 136 28 l'accusé.

941 4441 21 27 G
966 4437 5 37 !
973 4437 152 30 est-à-dire
1141 4447 64 27 que.
1214 4441 27 26 le
1256 4442 207 26 commissaire
1474 4449 17 19 a
1504 4442 46 26 été
1558 4441 60 26 très

856 4478 46 26 vif
917 4483 73 20 avec
1010 4474 70 26 moi.
1106 4474 209 27 11-m'a-traité
1338 4476 60 27 fort
1411 4476 157 27 dui'ement
1590 4475 30 26 et

857 4512 70 27 s'est
943 4509 99 30 oublié
1054 4509 123 35 jusqu'à
1192 4518 47 20 me
1256 4518 137 21 menacer
1415 4512 35 27 de
1474 4512 145 27 s'assurer

840 4557 6 13 ;
856 4547 34 27 de
907 4556 56 18 ma*
972 4552 156 30 personne.

891 4583 124 28 —'Sans
1029 4580 99 33 doute,
1143 4584 85 25 votre
1243 4583 177 28 attitude...

943 4617 209 27 line-attitude
1168 4624 37 20 ne
1217 4618 116 33 justifie
1345 4618 120 33 jamais,
1485 4618 17 26 à
1517 4624 33 20 ce
1561 4624 57 26 que

854 4654 30 34 je
899 4654 87 32 crois,
1004 4661 41 19 un
1059 4654 91 26 excès'
1162 4654 35 26 de
1207 4654 141 34 -pouvoir
1356 4662 38 19 ou
1404 4654 5 34 1
1420 4661 58 19 une
1500 4659 119 20 mesure

856 4689 168 26 arbitraire.
1041 4689 37 26 Je
1087 4689 107 26 n'étais
1200 4689 4 33 .
1208 4696 76 26 pour
1291 4696 76 19 «en*
1372 4689 128 27 da-nsdes
1511 4689 109 26 crimes

839 4741 8 7 -
855 4723 272 34 de.Large-vahet'je
1136 4731 37 19 ne
1185 4724 69 33 puis
1265 4724 194 33 comprendre
1468 4727 152 25 comment

1667 3340 41 19 un
1717 3333 120 28 homme
1845 3334 53 35 qui
1909 3337 171 34 représente
2092 3339 76 25 cette
2178 3335 182 37 respectable
2369 3337 44 27 ins-

1667 3370 135 32 titution,
1820 3370 162 34 Injustice,
2001 3374 80 31 peut,
2100 3380 37 19 en
2153 3373 105 26 cédant
2271 3372 18 26 à
2300 3372 128 34 quelque

1667 3405 158 26 mauvaise
1840 3405 137 34 humeur,
1997 3415 110 27 songer
2121 3410 17 24 à
2147 3410 100 34 priver
2258 3415 40 19 un
2309 3406 118 37 citoyen

1665 3438 35 27 de
1717 3448 33 18 sa
1766 3439 115 28 liberté.

1701 3475 56 26 Ces
1769 3476 118 33 paroles
1911 3476 100 28 furent
2036 3480 78 26 dites
2138 3488 71 19 avec
2232 3485 58 20 une
2315 3478 112 33 grande

1664 3509 178 28 animation.
1861 3513 182 28 Montussan
2056 3515 141 27 semblait
2209 3515 64 27 tout
2285 3515 18 25 à
2316 3514 57 26 fait
2382 3515 31 25 in-

1664 3544 100 34 digné,
1782 3547 67 34 trop
1865 3548 125 33 indigné
2004 3549 106 33 même,
2127 3553 28 24 et
2173 3550 61 26 cela
2251 3548 111 35 surprit
2383 3556 44 21 un

1664 3587 57 27 peu
1737 3581 38 26 M.
1795 3581 138 28 Mestras.

1700 3615 196 34 Néanmoins,
1912 3626 32 20 ce
1959 3620 46 26 fut
2022 3627 72 20 avec
2105 3628 43 19 un
2159 3620 96 35 grand
2264 3619 92 27 calme
2369 3627 58 28 que

1657 3651 1 31 :
1664 3658 30 19 ce
1710 3651 117 26 dernier
1840 3652 43 26 lui
1898 3653 43 27 dit
1955 3651 5 31 :

1749 3685 70 27 Mon
1834 3685 87 35 Dieu,
1941 3692 163 32 monsieur,
2120 3692 17 26 à
2152 3692 30 26 la
2190 3692 120 33 rigueur
2324 3698 39 19 on
2375 3698 34 20 au-

1663 3722 58 25 rait
1734 3729 41 26 pu
1791 3729 77 19 vous
1884 3725 113 26 arrêter
2010 3729 27 24 et
2054 3736 76 18 vous
2156 3728 106 35 garder
2284 3725 128 35 parfaite-

1663 3758 81 25 ment
1761 3763 35 20 en
1813 3757 103 33 prison
1932 3762 104 33 quand
2049 3770 39 19 on
2100 3770 76 19 vous
2186 3771 15 18 a
2216 3761 115 35 surpris
2343 3770 66 19 esca-

1663 3791 104 26 ladant
1782 3800 41 18 un
1840 3801 67 19 mur
1922 3796 17 24 à
1952 3796 78 26 deux
2043 3796 109 28 heures
2167 3800 40 25 du
2224 3796 103 27 matin.

1697 3827 191 34 Montussan,
1903 3829 15 26 à
1932 3837 56 22 ces.
2000 3834 89 31 mots,
2107 3841 31 19 se
2160 3833 118 28 troubla
2303 3831 107 28 visible-

1662 3863 91 25 ment.

1743 3898 181 35 L'escalade,
1939 3909 54 26 par
2011 3902 175 35 elle-même,
2212 3902 149 28 constitue
2382 3913 44 19 un

1662 3932 81 33 délit,
1761 3940 40 19 un
1819 3933 71 27 délit
1905 3932 141 38 grave...

1743 3969 66 32 Oui,
1827 3972 103 32 quand
1945 3972 56 26 elle
2017 3976 45 25 est
2080 3974 217 37 accompagnée
2311 3973 35 27 de
2362 3976 60 27 vol.

1744 4009 109 31 Quand
1869 4011 56 26 elle
1939 4013 45 24 est
2002 4017 220 33 accompagnée
2238 4015 33 26 de
2289 4015 59 31 vol,
2370 4016 56 27 elle

1663 4044 150 27 constitue
1827 4054 40 19 un
1880 4046 100 27 crime.

1744 4081 107 27 Allons
1867 4083 78 26 donc
1958 4081 5 28 !

1744 4121 129 33 Pardon,
1889 4123 124 33 témoin,
2031 4124 44 28 dit
2092 4127 185 27 sévèrement
2294 4124 39 27 M.
2349 4127 59 27 Mes-

1662 4157 72 30 tras,
1749 4157 78 26 voici
1844 4159 152 34 plusieurs
2011 4161 58 26 fois
2078 4169 59 26 que
2150 4168 76 20 vous
2238 4168 74 19 vous
2323 4168 90 20 servez-

1657 4192 224 34 ■d'expressions
1896 4195 52 34 qui
1962 4200 132 31 peuvent
2108 4198 60 24 être
2193 4196 33 25 de
2250 4195 73 26 mise
2349 4196 77 28 dans

1658 4234 45 19 un
1717 4227 103 27 atelier
1835 4230 34 26 de
1885 4231 117 34 peintre
2017 4239 39 20 ou
2070 4239 71 19 avec
2157 4231 50 27 des
2219 4238 207 27 compagnons

1662 4263 34 26 de
1709 4263 202 34 débauche...
1929 4263 128 34 mais...

1739 4299 129 32 Pardon,
1886 4302 93 32 aussi,
2000 4304 163 31 monsieur,
2180 4303 27 33 je
2224 4309 35 20 ne
2284 4310 78 20 vous
2383 4311 30 20 re-

1661 4335 125 27 connais
1802 4344 54 26 pas
1873 4336 26 27 le
1913 4337 78 26 droit
2002 4337 34 26 de
2050 4346 47 18 me
2108 4338 105 26 traiter
2223 4337 87 26 ainsi.
2328 4337 30 27 Si
2374 4339 39 25 c'é-

1659 4370 58 26 tait
1733 4377 43 19 un
1791 4371 90 27 crime
1889 4380 39 19 ou
1939 4381 43 19 un
1990 4372 72 27 délit
2069 4374 90 27 d'être
2173 4371 161 34 débauché,
2349 4382 76 19 vous

1658 4407 138 33 pourriez
1814 4407 76 27 faire
1904 4415 59 19 une
1977 4409 138 33 enquête.

1742 4440 133 28 Veuillez
1893 4450 76 19 vous
1984 4444 84 25 taire.

1749 4499 41 7 ...
1812 4478 38 26 Et
1861 4479 25 26 si
1898 4478 27 27 le
1937 4479 53 26 fait
2003 4480 76 26 était
2091 4481 122 33 prouvé,
2228 4487 46 19 me
2285 4480 120 26 condam-

1659 4519 63 24 ner,
1741 4513 78 26 mais
1833 4513 123 34 jusqu'à
1971 4521 31 19 ce
2019 4514 149 34 qu'il:soit
2183 4514 92 27 établi
2290 4521 66 27 que-
2374 4514 51 27 des

1659 4547 86 26 excès
1760 4550 69 26 sont
1840 4550 51 26 des
1900 4550 117 32 crimes,
2029 4558 35 18 ne
2079 4550 161 33 nrfappelez
2250 4558 53 25 pas
2316 4550 91 27 débau-

1661 4583 63 27 ché.

1670 4618 5 37 -
1696 4618 40 27 M.
1762 4619 137 33 Mestras,
1918 4620 53 34 qui
2001 4620 175 27 s'attendait
2199 4623 17 25 à
2238 4623 123 26 trouver
2382 4630 45 19 un.

1662 4654 119 28 homme
1796 4655 141 28 d'allures
1948 4657 230 32 étranges-mais
2186 4657 137 34 paisible,
2336 4657 78 26 s'irri-

1662 4690 57 27 tait
1731 4690 35 27 de
1780 4690 164 27 l'entendre
1959 4691 78 26 faire'
2049 4693 18 25 à
2081 4691 116 35 chaque
2206 4701 54 26 pas
2270 4701 59 19 une
2337 4694 74 26 résis-

1662 4727 87 26 tance
1765 4727 113 27 morale
1891 4728 17 24 à
1924 4727 120 27 l'action
2059 4728 168 30 judiciaire.
2244 4728 38 26 Et
2297 4728 22 26 il
2343 4728 84 27 finis-

2474 3341 60 27 sait
2550 3350 53 27 par
2620 3343 60 27 être
2694 3344 58 26 fort
2767 3345 63 26 mal
2841 3345 119 35 disposé
2968 3354 77 26 pour
3052 3347 115 26 Lucien
3176 3348 61 33 qui,

2473 3374 53 35 lui,
2545 3386 37 18 ne
2598 3380 125 33 quittait
2739 3387 64 27 pas,
2818 3381 72 33 quoi
2904 3381 74 33 qu'il
2993 3381 65 32 dît,,
3074 3381 27 26 le
3124 3383 113 26 sourire

2473 3412 73 26 dont
2562 3413 22 26 il
2601 3415 83 26 avait
2700 3416 71 25 orné
2786 3423 47 18 ses
2849 3415 106 27 lèvres.

2507 3446 130 33 Parfois,
2654 3457 53 27 par
2724 3451 194 34 conséquent,
2936 3459 31 19 ce
2980 3452 116 27 sourire
3107 3455 115 25 contras-

2472 3482 58 26 tait
2545 3491 73 19 avec
2631 3485 43 26 les
2689 3485 119 34 paroles
2822 3494 128 27 presque
2966 3488 150 27 violentes
3131 3489 73 26 dont
3217 3489 20 26 il

2472 3524 31 20 se
2517 3520 122 26 servait.

2556 3554 48 27 Du
2621 3557 85 30 reste,
2721 3557 94 33 reprit
2828 3557 27 26 le
2870 3557 136 32 bohème,
3025 3557 21 26 il
3063 3561 46 24 est
3124 3559 113 26 certain

2471 3591 91 32 qu'on
2582 3598 37 18 ne
2647 3592 72 32 peut
2746 3591 65 26 rien
2841 3599 46 18 me
2910 3593 168 33 reprocher,
3110 3593 128 34 quelque

2471 3624 98 26 bonne
2585 3624 122 26 volonté
2724 3625 90 33 qu'on
2829 3633 21 26 y
2864 3627 102 31 mette,
2993 3627 130 34 puisque
3149 3627 87 27 Remi

2471 3659 150 34 Largeval
2634 3661 45 22 est
2692 3659 79 32 bien,
2790 3660 63 26 cela
2868 3669 35 18 ne
2921 3661 56 26 fait
2998 3661 69 33 plus
3090 3661 35 26 de
3149 3661 89 28 doute

2471 3703 74 26 pour
2558 3702 156 26 personne,
2732 3694 26 26 le
2767 3694 174 27 malfaiteur
2956 3697 124 26 émérite
3097 3697 53 37 qui
3159 3706 17 19 a
3187 3700 50 26 tué

2471 3738 46 19 ses
2533 3730 77 26 deux
2621 3729 161 35 complices
2798 3730 76 27 dans
2887 3730 125 30 l'affaire
3021 3732 35 27 de
3071 3733 32 26 la
3118 3735 119 28 maison

2471 3767 33 26 de
2516 3767 58 32 jeu.

2569 3801 107 26 Tiens!
2705 3801 103 26 s'écria
2831 3810 129 27 presque
2987 3806 117 34 malgré
3130 3806 43 26 lui
3197 3806 40 27 M.

2470 3836 128 28 Mesh-as
2614 3836 117 33 étonné,
2748 3844 77 20 vous
2842 3846 89 20 savez
2946 3840 63 28 cela
3019 3841 14 27 ?

2504 3870 183 28 Monlussan
2701 3873 104 27 baissa
2820 3874 44 28 les
2885 3883 90 27 yeux,
3004 3885 31 19 se
3058 3876 110 27 mordit
3191 3875 45 27 les

2469 3907 107 33 lèvres,
2594 3908 69 34 puis
2679 3912 162 32 reprenant
2859 3909 116 27 bientôt
2992 3919 47 18 ses
3061 3909 111 26 allures
3197 3909 27 26 ef-

2471 3943 131 28 frontées
2621 3943 5 28 :

2555 3980 38 26 Et
2607 3981 149 34 pourquoi
2771 3984 37 24 né
2820 3980 26 27 le
2863 3980 159 33 saurais-je
3038 3979 78 34 pas?

2506 4015 84 26 Cette
2607 4016 57 25 fois
2680 4016 63 26 cela
2758 4015 142 26 devenait
2915 4015 34 26 de
2962 4015 184 27 l'insolence.

2548 4050 169 34 Répondez,
2732 4051 146 25 comment
2887 4056 165 20 avez-vous
3064 4052 105 34 appris
3181 4059 56 28 que

2471 4085 149 33 Largeval
2635 4085 84 26 avait
2732 4085 124 26 commis
2877 4083 80 34 jadis
2979 4093 41 19 un
3045 4088 92 27 crime
3163 4089 74 26 dans

2470 4128 60 19 une
2545 4120 119 26 maison
2679 4120 34 26 de
2727 4119 73 34 jeu?

2552 4154 146 32 Qu'est-ce
2713 4162 57 26 que
2779 4153 63 26 cela
2855 4157 71 31 peut
2937 4156 87 35 faire,
3038 4160 26 26 si
3071 4161 30 33 je
3113 4159 27 27 le
3154 4160 61 26 sais
3224 4159 13 27 ?

2470 4191 38 26 Et
2520 4191 69 33 puis
2603 4198 77 19 vous
2692 4189 86 26 dites.
2792 4199 13 14 «
2817 4189 151 35 Largeval
2980 4195 84 26 avait
3072 4195 125 26 commis
3210 4204 25 24 »,

2470 4233 76 19 vous
2569 4225 137 35 pourriez
2733 4224 63 26 dire
2813 4232 6 19 :
2836 4235 14 15 »
2868 4227 151 35 Largeval
3039 4238 17 18 a
3069 4230 135 32 commis,
3222 4238 14 18 »

2470 4269 50 19 car
2533 4260 22 26 il
2571 4260 76 26 n'est
2661 4267 54 26 pas
2732 4261 89 33 mort,
2839 4271 58 28 que
2916 4266 30 33 je
2961 4265 98 27 sache.

2550 4294 83 26 Vous
2642 4294 52 34 qui
2706 4297 162 33 prétendez
2877 4302 103 26 savoir
2994 4302 67 26 tant
3071 4300 34 26 de
3117 4299 117 33 choses,

2469 4338 76 20 vous
2559 4330 124 32 ignorez
2699 4331 78 28 donc
2792 4343 58 26 que
2859 4343 30 19 ce
2902 4335 76 27 n'est
2988 4336 69 34 plus
3067 4333 87 26 Remi
3165 4333 54 27 Lar-

2470 4365 89 34 geval
2574 4372 58 27 que
2647 4375 79 20 nous
2741 4371 109 26 tenons
2865 4372 18 25 à
2898 4371 103 27 Mazas
3011 4370 14 26 ?

2551 4400 39 28 Et
2603 4403 54 34 qui
2674 4407 91 25 est-ce
2781 4406 98 27 donc?

2554 4436 135 38 Georges
2705 4440 158 34 Largeval.

2477 4495 7 2 -
2554 4473 59 33 Qui
2628 4483 17 19 a
2657 4483 43 27 pu
2709 4483 77 20 vous
2796 4476 136 26 raconter
2941 4473 56 35 ça?
3008 4475 38 27 Et
3054 4483 76 20 vous
3143 4476 93 30 l'avez

2469 4509 76 26 cru?
2572 4509 4 26 .

2923 4587 125 27 Camille
3061 4589 136 27 DEBANS.

2504 4702 57 32 (La
2570 4701 81 28 suite
2661 4710 45 20 au,
2718 4703 158 32 prochain
2891 4703 164 32 numéro).

1074 202 517 69 L'HOTEL
1683 202 172 69 DU
1948 198 139 72 N°
2184 200 51 71 3

1232 735 39 28 II

863 800 31 30 Il
902 811 24 27 y
943 811 28 25 a,
984 809 87 33 pour
1084 811 57 31 que
1155 808 71 22 tous
1241 802 87 31 aient
1343 803 87 30 leurs
1447 803 92 38 aises,

862 849 69 28 Des
945 849 58 30 lits
1017 852 96 39 d'fer
1127 853 31 30 et.
1170 849 53 28 des
1238 849 57 30 lits
1310 861 37 19 en
1363 852 78 39 bois,

862 898 44 30 Et
920 898 37 28 de
973 900 77 28 tout
1052 911 15 18 s
1082 899 45 30 les
1141 900 76 27 sort
1219 908 15 19 s
1251 898 34 30 de
1296 899 156 39 punaises

861 946 30 30 A
907 945 110 31 rhôtel
1033 948 41 28 du
1093 950 129 27 numéro
1239 947 89 30 trois.
1359 947 90 41 (Bis.)

1213 1028 56 30 111

861 1095 57 30 Les
933 1095 99 40 draps
1045 1100 70 26 sont
1128 1095 125 39 grands
1269 1096 107 30 comm'
1389 1096 52 30 des
1455 1096 170 40 serviettes,

861 1143 31 30 Il
908 1144 50 38 n'y
974 1155 17 18 a
1009 1149 96 35 qu'un
1120 1143 67 31 seul
1204 1144 110 28 modèl'
1328 1146 30 35 je
1374 1146 93 39 crois,

861 1191 43 31 Et
919 1192 72 31 c'est
1004 1191 21 40 l'
1043 1193 90 30 chien
1149 1191 58 40 qui
1219 1191 61 30 lav'
1297 1192 46 30 les
1357 1194 143 30 assiettes

861 1240 28 30 A
908 1240 109 31 l'hôtel
1033 1244 41 27 du
1091 1243 130 28 numéro
1239 1240 89 30 trois.
1358 1240 89 40 (Bis.)

1218 1319 54 30 IV

861 1387 98 32 Notre
970 1394 110 37 potag'
1097 1388 71 32 roui
1172 1387 5 44 '
1193 1387 81 31 dans
1289 1398 47 19 ses
1351 1398 116 30 vagues

866 1434 80 31 Tant
963 1437 35 28 de
1016 1439 135 30 cheveux
1167 1446 58 31 que
1239 1436 119 40 chaque
1375 1439 79 28 mois

861 1485 57 30 Les
933 1486 112 31 clients
1061 1491 61 26 s'en
1131 1488 79 37 font
1218 1485 85 39 fair'
1319 1486 52 30 des
1388 1486 125 41 bagues,

860 1533 27 30 A
907 1533 110 31 l'hôtel
1030 1537 43 28 du
1089 1537 128 30 numéro
1234 1534 90 28 trois.
1356 1534 90 41 (Bis.)

1234 1615 30 28 V

862 1680 47 30 On
919 1690 24 28 y
958 1682 104 39 soign'
1075 1681 227 41 parfait'ment
1317 1687 58 26 vot'
1393 1682 158 38 chambre,

863 1727 53 31 On
932 1728 33 31 la
984 1730 96 30 balai'
1096 1730 87 30 mêm'
1200 1730 201 39 quelquefois
1411 1743 9 24 ;

860 1778 41 28 Et
915 1788 35 24 ça
969 1780 28 28 n'
1010 1783 69 26 sent
1095 1780 35 30 ni
1142 1778 21 31 l'
1180 1778 113 35 Lubin,
1315 1780 35 28 ni
1363 1780 130 31 l'ambre

860 1826 27 30 A
907 1826 109 31 l'hôtel
1032 1830 41 28 du
1090 1830 129 28 numéro
1234 1827 90 30 trois.
1356 1828 90 33 (Bis.)

1309 508 33 34 /'
1356 507 98 31 habit'
1467 509 77 38 près
1558 507 157 31 d'l'Ecol'
1731 507 35 30 de
1781 507 169 34 Méd'cine,

1311 557 57 28 Au
1381 557 151 40 premier,
1546 560 70 26 tout
1630 566 116 20 comme
1762 567 41 19 un
1821 556 164 39 bourgeois

1317 605 61 30 Un'
1394 606 126 30 demeur
1544 605 180 41 màgnifiqu
1737 628 8 15 ,
1763 604 116 40 divine,

1311 654 30 28 A
1361 654 107 30 l'hôtel
1487 654 40 30 du
1545 657 131 27 numéro
1693 653 90 30 trois.
1805 653 89 40 (Bis.)

2037 731 50 32 VI

1678 801 71 28 Une
1763 800 87 30 doue'
1859 800 181 38 fraternité
2055 801 105 38 règne,

1672 849 58 30 Les
1746 849 119 30 voisins
1872 860 25 28 y
1912 852 71 26 sont
1998 850 63 27 très
2076 848 150 38 courtois,

1671 899 45 30 ■Et
1731 909 79 20 nous
1826 908 97 20 avons
1938 901 69 26 tous
2022 898 28 28 le
2068 899 94 28 même
2173 896 117 41 peigne

1672 947 31 30 A
1722 947 107 31 l'hôtel
1846 948 41 30 du
1906 951 130 27 numéro
2053 948 89 30 trois.
2167 947 92 39 (Bis.)

2029 1028 66 30 VII

1671 1096 46 28 La
1733 1096 122 28 maison
1870 1096 93 27 s'rait
1977 1095 52 28 des
2040 1094 78 40 plus
2133 1095 194 39 tranquilles

1672 1144 39 30 Si
1724 1143 63 30 l'on
1805 1147 30 26 n'
1843 1143 113 39 jouait
1964 1148 63 34 pas
2043 1142 40 30 du
2100 1141 158 37 hautbois,

1671 1193 58 28 Du
1746 1202 54 19 cor
1814 1195 30 26 et
1859 1192 73 28 d'un
1950 1194 48 26 tas
2016 1191 210 39 d'ustensiles,

1670 1240 28 31 A
1719 1240 109 31 l'hôtel
1843 1240 41 30 du
1902 1243 130 28 numéro
2047 1240 89 31 trois.
2167 1239 90 40 (Bis.)

2015 1319 87 31 VIII

1670 1389 44 30 La
1730 1388 92 31 bonn'
1840 1388 78 30 n'est
1928 1393 63 35 pas
2008 1388 50 28 un'
2075 1389 64 27 très
2154 1388 69 30 bell'
2230 1389 91 40 fille,

1670 1437 91 30 Mais
1776 1448 78 19 nous
1871 1437 30 30 n'
1917 1441 110 26 tenons
2036 1441 64 35 pas
2115 1448 39 19 au
2174 1440 116 28 minois
2298 1449 12 26 ;

1672 1487 53 30 Ou
1743 1487 52 28 lui
1799 1487 71 39 fait
1884 1486 32 28 la
1932 1494 77 20 cour
2023 1495 35 19 en
2068 1487 135 38 famille

1670 1537 28 28 A
1717 1534 109 31 l'hôtel
1841 1534 41 31 du
1898 1537 129 28 numéro
2044 1534 89 30 trois.
2166 1534 89 40 (Bis.)

2024 1616 53 30 IX

1675 1683 122 30 Comm'
1804 1687 71 26 c'est
1878 1689 61 34 pas
1949 1683 94 30 d'l'or
2050 1684 51 38 qu'
2108 1683 61 28 not'
2179 1683 111 32 bourse
2295 1689 91 37 enfer
2389 1696 40 21 me

1669 1733 44 30 Et
1727 1735 50 37 qu'
1794 1742 78 19 nous
1887 1735 124 26 somm's
2030 1735 130 26 souvent
2174 1742 64 19 aux
2254 1735 97 35 abois,

1678 1781 30 30 Y
1721 1793 18 18 a
1750 1781 78 40 plus
1838 1783 148 37 personn'
2002 1781 32 28 la
2050 1780 85 30 veill'
2152 1781 41 28 du
2210 1785 96 31 terme,

1670 1830 28 30 A
1717 1830 107 30 l'hôtel
1841 1830 40 28 du
1899 1831 130 28 numéro
2044 1830 91 30 trois,
2164 1830 92 41 (Bis.)

2031 1924 37 30 L.
2098 1924 155 31 XANROF.

2499 1396 254 72 L'INFANT
2794 1396 69 72 DU
2911 1385 314 85 MÉCANICIEN

2512 1557 185 27 Jean-Marie
2722 1557 131 35 Legorec
2880 1558 73 27 était
2968 1566 41 19 un
3026 1559 74 34 petit
3131 1560 112 28 Breton

2476 1600 58 26 pur
2562 1599 78 26 sang
2655 1593 5 38 :
2679 1600 57 26 pur
2756 1600 81 19 cœur
2862 1593 34 27 de
2916 1593 92 27 chêne
3027 1594 144 30 .durci...
3189 1605 54 26 pur

2478 1626 149 38 granit...
2644 1626 26 26 Il
2687 1628 84 26 avait
2792 1629 93 27 douze
2909 1637 64 24 ans,
2991 1630 34 27 de
3048 1631 112 33 grands
3178 1632 50 26 che-

2476 1671 79 19 veux
2584 1662 110 26 blonds
2720 1663 132 33 bouclés,
2871 1672 59 18 une
2959 1674 77 26 peau
3065 1665 129 28 blanche
3217 1670 26 25 et

2474 1698 70 31 fine,
2572 1698 30 25 et
2629 1697 34 26 de
2693 1697 102 27 beaux
2812 1707 80 26 yeux
2921 1702 84 25 noirs
3031 1703 152 33 estompés
3213 1703 31 26 do

2474 1734 83 26 noirs
2583 1733 129 26 sourcils
2740 1735 60 25 très
2824 1735 131 33 épais...
2978 1736 35 26 de
3035 1736 54 26 cils
3112 1739 131 26 sombres

2476 1768 241 27 démesurément
2730 1768 98 33 longs,
2846 1770 159 26 recourbés
3019 1773 30 25 et
3061 1779 124 28 soyeux.

2512 1802 107 27 C'était
2644 1811 44 18 un
2712 1802 161 27 charmant
2888 1807 28 24 et
2940 1806 174 33 intelligent
3130 1808 113 32 enfant,

2476 1846 58 27 que
2546 1840 71 24 tous
2637 1838 45 26 les
2698 1839 155 34 employés
2868 1839 34 26 de
2924 1840 30 26 la
2970 1847 71 26 gare
3069 1841 34 26 de
3124 1841 119 30 Rennes

2476 1873 163 27 adoraient.

2510 1910 60 26 Son
2583 1909 76 34 père,
2679 1907 190 30 Yves-Marie
2885 1910 141 35 Legorec,
3044 1912 74 27 était
3144 1915 77 27 méca-

2476 1945 99 26 nicien
2637 1954 13 15 «
2666 1951 41 20 un
2724 1945 130 33 gaillard
2882 1946 85 27 franc
2982 1950 28 24 et
3039 1949 128 33 sérieux,
3195 1958 48 19 sur

2474 1980 99 34 lequel
2587 1987 39 18 on
2640 1980 128 35 pouvait
2783 1983 133 33 compter
2942 1993 13 15 »
3044 1984 131 27 disaient
3200 1985 44 26 les

2474 2016 138 33 rapports
2628 2015 51 26 des
2696 2016 198 33 inspecteurs.

2510 2049 38 27 Sa
2563 2049 87 33 mère,
2682 2057 59 19 une
2766 2052 185 33 Ivermaïdec,
2979 2062 116 26 pauvre
3126 2056 99 30 descen-

2476 2086 90 26 dante
2583 2085 87 27 d'une
2688 2086 52 27 des
2761 2088 70 33 plus
2846 2088 104 26 nobles
2978 2091 27 24 et
3022 2089 51 26 des
3089 2089 70 34 plus
3188 2099 35 18 an-

2476 2121 122 26 ciennes
2614 2121 132 26 familles
2761 2122 52 26 des
2829 2121 217 34 Cornouailles,
3076 2126 104 26 venait
3209 2127 34 26 de

2474 2156 115 26 mourir
2604 2163 37 19 en
2656 2157 137 27 donnant
2807 2158 27 25 le
2858 2159 70 32 jour
2943 2159 15 25 à
2991 2166 54 19 son
3074 2160 169 34 cinquième

2474 2191 113 27 enfant.
2606 2191 110 31 Quand
2731 2193 54 25 elle
2800 2192 106 32 vivait,
2940 2194 17 25 à
2975 2197 67 24 tous
3069 2194 45 26 les
3141 2196 93 27 Ker...

2478 2226 34 26 de
2529 2225 162 34 Bretagne,
2708 2228 54 26 elfe
2774 2228 84 26 avait
2872 2228 26 26 le
2914 2228 77 27 droit
3013 2230 34 26 de
3061 2230 63 27 dire
3139 2241 13 15 «
3169 2239 71 19 mon

2479 2262 105 26 cousin
2606 2271 24 22 »,
2644 2262 145 27 l'humble
2805 2262 106 28 femme
2936 2264 40 26 du
3007 2264 184 28 conducteur
3206 2268 35 26 de

2473 2297 208 26 locomotives.

2511 2331 195 33 Jean-Marie,
2721 2342 54 18 son
2796 2334 77 32 aîné,
2897 2336 84 26 avait
2994 2336 96 26 hérité
3111 2336 84 27 d'elle
3213 2337 27 26 la

2474 2375 79 26 peau
2570 2369 236 32 marmoréenne,
2820 2369 43 26 les
2880 2369 136 28 attaches
3030 2370 143 31 délicates
3189 2374 52 27 des

2474 2402 119 27 vieilles
2604 2411 92 26 races,
2715 2407 28 24 et
2757 2405 30 25 la
2803 2405 157 28 chevelure
2978 2408 201 32 orgueilleuse
3193 2409 50 26 des

2474 2439 203 26 descendants
2693 2440 51 25 des
2758 2440 155 26 «brenns»
2929 2444 28 24 et
2970 2443 51 26 des
3035 2443 206 32 druidess.es...

2474 2472 25 25 Il
2515 2473 93 30 avait,
2627 2473 34 25 de
2682 2479 54 20 son
2747 2474 78 32 père,
2841 2473 159 28 l'ossature
3013 2478 123 26 robuste
3157 2480 28 25 et
3197 2479 44 27 les

2472 2505 131 27 muscles
2619 2513 120 19 noueux
2752 2506 78 33 déjà,
2848 2510 28 24 et
2893 2509 26 26 le
2937 2511 111 31 regard
3061 2512 174 35 énergique,

2472 2555 19 5 -
2520 2548 48 18 ces
2580 2548 80 26 yeux
2676 2539 51 26 des
2743 2541 137 28 chouans
2906 2551 39 19 ou
2959 2545 51 25 des
3025 2545 174 35 belluaires,

2473 2575 105 35 qu'ont
2598 2575 92 33 aussi,
2705 2576 76 26 dans
2806 2577 43 26 les
2867 2577 83 27 nuits
2963 2581 145 33 sombres,
3126 2590 53 26 par
3198 2584 43 26 les

2473 2619 117 27 orages,
2617 2610 44 27 les
2693 2610 96 35 pluies
2803 2613 30 24 et
2854 2611 44 27 les
2919 2614 239 32 tourmentes...
3177 2627 60 19 aux

2473 2647 156 37 aguets...
2648 2647 43 27 les
2707 2647 198 28 mécaniciens
2921 2652 222 32 responsables.

2507 2683 40 26 Le
2575 2685 76 34 petit
2672 2683 182 27 Jean-Marie
2872 2683 131 35 Legorec
3019 2687 74 26 était
3107 2695 131 30 presque

2474 2720 138 31 toujours
2626 2720 26 25 le
2672 2720 129 33 premier
2812 2720 34 27 de
2857 2727 35 20 sa
2908 2721 105 28 classe.

2509 2753 38 26 Ce
2562 2753 122 34 jour-là,
2748 2754 97 26 c'était
2862 2764 40 18 un
2914 2757 85 34 jeudi
3015 2759 33 26 de
3072 2760 104 33 congé,

2472 2796 59 19 une
2546 2789 103 27 vieille
2665 2790 110 26 femme
2789 2790 135 33 soignait
2944 2793 44 26 les
3009 2797 157 31 marmots,
3193 2804 46 19 ses

2472 2823 93 27 frères
2581 2826 30 25 et
2624 2832 98 19 sœurs
2734 2833 6 24 ;
2757 2825 52 30 lui,
2823 2824 26 26 le
2864 2826 96 32 grand
2978 2837 13 14 «
3006 2836 71 25 gars
3094 2841 25 20 »,
3136 2832 102 32 partit,

2471 2858 44 26 les
2532 2859 99 26 mains
2649 2861 76 26 dans
2739 2868 46 18 ses
2805 2859 119 34 poches,
2950 2861 40 27 du
3014 2864 64 26 côté
3106 2864 39 26 du
3177 2865 46 27 che-

2472 2894 63 26 min
2551 2895 34 26 de
2606 2895 53 28 fer.

2556 2929 66 28 Ton
2637 2933 67 32 père
2718 2930 57 27 fait
2789 2930 27 27 le
2833 2931 74 28 «325
2924 2943 13 14 »
2955 2935 194 33 aujourd'hui
3165 2936 13 26 ?
3194 2936 45 26 lui

2472 2963 216 30 demandèrent
2702 2967 78 27 deux
2796 2967 136 28 hommes
2948 2969 146 37 d'équipe,
3107 2972 136 34 pendant

2472 3007 69 26 que,
2559 3008 52 19 sur
2624 3001 26 26 le
2665 3004 76 32 pont
2754 3002 33 25 de
2803 3002 120 34 l'Aima,
2937 3005 24 26 il
2976 3007 154 32 regardait
3146 3008 81 26 atten-

2471 3034 158 33 tivement,
2647 3037 17 26 à
2678 3037 51 25 dix
2740 3038 109 27 mètres
2863 3039 180 27 au-dessous
3065 3041 35 26 de
3129 3041 52 32 lui,
3198 3043 45 26 les

2472 3077 194 21 manœuvres
2681 3071 50 26 des
2748 3073 97 26 trains
2861 3081 38 18 en
2924 3074 213 31 formation...
3168 3079 18 25 à
3213 3078 31 26 la

2471 3105 128 27 batterie
2613 3106 170 33 d'aiguilles
2797 3107 51 26 des
2863 3109 99 33 lignes
2985 3111 35 25 de
3047 3112 193 33 Saint-Malo,

2474 3139 34 26 de
2523 3141 104 26 Redon
2643 3143 28 22 et
2686 3141 34 28 de
2734 3141 96 27 Brest.

2506 3175 184 27 Jean-Marie
2704 3183 32 19 se
2761 3177 146 26 détourna
2924 3180 27 25 et
2982 3180 102 28 releva
3107 3188 33 21 sa
3167 3183 72 33 jolie

2470 3210 59 26 tête
2543 3210 204 34 expressive...
2758 3211 76 27 dans
2848 3221 41 19 un
2897 3222 99 25 nuage
3009 3216 81 27 subit
3098 3216 35 27 de
3141 3217 100 28 fumée

1326 72 198 45 Supplément
1543 72 123 35 illustré
1680 72 44 34 du
1741 72 86 37 Petit
1841 73 125 34 Journal

3090 78 19 33 5
