3310 4893
74 171 738 80 CONTREBANDE

92 416 58 26 Sur
163 417 86 25 notre
269 415 151 31 frontière,
444 422 35 19 en
506 415 64 26 face
594 416 35 26 de
651 416 172 34 l'Espagne,

106 458 115 19 comme
236 457 41 20 un
288 450 87 26 chien
391 450 111 26 couché
519 451 84 26 entre
611 451 79 26 deux
704 451 118 31 bornes,

59 483 159 33 Querterac
239 485 91 33 garde
352 484 122 27 l'entrée
498 485 86 26 d'une
607 485 105 32 vallée,
742 488 81 32 porte

59 519 33 28 de
109 521 28 26 la
152 522 124 26 France.
295 521 25 25 A
334 521 93 26 droite
445 523 28 25 et
489 522 18 25 à
522 521 125 34 gauche,
664 521 31 26 la
709 523 96 24 monta-

59 562 66 26 gne,
189 563 44 18 un
252 555 118 26 instant
385 556 119 33 coupée,
569 563 204 19 recommence
790 563 33 19 sa

59 589 105 30 chaîne
180 594 162 24 monotone
360 592 220 26 indéfiniment.
599 591 162 31 Querterac
778 594 45 24 est

57 632 58 21 une
131 627 91 34 petite
237 627 72 26 ville
322 627 60 26 très
403 627 156 30 ancienne,
582 627 79 33 jadis
683 627 137 32 fortifiée,

58 660 99 33 isolée,
185 663 33 26 de
242 661 273 27 communications
536 660 155 37 difficiles,
716 665 30 24 et
769 664 54 33 qui

58 699 116 32 compte
191 699 47 25 six
257 698 83 25 mille
366 697 167 25 habitants.
562 698 69 25 Aux
656 698 163 32 alentours,

57 733 106 31 perche
183 741 52 18 sur
249 732 30 25 la
298 732 176 32 montagne,
495 732 122 33 réputée
631 735 115 31 neutre,
762 741 59 19 une

57 768 177 35 population
255 767 84 26 aussi
356 767 144 26 douteuse
524 768 34 27 de
579 776 113 19 mœurs
709 777 58 26 que
787 769 34 26 de

57 803 180 26 nationalité
254 802 5 33 :
285 802 138 33 mélange
450 803 118 32 confus,
596 811 66 18 race
689 804 51 25 dix
762 803 58 26 fois

58 839 109 26 croisée
184 839 34 26 de
234 836 145 32 Gascons,
400 837 34 27 de
457 837 146 35 Basques,
622 840 33 25 de
676 839 144 26 Catalans

57 874 28 25 et
102 874 33 26 de
155 873 191 32 Bohémiens,
374 873 73 27 dont
468 874 44 26 les
533 874 69 34 plus
618 874 102 26 chères
736 881 67 19 occu-

57 909 119 31 pations
193 909 70 25 sont
278 908 26 26 le
320 908 50 27 vol
385 917 38 19 au
437 909 97 33 grand
549 909 129 31 chemin,
700 915 38 19 ou
754 909 65 24 tout

58 948 38 21 au
109 945 98 27 moins
221 944 31 27 la
266 945 210 27 contrebande.

180 979 27 27 le
228 979 104 27 milieu
354 979 40 26 du
410 979 97 31 siècle,
531 978 106 26 soufflé
650 986 57 26 par
722 979 85 26 l'Afri-

57 1019 65 28 que,
135 1023 41 19 un
188 1018 72 24 vent
269 1015 34 26 de
318 1016 78 24 mort
412 1013 86 32 glaça
511 1012 171 34 l'Espagne,
698 1013 118 32 l'ltalie,

56 1050 67 32 puis
136 1051 30 25 la
178 1051 115 25 France
306 1057 7 18 :
330 1048 27 26 le
371 1048 129 26 choléra.

90 1084 84 26 Dans
200 1083 28 27 la
255 1090 176 26 campagne,
461 1083 77 26 dans
561 1083 43 27 les
631 1083 99 33 villes,
761 1093 58 19 une

56 1120 125 33 stupeur
195 1117 125 27 arrêtait
344 1117 26 26 le
396 1120 203 32 mouvement,
626 1119 30 27 la
676 1120 60 30 vie.
762 1121 57 26 Les

56 1153 157 28 habitants
226 1162 32 19 se
272 1154 223 27 barricadaient
510 1162 35 19 en
556 1155 73 26 vain
641 1156 102 25 contre
754 1155 52 26 l'in-

56 1188 107 28 visible
180 1189 120 27 ennemi
315 1189 52 35 qui
384 1198 31 18 se
428 1189 124 33 glissait
562 1191 254 31 traîtreusement,

56 1226 103 31 quand
174 1226 97 27 même
285 1233 54 27 par
352 1233 59 19 une
426 1227 83 33 porte
524 1226 214 31 entre-bâillée,
765 1233 40 27 par-

56 1257 41 30 les
113 1269 143 25 serrures,
272 1269 54 27 par
340 1260 44 27 les
397 1260 98 27 fentes
510 1261 241 35 insoupçonnées
767 1260 52 26 des

48 1293 79 30 (toits
141 1304 40 19 ou
195 1297 56 26 des
263 1297 164 26 murailles.
450 1297 170 31 Querterac,
648 1296 104 34 frappé
780 1303 39 18 au

54 1331 128 31 premier
194 1331 81 34 jour,
291 1331 112 26 n'offrit
409 1331 70 35 plus
494 1339 58 27 que
565 1332 52 25 des
630 1338 69 19 rues
723 1331 80 26 déser-

54 1365 53 32 tes,
138 1367 50 27 des
214 1367 137 26 maisons
379 1367 35 26 de
441 1368 76 26 haut
537 1375 37 18 en
598 1367 54 26 bas
679 1365 136 32 fermées,

54 1403 138 31 muettes,
211 1410 52 19 sur
278 1402 31 26 la
324 1402 130 27 défense.
472 1402 81 26 Ceux
572 1402 52 33 qui
647 1401 169 27 tombaient

54 1441 53 27 par
135 1437 45 26 les
201 1436 103 35 places
326 1436 157 26 n'avaient
507 1443 54 27 pas
586 1436 34 26 de
650 1442 122 20 secours
800 1436 18 26 à

56 1473 133 27 attendre
216 1481 6 18 :
252 1472 31 27 la
307 1472 74 35 pitié
409 1472 73 26 était
502 1473 96 25 morte
612 1470 31 26 la
663 1472 151 34 première.

53 1502 57 31 Les
144 1507 145 26 autorités
324 1506 104 27 civiles
467 1507 201 32 méconnues,
711 1507 89 34 mépri-

47 1541 79 33 sées,
152 1550 115 19 comme
286 1540 136 33 inutiles,
448 1548 115 20 comme
585 1541 229 35 impuissantes,

102 1578 53 27 nul
170 1578 116 34 compte
302 1577 104 27 n'était
422 1578 72 26 tenu
517 1578 51 26 des
593 1578 77 27 édits
691 1578 35 26 de
749 1586 53 18 sau-

54 1613 129 33 vegarde
209 1620 39 19 ou
276 1612 115 37 d'appel
418 1612 133 33 affichés,
589 1613 155 34 placardés
780 1620 37 19 en

53 1644 69 31 hâte
149 1657 52 19 sur
216 1649 44 27 les
286 1657 77 27 pans
391 1649 35 27 de
455 1657 94 25 murs,
580 1657 52 19 sur
653 1649 43 27 les
715 1651 102 32 portes

52 1683 120 27 mêmes.
187 1683 98 33 Seuls,
304 1684 146 34 quelques
467 1684 136 33 citoyens
614 1684 99 26 moins
726 1691 72 26 apeu-

51 1717 56 32 rés,
172 1719 27 27 le
215 1720 70 32 soir,
344 1719 104 34 quand
463 1719 26 26 le
503 1721 72 24 vent
587 1719 135 26 soufflait
735 1719 35 26 de
785 1719 30 26 la

51 1755 175 33 montagne,
257 1754 178 26 allumaient
470 1754 76 25 dans
569 1754 44 26 les
647 1754 168 26 carrefours

52 1786 164 30 d'énormes
231 1788 129 26 bûchers
376 1788 209 34 purificateurs
593 1788 73 26 dont,
676 1788 44 26 les
732 1788 66 26 flam-

50 1827 64 22 mes
128 1825 167 25 dansantes
309 1824 169 34 teignaient
493 1832 37 18 en
546 1832 66 18 rose
627 1825 119 25 intense
770 1824 43 26 les

50 1856 119 37 façades
187 1866 119 20 mornes
321 1860 51 26 des
384 1860 133 32 édifices;
535 1860 30 26 et
585 1859 28 26 la
640 1860 107 31 fumée,
777 1866 37 20 en

51 1898 30 20 se
96 1896 156 26 rabattant
272 1904 51 19 sur
350 1896 28 26 la
404 1896 81 32 ville,
511 1894 190 32 l'emplissait
724 1894 89 27 d'une

50 1925 228 39 insupportable
294 1933 30 24 et
339 1931 167 27 suffocante
522 1931 93 26 odeur
630 1931 34 26 de
685 1931 125 33 résines,

51 1962 32 28 <le
116 1967 148 33 goudron,
296 1967 92 34 qu'on
422 1967 141 34 respirait
592 1975 72 18 avec
704 1967 104 28 délice.

50 1996 105 31 C'était
171 2003 17 22 à
204 2003 74 24 cette
293 2001 91 26 heure
402 2003 145 25 nocturne
567 2002 85 26 aussi
678 2010 58 25 que
761 2002 52 26 des

50 2030 183 39 fossoyeurs,
255 2036 17 25 à
291 2036 195 33 grand'peine
506 2037 30 25 et
559 2036 18 26 à
595 2036 67 33 prix
681 2036 61 26 d'or
769 2043 28 19 re-

50 2072 106 32 crutés,
180 2070 170 27 enlevaient
370 2070 44 27 les
435 2073 93 24 morts
556 2070 34 26 de
620 2070 30 26 la
676 2072 133 33 journée,

48 2101 73 32 jetés
141 2107 263 34 précipitamment
430 2114 39 19 au
496 2106 135 31 cercueil,
663 2107 67 33 puis
761 2114 52 19 sur

50 2137 48 30 des
111 2141 175 33 charrettes,
351 2145 28 25 et
396 2151 47 19 ces
465 2141 201 27 lamentables
686 2141 124 27 convois

50 2178 228 31 augmentaient
292 2178 30 26 la
337 2179 141 33 panique,
503 2178 124 27 défilant
648 2186 38 18 au
711 2177 97 35 grand

48 2207 57 31 trot
120 2220 54 26 par
194 2212 44 26 les
257 2220 78 24 rues,
365 2222 76 26 pour
467 2220 116 26 gagner
599 2213 26 26 le
648 2212 158 32 cimetière,

48 2249 35 21 au
100 2248 81 27 Nord
200 2248 35 26 de
249 2246 169 33 Querterac,
436 2249 77 26 dans
535 2256 41 18 un
604 2248 67 26 coin
700 2246 106 32 reculé,

48 2282 48 30 qui
111 2283 141 27 devenait
268 2283 128 26 maudit.
413 2283 89 26 Ainsi
516 2283 44 26 les
578 2283 94 26 morts
687 2283 60 26 s'en
769 2282 28 27 al-

47 2310 91 33 laient
149 2317 91 32 seuls,
257 2317 204 32 abandonnés,
531 2320 38 30 et,
593 2317 126 27 derrière
741 2326 66 25 eux,

47 2349 77 30 leurs
141 2353 125 35 proches
291 2354 170 26 reniflaient
478 2354 51 27 des
550 2354 148 35 parfums,
725 2355 69 26 inon-

47 2381 99 33 daient
161 2388 65 26 leur
241 2389 76 26 seuil
333 2389 35 26 de
383 2389 156 34 vinaigres
555 2391 74 27 forts
647 2393 28 25 et
690 2391 35 27 de
746 2392 46 27 vio-

46 2417 76 32 lents
139 2424 122 27 alcools.

410 2484 31 25 II

78 2543 31 27 Si
122 2544 190 34 l'épouvante
322 2542 73 26 était
406 2550 72 18 sans
487 2543 119 32 bornes,
620 2544 187 33 sil'égoïsme

45 2575 71 31 était
138 2587 135 27 sauvage
298 2578 76 26 dans
397 2577 31 26 la
446 2577 81 33 ville,
546 2577 31 26 la
591 2585 169 28 campagne
775 2589 31 19 se

46 2615 142 27 montrait
209 2616 69 34 plus
301 2614 69 27 folle
394 2621 115 25 encore,
539 2621 104 20 encore
667 2615 69 34 plus
767 2616 26 26 fé-

44 2649 72 27 roce.
135 2652 171 33 Lorsqu'un
322 2649 156 27 mendiant
503 2656 31 19 se
563 2650 165 34 présentait
746 2661 59 19 aux

43 2686 98 28 portes
154 2687 52 26 des
221 2688 109 25 fermes
343 2686 117 32 isolées,
472 2685 22 27 il
506 2686 73 27 était
595 2694 70 27 reçu
681 2688 15 26 à
713 2696 92 28 coups

44 2714 32 30 de
91 2722 122 32 pierres,
228 2721 18 26 à
261 2728 92 27 coups
369 2720 34 27 de
417 2720 83 34 fusil,
517 2721 44 28 les
578 2722 104 28 chiens
702 2725 104 28 lâchés

44 2758 58 24 aux
115 2757 126 34 jambes.
260 2757 77 27 Chez
354 2757 44 28 les
413 2766 144 26 paysans,
585 2759 30 26 la
639 2760 116 26 terreur
774 2770 31 18 se

44 2792 195 34 compliquait
253 2800 56 27 par
324 2793 31 26 la
370 2793 105 27 sottise
485 2803 7 22 ;
513 2794 22 25 il
552 2796 116 25 courait
684 2796 103 26 sourde-

43 2826 80 27 ment
148 2829 34 25 de
206 2829 128 34 perfides
354 2829 143 27 histoires
513 2826 5 37 :
535 2829 26 26 le
578 2829 128 31 choléra,
723 2837 60 18 mur-

43 2862 171 32 murait-on,
244 2864 104 26 n'était
372 2870 54 27 pas
454 2864 84 25 aussi
565 2863 141 26 méchant
729 2864 73 33 qu'il

43 2897 33 25 en
89 2897 84 26 avait
187 2897 74 31 l'air,
327 2897 69 26 bien
422 2897 51 26 des
493 2904 74 26 gens
591 2897 120 33 réputés
735 2897 50 26 cho-

43 2924 126 43 lériques
193 2931 113 26 étaient
331 2934 96 24 morts
455 2931 213 34 empoisonnés
691 2940 54 26 par
758 2941 41 19 un

43 2968 124 32 ennemi,
185 2975 73 19 avec
280 2967 34 27 de
334 2967 76 27 l'eau
424 2967 141 34 droguée,
585 2967 39 27 du
638 2968 72 34 pain
723 2968 77 34 pétri

38 2996 155 48 jd'arsenic.
223 3004 99 32 Enfin,
350 3002 45 27 les
422 3001 158 30 habitants
607 3004 33 26 de
656 3002 30 27 la
699 3004 99 35 plaine

38 3030 189 50 (redoutaient
255 3040 224 27 éternellement
504 3039 130 35 quelque
658 3041 141 26 mauvais

43 3073 72 35 coup
137 3076 81 26 tenté
322 3076 44 26 les
394 3083 100 26 gueux
517 3076 64 26 d'en
606 3076 84 33 haut,
722 3085 77 27 coup

41 3102 84 34 facile
144 3118 56 26 par
219 3118 31 18 ce
270 3111 132 25 désarroi
429 3111 135 33 général.
585 3111 57 26 Les
667 3120 13 15 «
698 3119 100 26 gueux

41 3137 61 33 d'en
123 3145 76 26 haut
215 3155 24 22 »,
256 3144 99 26 c'était
378 3146 76 24 cette
475 3145 178 33 population
669 3148 126 32 trouble,

40 3175 110 39 hichée,
167 3180 163 37 pêle-mêle,
347 3180 74 26 dans
442 3180 44 27 les
506 3182 84 25 trous
602 3181 38 27 de
657 3181 30 26 la
711 3190 64 19 mon-

40 3209 99 37 tagne.
154 3209 21 37 ..
197 3215 77 27 «Ah
286 3216 6 26 !
309 3215 117 27 ceux-là
441 3216 157 26 devraient
609 3216 70 26 bien
696 3224 102 20 crever

41 3242 63 33 t°us
116 3252 54 28 !...
189 3261 14 14 »
220 3252 89 26 Ainsi
320 3252 110 35 parlait
443 3252 31 27 la
488 3248 162 34 charité'.,.

71 3283 110 35 Certes,
196 3294 76 27 pour
286 3295 47 19 ces
350 3288 220 33 montagnards
591 3295 71 19 sans
685 3288 107 34 patrie,

39 3314 11 24 1
58 3322 136 26 occasion
220 3324 74 26 était
322 3322 85 27 belle.
438 3324 26 25 A
480 3326 117 25 travers
611 3324 44 27 les
670 3325 125 35 champs

40 3351 191 48 abandonnés
247 3359 52 32 qui
315 3358 331 33 s'embroussaillaâeal,
659 3360 43 26 les
712 3369 61 19 mou-

41 3385 72 39 lons,
130 3392 44 26 les
190 3392 123 26 chèvres
328 3393 28 25 et
381 3392 43 26 les
449 3393 99 26 bœufs
562 3396 130 26 erraient
707 3397 17 26 à
745 3397 38 27 l'a-

39 3424 129 46 venture,
183 3426 63 27 loin
261 3426 52 26 des
330 3426 112 26 ôtables
470 3429 28 24 et
528 3429 51 26 des
605 3438 97 25 pares.
719 3431 73 27 Vers

39 3462 24 20 m
86 3464 69 32 soir,
180 3463 38 27 ils
246 3462 195 35 s'appelaient
464 3462 43 27 les
533 3470 59 20 uns
612 3464 44 26 les
680 3469 117 31 autres,.

38 3495 51 27 Par
102 3497 51 27 des
164 3498 167 26 bêlements
347 3497 148 35 plaintifs,
510 3497 35 26 de
566 3497 90 33 longs
680 3503 96 32 mugis-

38 3530 126 31 sements
180 3535 118 27 tristes:
317 3534 145 26 l'instinct
477 3534 46 26 les
529 3533 106 27 faisait
643 3542 32 19 se
681 3535 113 30 former

37 3566 33 22 en
83 3568 221 35 troupeaux,—
318 3568 38 26 ils
370 3569 137 26 auraient
524 3568 80 26 suivi
618 3568 52 34 qui
693 3572 99 27 aurait

37 3599 19 21 v
57 3602 71 28 oula
138 3605 45 26 les
197 3605 152 31 conduire,
413 3607 27 22 et
461 3611 148 27 personne
633 3612 35 19 ne
693 3607 99 26 savait

37 3632 64 32 Plus
113 3640 17 26 à
146 3640 52 33 qui
213 3639 117 34 chaque
345 3639 116 26 animal
476 3640 191 33 appartenait
691 3640 87 28 réelle-

37 3670 85 31 ment.
141 3674 85 27 Dans
241 3673 51 28 des
307 3673 129 34 villages
452 3674 39 26 oà
506 3673 30 26 la
548 3676 78 25 mort
641 3674 73 27 était
724 3684 52 28 pas-

35 3704 53 48 sée,
119 3711 210 35 foudroyante,
404 3710 70 26 bien
501 3710 51 26 des
581 3710 135 28 maisons
732 3719 46 19 res-

35 3737 90 52 taient
141 3746 94 31 vides,
252 3745 31 28 la
295 3745 182 27 crémaillère
493 3745 181 34 supportant
685 3754 105 21 encore

34 3772 24 25 le
73 3777 152 31 chaudron
242 3790 39 18 au
307 3783 93 33 foyer,
418 3781 115 35 parfois
547 3781 31 27 la
592 3781 78 28 table
685 3789 104 21 encore

35 3811 99 37 Servie,
162 3817 66 25 tout
248 3823 37 19 en
309 3817 92 32 place,
469 3817 76 26 dans
560 3824 58 19 une
640 3819 132 34 interrup-

34 3843 60 32 tlQn
110 3852 145 27 soudaine
269 3850 73 26 delà
353 3853 48 26 vie
415 3861 52 18 sur
482 3853 120 27 l'entrée
618 3854 170 34 pétrifiante

35 3886 34 21 mi
85 3888 115 32 spectre
227 3886 170 28 inattendu.
428 3888 57 26 Les
510 3888 198 27 maraudeurs
738 3896 39 19 all-

35 3915 92 33 aient
142 3931 39 26 pu
196 3922 73 25 faire
295 3921 83 26 main
404 3922 89 27 basse
508 3933 53 17 sur
576 3933 47 18 ces
637 3926 151 33 héritages

37 3952 11 20 S
50 3956 52 25 an-s
118 3957 137 27 héritiers
272 3964 6 24 ;
293 3956 109 32 et,—la
416 3957 105 28 besace
537 3959 131 33 bouclée,
684 3960 104 28 lourde

73 3992 294 33 pleine,—regagner
380 3992 28 25 la
425 3992 130 27 hauteur
567 4002 37 18 en
613 3997 83 25 toute
707 3998 66 33 quié-

115 4036 7 21 ;
139 4036 38 18 ou
193 4026 97 27 même
306 4026 25 26 si
345 4025 165 37 quelqu'un
524 4028 34 26 de
575 4030 113 32 gênant
705 4032 83 25 avait

34 4054 34 30 dû
80 4064 152 31 survenir,
250 4063 43 27 les
309 4064 149 26 couteaux
471 4064 69 26 sont
562 4064 129 33 rapides,
759 4069 27 24 et

34 4091 13 20 a
50 4096 18 21 û
87 4098 107 27 milieu
206 4100 39 26 de
260 4103 69 24 tous
345 4107 47 19 ces
409 4100 104 32 morts,
528 4098 53 34 qui
598 4098 74 28 donc
689 4102 99 26 aurait

34 4128 12 18 c
48 4131 93 35 °mpté
158 4142 41 19 un
211 4135 126 26 cadavre
356 4135 33 27 de
405 4135 69 34 plus
482 4134 14 27 ?

39 4191 6 4 .
63 4162 80 34 Mais;
152 4169 45 27 liés
211 4176 103 25 gueux
328 4169 65 28 d'en
409 4170 76 26 haut
500 4179 35 19 ne
546 4170 182 33 bougeaient
735 4180 52 26 pas

33 4196 30 25 de
73 4200 85 32 Hautes,
169 4205 143 26 tanière»..
324 4206 177 34 Pourquoi?
514 4206 79 27 C'est
600 4206 89 35 qu'ils
704 4214 64 19 mou-

45 4237 77 30 ûient
130 4239 96 27 aussi.

61 4270 39 30 lis
116 4274 182 28 semblaient
311 4281 120 22 mwmw
439 4277 97 26 même
552 4278 77 27 dans
654 4279 51 26 des
722 4286 65 27 pro-

30 4303 136 37 Ppcfâflam
189 4312 73 33 plus.
291 4310 131 27 CTUfifiea.
450 4318 105 20 encore
576 4320 58 26 que
663 4317 123 31 partout

31 4338 129 35 mikrn-s.
190 4346 45 27 On
252 4355 37 19 me
317 4345 43 27 les
387 4345 100 28 saurait
506 4346 112 34 jamais
641 4356 128 28 soupçon-

30 4374 47 51 ne®
90 4382 32 25 si
131 4382 170 28 ELonaiiceti'X
324 4383 76 27 dams
422 4382 81 27 leurs
529 4383 85 25 trous
631 4390 6 22 ;
666 4391 39 19 on
735 4384 39 27 s'é-

41 4411 100 32 oiiaait
155 4419 21 25 à
188 4417 170 33 Qoeatsme,
373 4426 67 24 «ar,
448 4417 77 26 dans
549 4416 32 27 la
592 4416 81 33 ville,
704 4419 81 35 l'épi-
822 4411 1 43 ,

320 4453 175 35 s'éteigimit
502 4452 5 37 ;
526 4453 78 27 mais
624 4452 52 30 las.
700 4462 70 19 naoa-

40 4481 132 33 dgnards'
184 4488 194 34 persistaient
398 4488 234 35 opiniàtrêment
658 4489 18 25 à
702 4496 84 19 mou-
822 4481 1 43 :

41 4515 30 25 d'-
97 4520 45 28 On
171 4524 171 31 s'étonnait,
371 4533 39 18 on
441 4524 142 28 admirait
609 4524 97 30 aussi.
738 4525 46 27 On
822 4515 1 39 i

44 4551 118 34 dmirait
178 4559 66 27 leur
262 4559 78 34 piété
367 4567 74 26 pour
468 4560 44 26 les
527 4560 123 26 défunts
661 4560 53 34 qui
730 4560 54 26 fai-
822 4551 1 44 i

43 4586 38 26 mt
96 4599 66 26 que,
181 4593 117 35 chaque
330 4596 69 31 soir,
417 4597 74 25 trois
508 4604 38 18 ou
575 4597 107 34 quatre
711 4604 72 27 pau-
822 4586 1 45 i

44 4623 45 26 ''es
102 4629 136 28 voitures
266 4630 193 33 cahotantes,
490 4631 143 34 chargées
663 4631 35 26 de
725 4638 58 19 cer-
822 4623 1 43 i

24 4657 98 50 jdmls,
154 4665 113 26 suivies
299 4668 35 24 de
373 4665 156 34 pleureurs
563 4668 27 25 et
630 4667 34 27 de
702 4667 80 34 pieu-
822 4657 1 50 ]

38 4693 92 38 ®Uses,
154 4700 214 28 descendaient
400 4702 165 27 lentement
591 4702 44 27 les
663 4703 116 33 pentes,
822 4693 1 44 <

24 4728 150 34 Essaient
210 4736 44 26 lès
292 4736 149 27 barrières
480 4737 30 26 et
543 4737 168 33 gagnaient
744 4737 37 26 si-
822 4728 1 43 1

872 144 234 28 lencieusement
1148 146 27 27 le
1217 148 163 27 cimetière.
1427 148 38 26 Et
1511 148 104 27 l'ombri

872 180 39 27 du
940 181 128 34 lugubre
1091 183 126 33 cortège,
1248 190 59 19 aux
1346 183 109 26 clartés
1487 183 51 26 des
1567 183 47 27 bra

872 216 73 26 siers
965 223 119 27 rouges,
1119 226 30 18 se
1172 217 158 34 découpait
1364 219 93 31 noire,
1494 217 120 27 démesu

870 250 57 32 rée,
944 250 196 37 fantastique,
1157 261 52 18 sur
1222 253 44 26 les
1286 253 156 26 murailles
1460 254 155 26 tristemen

870 293 91 19 roses.
978 288 25 25 A
1024 289 44 25 cet
1083 291 111 32 aspect,
1221 288 43 26 les
1289 295 81 19 rares
1393 289 144 33 passants
1559 288 56 26 s'en

870 320 146 34 fuyaient,
1036 322 41 27 les
1100 324 100 26 mains
1227 331 39 19 au
1289 325 113 30 ventre,
1427 324 96 34 repris
1545 324 70 27 d'uni

869 357 113 27 terreur
996 359 154 31 nouvelle;
1170 360 30 26 et
1222 359 98 27 c'était
1341 360 15 25 à
1382 360 118 26 travers
1522 366 41 19 un
1585 360 30 26 dé

869 393 60 25 sert
944 394 240 32 quelesconvois
1194 396 30 25 et
1237 393 81 27 leurs
1326 397 131 24 escortes
1466 394 149 27 arrivaiem

868 435 38 18 au
922 428 53 27 but
987 429 34 27 de
1038 431 74 26 cette
1128 430 125 27 funèbre
1269 430 120 27 marche
1406 430 76 27 dans
1501 431 28 26 la
1546 431 69 27 nuit.

867 462 57 27 Ces
938 464 184 33 misérables,
1137 472 47 19 ces
1198 469 104 31 païens
1316 467 270 35 accompagnaient
1599 467 15 26 fi

867 497 148 30 dèlement
1030 503 30 24 et
1074 500 143 35 jusqu'au
1243 501 76 27 bout
1337 502 81 27 leurs
1430 503 105 31 morts,
1560 510 54 19 eux

926 536 103 32 quand
1057 536 22 26 il
1106 536 50 26 eût
1179 536 46 26 été
1250 536 26 26 si
1305 537 107 34 simple
1434 537 35 26 de
1487 539 76 33 jeter
1586 537 28 27 les

866 576 85 27 corps
969 579 59 19 aux
1042 573 139 31 torrents,
1206 580 60 18 aux
1290 573 106 26 ravins
1413 581 6 22 ;
1449 573 35 27 de
1498 574 43 26 les
1557 573 47 27 lais-

866 612 47 19 ser
928 613 59 19 aux
1002 607 98 34 loups,
1116 614 59 19 aux
1189 607 104 33 aigles.
1309 607 41 26 Le
1378 608 98 33 grand
1491 611 72 25 vent
1577 608 38 27 des

865 640 143 33 plateaux
1020 645 28 24 et
1069 644 51 26 des
1136 643 63 35 pics
1215 643 51 26 eût
1281 643 118 27 bientôt
1422 644 133 35 dispersé
1584 644 31 27 les

865 676 106 27 odeurs
986 676 244 37 corruptrices...
1252 678 78 27 Mais
1357 686 71 26 non,
1454 687 48 19 ces
1525 679 76 26 déshé-

865 711 80 32 rités,
971 719 47 19 ces
1033 712 178 35 vagabonds
1240 712 35 27 de
1302 713 31 26 la
1348 715 48 26 vie
1413 716 157 32 gardaient
1583 723 21 18 re-

865 745 210 34 ligieusement
1090 750 27 25 le
1143 751 116 32 respect
1271 749 34 27 de
1322 750 30 26 la
1367 750 102 27 tombe
1485 751 130 32 désignée

863 781 74 27 dans
954 783 30 26 la
1003 784 77 26 terre
1093 783 149 27 éternelle.

1219 855 44 27 111

898 918 40 26 Le
953 920 85 33 poste
1054 920 34 27 de
1103 919 30 27 la
1147 919 116 26 douane
1280 919 17 26 à
1309 919 170 34 Querterac,
1493 922 18 25 à
1535 928 79 19 cause

861 953 37 26 de
912 953 31 26 la
966 954 146 27 situation
1140 953 98 27 même
1254 953 35 26 de
1306 953 30 27 la
1351 956 81 32 ville,
1461 959 50 25 est
1533 957 81 27 d'une

861 990 190 32 particulière
1064 991 194 34 importance,
1276 992 39 28 et,
1333 990 191 34 d'ordinaire,
1540 992 74 26 obéît

862 1024 280 33 scrupuleusement
1157 1025 18 26 à
1195 1024 34 27 de
1253 1025 118 27 sévères
1393 1028 178 34 consignes;
1584 1026 31 27 de

861 1065 31 19 ce
908 1059 94 33 point,
1016 1061 45 27 les
1068 1059 293 35 gardes-frontières,
1375 1062 78 26 dans
1465 1062 52 27 des
1528 1062 86 27 allées

861 1096 30 22 et
911 1102 115 21 venues
1049 1095 208 32 continuelles,
1285 1096 180 28 surveillent
1494 1097 120 27 l'étroite

861 1129 105 32 vallée,
992 1131 65 26 seul
1084 1137 129 28 passage
1238 1134 116 30 ouvert,
1364 1134 84 26 entre
1474 1133 45 27 les
1543 1134 72 27 deux

860 1172 86 27 pays,
964 1174 53 19 sur
1044 1175 59 19 une
1126 1166 126 27 étendue
1280 1167 34 27 de
1341 1169 150 32 quarante
1509 1168 105 26 lieues:

860 1201 123 32 partout
994 1201 131 32 ailleurs,
1142 1201 51 26 des
1208 1208 67 19 rocs
1289 1202 17 25 â
1318 1202 66 34 pics
1397 1211 40 18 ou
1450 1204 52 26 des
1515 1205 99 25 ravins

860 1234 206 30 formidables.
1082 1237 86 31 Mais,
1185 1244 39 18 au
1230 1238 98 33 temps
1342 1237 37 26 de
1394 1237 176 35 l'épidémie,
1586 1247 28 19 ce

861 1270 47 26 fut
934 1270 28 27 la
992 1274 78 25 mort
1090 1273 52 33 qui
1155 1272 67 26 vint
1250 1271 165 28 elle-même
1435 1273 115 26 relever
1576 1273 39 26 les

860 1305 162 28 douaniers
1051 1309 34 26 de
1114 1307 80 26 leurs
1224 1305 130 28 factions
1380 1307 197 33 habituelles;
1592 1310 22 26 le

859 1342 85 32 poste
960 1350 37 19 ne
1012 1344 47 26 fut
1081 1351 54 27 pas
1152 1342 66 31 plus
1230 1343 131 34 épargné
1378 1351 59 26 que
1453 1344 30 26 la
1495 1351 66 25 rue;
1583 1352 32 19 en

860 1376 146 34 quelques
1020 1380 93 33 jours,
1123 1377 89 33 vingt
1224 1377 137 27 hommes
1374 1380 241 32 succombaient;

859 1410 90 33 alors,
966 1411 44 28 les
1023 1414 187 30 survivants,
1230 1413 128 32 aveulis,
1376 1416 116 32 gagnés
1509 1423 53 26 par
1590 1416 25 26 la

859 1447 141 34 panique,
1022 1449 189 34 négligèrent
1238 1448 65 27 leur
1328 1449 124 26 service.
1478 1449 47 27 Un
1551 1450 64 27 seul

859 1481 59 27 tint
943 1481 61 30 bon
1022 1493 6 18 :
1048 1493 43 18 un
1119 1485 122 32 sergent
1267 1482 178 33 chevronné,
1474 1483 28 27 le
1527 1486 87 27 vieux

859 1515 158 35 Valgenod
1043 1520 38 33 (Il
1106 1518 177 37 prononçait
1306 1519 200 35 Valgenode).
1539 1520 76 27 C'est

859 1560 58 26 que
932 1553 44 26 lui
989 1556 74 26 était
1078 1556 35 26 né
1129 1553 145 27 douanier
1289 1561 6 18 :
1307 1553 21 26 il
1341 1553 135 27 chassait
1486 1556 35 26 de
1535 1564 79 25 race;

859 1586 21 26 il
894 1586 112 30 flairait
1022 1599 41 18 un
1074 1589 230 30 contrebandier
1329 1590 76 27 trois
1429 1590 107 28 heures
1560 1592 41 26 d'a-

859 1630 94 20 va.nce
961 1631 6 24 ;
983 1625 18 26 à
1016 1626 47 26 six
1087 1625 93 26 lieues
1193 1631 43 20 un
1261 1624 96 27 ballot
1382 1625 37 26 de
1434 1625 90 28 tabac
1546 1626 69 27 l'eût

859 1657 56 26 fait
934 1659 145 27 éternuer.
1100 1661 73 26 Nuit
1188 1662 28 24 et
1241 1661 77 34 jour,
1385 1663 67 25 tout
1468 1670 38 19 en
1522 1663 77 27 décla-

856 1695 70 25 rant
941 1703 56 26 que
1015 1706 13 17 «
1045 1704 31 19 ce
1093 1696 90 27 serait
1202 1696 155 27 embêtant
1376 1704 78 27 pour
1469 1706 43 18 un
1526 1697 89 26 vieux

859 1728 129 34 gabelou
1002 1731 35 27 de
1046 1730 116 28 mourir
1176 1729 34 27 de
1225 1730 30 26 la
1270 1731 117 35 colique
1404 1742 13 15 »
1487 1733 22 26 il
1524 1734 77 26 conti-

857 1770 60 19 nua
944 1773 46 20 ses
1015 1768 118 31 rondes,
1159 1766 154 35 multiplia
1338 1775 48 19 ses
1406 1768 118 33 gardes,
1554 1776 46 26 pre-

856 1801 76 26 nant
946 1801 28 26 le
989 1804 70 25 tour
1071 1802 34 26 de
1121 1809 76 19 ceux
1208 1801 53 34 qui
1290 1804 201 33 manquaient
1504 1806 19 24 à
1546 1804 56 35 l'ap-

855 1834 57 34 pel,
979 1837 72 27 l'œil
1067 1846 71 19 sans
1154 1845 81 19 cesse
1248 1837 58 26 fixé
1320 1845 52 19 sur
1393 1838 31 26 la
1439 1840 176 33 montagne,

855 1871 115 34 repaire
983 1873 52 26 des
1050 1873 177 26 mécréants.
1246 1872 26 27 Il
1286 1872 43 27 les
1339 1873 187 27 connaissait
1535 1876 79 31 tous,

856 1912 47 19 ces
930 1906 243 34 nëgociants-lâ;
1204 1910 67 25 cent
1302 1907 66 32 fois,
1393 1916 57 27 par
1465 1909 52 26 des
1532 1911 83 25 nuits

856 1944 163 32 suspectes,
1035 1944 21 26 il
1070 1944 81 26 avait
1168 1944 56 26 tiré
1237 1951 51 19 sur
1296 1951 58 19 eux
1368 1951 117 19 comme
1498 1951 52 19 sur
1564 1944 51 27 des

854 1976 110 34 lapins,
983 1980 103 34 quand
1114 1980 22 25 il
1165 1978 43 26 les
1237 1980 169 33 apercevait
1433 1980 110 27 rôdant
1565 1989 33 19 au-

854 2013 70 25 tour
950 2013 34 27 de
1012 2015 31 26 la
1064 2015 80 31 ville,
1172 2014 77 26 dans
1264 2014 132 35 quelque
1413 2015 119 27 dessein
1554 2023 46 19 rna-

853 2047 185 31 léficieux...
1061 2060 12 15 «
1090 2050 58 26 Pas
1161 2056 43 19 un
1222 2056 35 19 ne
1273 2049 45 26 lui
1337 2049 105 27 faisait
1461 2050 27 27 le
1501 2047 109 39 p0i1...

854 2081 35 33 si,
904 2089 41 19 un
969 2087 196 32 peut-être...
1191 2092 39 19 on
1258 2093 38 19 ne
1322 2087 102 26 savait
1452 2094 102 26 pas...
1576 2087 39 26 ils

853 2118 113 28 étaient
983 2120 34 27 de
1033 2118 125 37 force...
1180 2128 13 15 »
1211 2120 115 27 Encore
1337 2128 43 19 un
1393 2121 100 31 vieux,
1506 2121 27 26 le
1546 2122 69 32 père

852 2152 135 34 Méritas,
996 2164 41 18 un
1052 2154 185 27 romanichel
1252 2156 14 25 à
1283 2156 78 26 bouc
1376 2157 71 33 gris.
1459 2156 156 34 Valgenod

852 2189 31 25 et
892 2187 44 27 lui
948 2192 123 26 avaient
1087 2192 26 25 si
1128 2192 129 25 souvent
1285 2190 77 27 lutté
1384 2191 34 26 de
1447 2191 109 26 finesse
1585 2192 30 26 et

852 2223 142 30 d'audace
1009 2233 58 27 que
1080 2229 69 24 tous
1165 2225 78 26 deux
1270 2225 208 32 s'estimaient,
1508 2226 15 25 à
1548 2225 66 27 leur

852 2259 141 28 manière.

937 2295 164 34 Valgenod,
1120 2295 98 35 quelle
1234 2296 126 27 canaille
1374 2296 6 26 !
1409 2296 92 27 disait
1525 2297 71 26 Méri-

852 2330 57 32 tas,
974 2339 72 19 sans
1061 2330 83 32 lui...
1162 2330 39 27 ab
1214 2330 5 32 !
1238 2340 72 19 sans
1325 2331 44 28 lui
1380 2330 52 32 !...

887 2367 38 27 Et
933 2366 165 35 Valgenod,
1116 2367 187 28 desoncôté:
1318 2368 159 27 «Méritas!
1488 2376 43 19 un
1539 2369 73 28 rude

852 2404 174 37 courtier...
1041 2404 40 26 Le
1091 2404 171 27 lendemain
1279 2405 35 26 de
1329 2412 51 19 ma
1394 2407 89 28 mort,
1498 2405 22 26 il
1545 2413 52 27 pas-

852 2446 66 18 sera
931 2439 118 26 Madrid
1059 2447 37 18 en
1109 2439 124 26 France,
1252 2448 14 15 »

886 2473 26 25 A
937 2473 28 25 la
991 2473 103 28 vérité,
1122 2473 124 25 Méritas
1276 2473 73 25 était
1378 2473 231 26 contrebandier

850 2513 112 18 comme
989 2505 157 33 Valgenod
1168 2506 74 25 était
1264 2505 154 32 douanier,
1435 2506 35 25 de
1499 2507 92 33 tempé-

849 2542 126 30 rament,
1005 2541 169 30 d'instinct;
1205 2539 100 26 c'était
1339 2548 33 19 sa
1400 2541 150 26 vocation.
1583 2541 26 27 Il

834 2565 1 45 [
849 2576 83 25 avait
946 2576 123 27 inventé
1084 2575 52 28 des
1159 2583 97 25 ruses,
1273 2575 52 27 des
1355 2577 200 33 stratagèmes
1571 2576 35 27 de

849 2610 96 35 génie,
963 2613 28 26 et
1005 2619 35 20 ne
1061 2610 99 28 s'était
1174 2611 110 35 jamais
1304 2611 92 27 laissé
1413 2611 193 37 surprendre;

848 2647 22 27 il
885 2649 74 26 était
972 2649 26 26 le
1012 2648 67 27 chef
1098 2656 132 19 reconnu
1247 2648 34 27 de
1304 2649 84 26 toute
1403 2648 30 27 la
1446 2649 116 34 troupe,
1578 2650 31 25 et

849 2692 54 19 son
931 2685 149 27 influence
1111 2685 157 28 s'étendait
1296 2685 70 35 plus
1391 2685 73 33 loin,
1487 2694 52 19 sur
1564 2686 44 27 les

846 2720 116 27 bandes
977 2721 142 26 errantes.
1139 2720 85 27 Dans
1238 2720 45 27 les
1296 2722 84 25 trous
1396 2721 35 26 de
1446 2720 32 27 la
1491 2724 99 24 monta-

847 2763 67 26 gne,
940 2756 22 25 il
1000 2754 146 26 entassait
1174 2754 43 26 les
1245 2756 237 32 marchandises,
1507 2757 98 32 tabac,

846 2790 112 30 étoffes,
974 2797 98 26 peaux
1085 2789 34 25 de
1142 2789 92 31 bêtes,
1248 2790 144 27 dentelles
1415 2792 189 33 espagnoles,

844 2825 152 25 nommées
1017 2824 136 28 blondes,
1168 2823 113 26 alcools
1289 2831 7 22 ;
1382 2826 38 30 et,
1437 2832 58 26 peu
1506 2828 18 24 à
1537 2833 66 25 peu,

843 2858 65 25 tout
924 2857 64 26 cela
1002 2856 163 32 s'écoulait,
1178 2857 112 26 entrait
1298 2865 38 18 en
1348 2858 116 26 France
1476 2867 6 24 ;
1495 2861 112 32 paroiL,

843 2893 150 26 comment
1003 2891 14 27 ?
1030 2891 26 27 le
1072 2890 99 28 diable
1185 2891 65 27 seul
1261 2900 35 19 en
1318 2894 187 26 connaissait
1521 2894 67 26 l'his-

841 2927 83 27 toire.

876 2962 85 27 Donc
976 2962 162 33 Valgenod.
1149 2965 30 26 et
1193 2963 124 28 Méritas
1343 2972 31 20 se
1389 2965 170 28 haïssaient
1574 2968 28 26 et

841 2998 206 30 s'estimaient.

1201 3072 41 27 IV

875 3144 40 26 Le
930 3141 150 28 troisième
1093 3142 71 35 jour
1179 3143 34 27 de
1233 3144 176 34 l'épidémie,
1426 3152 39 19 au
1481 3146 103 33 crépus-

839 3178 74 33 cule,
930 3176 165 34 Valgenod,
1113 3176 27 27 le
1155 3185 56 19 nez
1230 3187 39 19 au
1283 3182 81 31 vent,
1383 3181 45 25 vit
1441 3188 59 19 une
1515 3181 66 27 char-

839 3216 74 26 rette
935 3213 156 32 s'engager
1109 3211 76 28 dans
1211 3214 32 27 la
1263 3215 106 33 vallée,
1393 3223 40 19 au
1452 3223 54 27 pas
1527 3216 71 26 d'un

839 3250 93 28 mulet
944 3247 126 38 poussif,
1089 3249 30 25 et
1143 3255 31 19 se
1188 3249 112 34 diriger
1315 3250 78 27 droit
1406 3259 53 19 sur
1476 3250 43 27 les
1533 3260 50 26 por-

837 3288 45 25 tes
912 3285 34 27 d!e
970 3282 33 27 lia
1015 3281 80 27 ville.
1114 3281 137 30 Derrière
1266 3287 144 26 venaient
1430 3287 123 27 Méritas
1569 3288 28 26 et

837 3321 145 35 quelques
996 3318 184 35 dépenaillés
1194 3320 35 27 de
1239 3328 32 19 sa
1289 3324 87 30 sorte,
1385 3324 28 25 et
1430 3324 69 25 tous
1508 3322 71 27 chan-

837 3358 94 26 taient
947 3354 56 26 de»
1012 3360 143 26 psaumes
1169 3354 76 28 dans
1261 3365 41 18 un
1315 3358 98 33 patois
1428 3358 35 26 de
1478 3359 103 33 réprou-

837 3394 60 26 vés.
924 3391 45 27 La
981 3389 117 27 voiture
1122 3391 74 27 était
1218 3392 18 26 à
1260 3392 171 26 claire-voie
1440 3400 7 24 ;
1472 3392 34 26 de
1522 3392 72 33 loin,

836 3428 113 34 malgré
964 3425 31 26 la
1009 3424 67 27 nuit
1090 3425 167 34 tombante,
1269 3428 27 26 le
1307 3430 120 31 sergent
1439 3428 157 35 distingua

835 3464 30 27 la
878 3464 92 26 forme
985 3461 111 32 longue
1111 3459 72 28 d'un
1198 3463 136 27 cercueil.

918 3497 47 26 Ab
978 3495 5 34 !
1000 3495 40 26 ab
1051 3495 6 26 !
1074 3497 189 32 grogna-t-il,
1280 3506 39 19 on
1344 3498 84 26 crève
1452 3500 84 25 aussi
1556 3498 27 26 là-

834 3536 103 26 bas...
957 3530 22 27 il
993 3531 51 32 n'y
1062 3537 18 18 a
1101 3530 77 28 donc
1205 3541 56 27 pas
1290 3541 58 27 que
1376 3533 43 27 les
1448 3534 146 27 honnêtes

835 3578 74 27 gens
920 3568 61 27 ?...

870 3606 26 26 Il
911 3612 32 19 se
956 3607 111 26 rangea
1081 3607 78 27 pour
1182 3604 107 27 laisser
1309 3613 105 26 passer
1437 3605 27 28 le
1487 3606 109 26 convoi

834 3643 28 25 et
889 3639 86 27 salua
996 3634 229 32 militairement
1250 3640 77 33 (tout
1354 3641 79 25 mort
1455 3644 74 22 vaut
1552 3648 43 18 un

834 3676 90 31 salut,
940 3674 17 25 à
973 3679 30 20 ce
1016 3671 91 34 qu'on
1130 3673 64 35 dit).
1220 3674 120 27 Devant
1363 3676 43 27 les
1408 3671 2 38 :
1427 3676 168 26 bâtiments

834 3712 34 26 de
883 3712 30 26 la
931 3710 124 27 douane,
1074 3705 26 27 le
1114 3709 92 27 vieux
1221 3711 132 32 Méritas,
1371 3711 44 27 les
1431 3718 80 27 yeux
1527 3718 50 19 rou-

834 3755 52 26 ges
901 3745 74 27 dans
991 3750 33 20 sa
1037 3742 64 26 face
1115 3742 139 35 blanche,
1267 3745 69 28 leva
1348 3754 46 20 ses
1404 3745 112 35 grands
1524 3745 70 27 bras

834 3783 130 33 maigres
980 3785 38 18 au
1033 3777 53 26 ciel
1103 3780 30 24 et
1148 3781 143 34 sanglota
1303 3790 6 18 :

917 3816 48 26 Ma
980 3814 107 27 femme
1100 3811 5 32 !
1122 3821 50 20 ma
1186 3816 110 27 femme
1305 3816 6 26 !
1328 3824 51 18 ma
1393 3816 111 26 femme
1517 3811 5 32 !

912 3852 117 27 Pauvre
1048 3848 98 33 vieux,
1165 3850 33 26 fit
1211 3852 156 35 Valgenod
1377 3860 7 24 ;
1400 3854 28 25 et
1444 3852 21 26 il
1479 3853 115 26 alluma

834 3886 152 28 vivement
1003 3891 60 20 une
1078 3882 78 35 pipe,
1165 3882 2 35 ,
1175 3894 48 20 car
1237 3887 24 27 il
1283 3894 30 20 se
1333 3888 112 26 sentait
1462 3888 131 26 attendri

834 3926 14 25 à
863 3922 113 27 l'excès.

866 3959 86 26 Deux
966 3958 84 32 jours
1063 3953 69 35 plus
1148 3958 76 32 tard,
1246 3966 43 19 un
1303 3959 110 27 convoi
1428 3959 164 27 semblable

834 3992 132 28 tournait
983 3997 103 21 encore
1101 3990 31 27 la
1146 3996 167 32 montagne
1328 3996 31 25 et
1372 3993 125 26 Méritas
1517 4002 58 19 mar-

834 4030 78 27 chait
938 4032 104 22 encore
1069 4025 128 30 derrière
1211 4037 6 24 ;
1241 4030 180 31 seulement,,
1434 4031 76 25 celte
1524 4029 66 32 fois,

834 4072 48 19 sur
896 4063 30 27 la
939 4062 126 30 voiture,
1080 4059 24 27 il
1115 4069 21 27 y
1152 4064 84 26 avait
1248 4064 73 26 trois
1339 4064 151 27 cercueils.

913 4097 47 28 Ah
980 4104 35 26 ça
1028 4096 6 26 !
1058 4103 97 27 pensa
1172 4098 78 35 Va!g
1250 4096 2 38 :
1254 4101 84 31 enod,
1356 4100 71 26 c'est
1442 4108 43 19 un
1501 4101 72 26 abon-

834 4135 129 27 nement.
976 4135 22 27 ..

865 4169 78 30 Mais
958 4168 25 26 le
992 4167 91 27 vieux
1094 4169 230 28 contrebandier
1336 4169 117 27 hurlait
1462 4170 67 34 déjà
1539 4178 53 19 sur

834 4208 64 25 tous
913 4206 43 26 les
974 4205 78 28 tons,
1078 4209 73 20 avec
1174 4206 51 26 des
1251 4207 129 33 hoquets
1401 4214 131 26 rauques
1554 4213 41 19 eu

834 4240 182 28 s'arracliant
1032 4238 24 25 le
1072 4239 61 33 poil
1152 4238 5 38 :
1224 4241 64 26 Mes
1298 4240 51 28 .fils
1362 4238 5 38 !
1384 4248 65 20 mes
1460 4241 48 27 fils
1522 4238 5 38 !
1538 4240 52 35 qui

834 4286 43 18 me
891 4276 106 28 rendra
1011 4279 63 20 mes
1088 4273 48 27 fils
1149 4273 5 31 !
1168 4276 6 26 !
1186 4277 6 26 !

863 4312 40 26 Le
920 4311 119 33 sergent
1055 4309 87 27 salua
1157 4312 74 26 trois
1247 4312 67 32 fois,
1330 4313 28 25 et
1378 4312 26 26 le
1422 4315 85 33 poste
1524 4312 69 26 tout

834 4349 98 31 entier,
950 4344 92 34 rangé
1058 4351 37 19 en
1106 4344 124 28 bataille
1238 4348 27 26 le
1276 4346 72 35 long
1361 4348 51 27 des
1421 4348 103 35 grilles
1537 4355 54 20 .our
1604 4344 2 39 .

834 4384 103 31 vertes,
954 4390 31 19 se
994 4381 154 26 découvrit
1159 4383 189 32 pieusement
1362 4383 112 27 devant
1487 4383 30 27 le
1522 4383 66 35 poi-
1604 4381 2 38 :

834 4421 91 32 gnant
935 4415 151 34 désespoir
1097 4415 35 26 de
1148 4423 31 19 ce
1200 4419 67 32 père
1283 4426 37 18 en
1331 4417 100 27 délire.

862 4454 26 27 A
902 4453 96 37 partir
1013 4450 34 27 de
1063 4457 30 19 ce
1106 4450 79 34 jour,
1200 4454 69 25 tous
1294 4453 44 27 les
1354 4454 87 32 soirs,
1462 4454 111 34 réguliè-

834 4491 109 25 rement
969 4495 40 19 un
1037 4486 195 34 chargement
1266 4489 167 26 mortuaire
1465 4491 125 33 pénétra

834 4525 69 27 dans
927 4524 30 27 la
980 4521 79 30 ville.
1087 4521 133 37 Presque
1238 4522 116 35 chaque
1375 4525 69 32 fois,
1465 4526 124 26 Méritas

834 4560 65 26 était
915 4560 34 26 de
963 4559 142 27 l'escorte.
1130 4558 26 26 Il
1172 4558 176 34 s'avançait,
1370 4563 130 24 soutenu
1517 4567 71 19 sous

834 4594 35 27 les
887 4596 70 26 bras
976 4602 54 28 par
1054 4593 52 26 des
1119 4594 78 26 amis
1222 4594 125 27 voulant
1370 4597 102 25 suivre
1486 4594 103 34 quand

834 4631 96 32 même,
946 4631 170 33 invoquant
1126 4630 86 32 Dieu,
1225 4631 159 26 bénissant
1400 4631 44 26 les
1454 4631 131 31 défunts,

834 4665 129 35 pleurant
985 4674 52 18 sur
1064 4672 33 19 sa
1113 4665 142 27 destinée..
1277 4665 270 32 Successivement,
1565 4665 24 26 il

834 4703 109 25 enterra
970 4709 34 19 sa
1028 4701 118 33 femme,
1167 4709 48 19 ses
1235 4702 57 31 fils,
1309 4710 47 19 ses
1372 4702 86 32 filles,
1478 4709 46 20 ses
1538 4709 34 19 ne-

834 4744 135 25 veux,ses
983 4736 171 31 cousins.,.
1175 4736 48 28 Un
1239 4737 78 33 jour,
1339 4736 22 27 il
1378 4736 119 34 supplia
1518 4736 70 30 Val-

1677 151 98 32 genod
1804 152 35 25 de
1848 152 27 26 le
1904 154 76 31 tuer,
2008 154 35 25 de
2069 155 109 25 mettre
2205 154 43 26 fin
2263 155 18 25 à
2295 162 54 20 son
2365 162 54 19 mar-

1676 185 78 32 tyre.
1767 185 22 38 ..
1811 185 41 27 Le
1867 190 122 31 sergent
2003 188 116 27 haussa
2131 189 43 26 les
2190 190 171 33 épaules...
2386 190 51 27 «Il

1676 220 122 27 devient
1813 221 59 32 fou,
1891 222 89 33 dit-il,
1997 224 30 25 et
2041 223 24 26 il
2076 231 21 26 y
2117 231 18 18 a
2148 224 35 26 de
2198 224 74 34 quoi
2284 220 5 39 !
2306 235 14 15 »

1711 256 25 25 A
1763 256 128 34 présent,
1920 259 17 24 à
1965 257 80 27 force
2072 260 35 26 de
2126 259 85 35 pitié,
2237 260 24 26 il
2277 262 113 26 sentait
2406 269 31 19 sa

1676 291 99 27 vieille
1805 293 104 26 estime
1937 295 124 25 tourner
2082 302 37 19 en
2135 294 141 27 affection
2293 304 76 27 pour
2383 304 53 20 son

1676 327 105 26 ancien
1795 328 129 26 ennemi.

1709 361 71 27 Cela
1807 363 100 27 durait
1937 364 106 32 depuis
2070 366 74 27 trois
2170 367 161 27 semaines.
2361 367 76 28 C'est

1675 397 79 27 alors
1775 406 67 26 que,
1874 399 76 27 dans
1971 400 31 25 la
2022 399 83 33 ville,
2121 409 38 18 on
2184 402 144 28 s'étonna.
2348 404 71 31 Quer-

1674 433 80 25 terac
1765 433 107 27 sortait
1887 433 35 27 de
1938 443 33 19 sa
1991 437 131 34 torpeur,
2151 436 27 27 le
2209 438 61 26 mal
2296 439 141 26 semblait

1674 469 105 26 envolé
1789 478 8 24 ;
1814 470 44 26 les
1873 471 94 26 morts
1984 478 31 19 se
2024 471 143 26 faisaient
2184 472 34 26 de
2233 472 70 35 plus
2317 482 37 19 en
2367 475 70 34 plus

1674 511 80 19 rares
1766 513 6 22 ;
1794 504 44 26 les
1859 504 130 28 fenêtres
2011 514 31 19 se
2061 508 178 26 rouvraient
2251 517 7 22 ;
2269 517 40 18 on
2324 510 52 26 eût
2392 510 45 26 été

1674 541 65 26 tout
1754 541 17 25 à
1785 540 54 27 fait
1856 543 120 25 rassuré
1996 549 72 19 sans
2089 549 48 20 ces
2152 543 135 26 maudits
2310 546 124 26 convois

1672 576 135 26 arrivant
1832 576 40 26 du
1894 576 116 33 dehors,
2029 578 117 34 chaque
2164 579 69 31 soir,
2262 580 17 25 à
2294 580 31 27 la
2340 581 96 26 même

1671 611 99 32 heure,
1788 619 110 27 preuve
1915 612 183 27 lamentable
2119 621 57 26 que
2191 614 169 33 l'épidémie
2373 624 48 27 per-

1671 647 110 32 sistait,
1800 647 87 26 sinon
1909 647 74 27 dans
2002 647 30 27 la
2043 648 81 32 ville,
2152 651 66 24 tout
2250 658 39 18 au
2304 652 100 25 moins
2419 652 17 25 à

1670 690 47 19 ses
1746 684 145 33 portes...
1922 685 38 32 et,
1983 684 273 35 précipitamment,
2282 693 38 19 on
2342 687 78 25 conti-

1669 718 87 26 nuait
1787 719 18 25 à
1825 719 60 26 fuir
1906 719 169 34 l'approche
2099 719 51 27 des
2171 720 183 33 contagieux
2374 730 46 19 cor-

1669 754 91 33 tèges.

2036 817 26 24 V

1702 888 47 27 Un
1767 889 67 32 soir,
1900 896 31 19 ce
1958 889 46 26 fut
2021 889 26 26 le
2070 889 128 32 dernier,
2282 893 76 26 trois
2370 893 46 27 voi-

1667 924 92 32 tures,
1785 932 113 19 comme
1929 925 183 31 d'habitude,
2144 925 237 30 franchissaient
2405 928 27 26 le

1664 960 76 33 pont
1767 960 34 27 de
1825 960 131 33 l'octroi;
1982 967 59 20 une
2068 960 110 32 d'elles,
2211 960 31 26 la
2272 964 155 33 première,

1663 996 145 26 accrocha
1826 996 32 26 la
1872 996 102 33 borne,
2002 996 26 26 le
2050 996 96 27 mulet
2167 996 110 33 recula,
2309 999 38 31 et,
2378 1006 53 20 sur

1664 1037 59 19 une
1750 1031 122 27 défense
1896 1032 165 34 imprévue,
2100 1031 30 27 la
2158 1031 150 28 charrette
2341 1042 90 19 versa

1663 1071 57 20 son
1735 1068 138 30 contenu,
1950 1067 79 26 deux
2052 1065 152 32 cercueils,
2269 1076 59 19 aux
2343 1070 84 34 pieds

1662 1100 38 27 de
1715 1100 163 37 Valgenod.
1911 1102 84 27 Dans
2022 1102 30 26 la
2075 1101 98 32 chute,
2203 1109 43 19 un
2271 1104 156 27 couvercle

1663 1136 111 26 tomba.
1787 1136 138 27 Aussitôt
1933 1136 125 28 Méritas
2073 1139 27 25 et
2113 1137 71 26 tous
2198 1136 45 26 les
2258 1139 167 34 pleureurs,

1663 1174 131 25 ouvrant
1806 1172 45 27 les
1865 1172 71 27 bras
1959 1180 116 20 comme
2100 1172 35 27 de
2163 1173 113 33 grands
2302 1175 125 27 oiseaux

1663 1206 80 27 leurs
1759 1207 83 32 ailes,
1872 1208 198 26 s'envolèrent
2083 1215 69 19 vers
2174 1207 30 26 la
2233 1211 168 33 montagne
2415 1219 7 22 ;

1663 1243 28 25 et
1721 1241 163 34 Valgenod,
1916 1243 135 34 stupéfié,
2070 1243 18 26 à
2112 1241 28 27 la
2166 1241 84 35 place
2280 1245 71 27 d'un
2379 1253 31 19 ca-

1663 1277 91 27 davre
1783 1279 203 33 empoisonné,
2015 1278 112 27 devant
2158 1277 103 35 lequel
2300 1280 22 26 il
2352 1280 60 26 s'en-

1662 1312 99 34 fuyait
1776 1312 76 34 déjà,
1879 1312 45 27 vit
1937 1313 99 27 rouler
2047 1312 76 27 dans
2146 1320 47 19 ses
2216 1313 119 34 jambes
2352 1324 56 27 qua-

1662 1349 44 25 tre
1722 1346 110 27 ballots
1859 1349 37 27 de
1924 1348 228 28 marchandises
2172 1349 250 35 soigneusement

1662 1383 172 34 étiquetées.

1696 1417 26 26 Il
1736 1419 61 26 cria
1813 1427 6 18 :
1837 1429 15 14 «
1867 1420 70 26 Aux
1948 1427 97 20 armes
2061 1417 6 27 !
2082 1429 14 14 »

1696 1454 41 27 Le
1753 1456 84 33 poste
1852 1456 157 31 accourut;
2035 1456 67 33 trop
2132 1455 77 32 tard,
2237 1455 45 27 les
2309 1460 99 26 contre-

1659 1489 141 26 bandiers
1815 1491 112 26 étaient
1956 1489 71 26 lom.
2060 1489 46 26 On
2133 1489 110 27 fouilla
2265 1492 46 27 les
2341 1494 78 27 deux

1661 1526 102 25 autres
1775 1526 143 32 voitures,
1936 1527 67 25 tous
2019 1525 43 26 les
2076 1526 144 26 cercueils
2236 1534 6 18 :
2258 1534 40 20 on
2315 1530 110 26 trouva

1659 1561 122 32 partout
1795 1567 59 19 une
1871 1560 157 34 cargaison
2059 1560 175 33 semblable,
2250 1563 174 33 également

1659 1594 149 34 déguisée.
1828 1596 157 34 Valgenod
2004 1596 151 27 s'arracha
2173 1596 44 27 les
2233 1597 185 31 cheveux...

1693 1631 99 32 Alors,
1818 1639 39 19 on
1885 1633 51 25 eut
1958 1632 31 26 la
2004 1632 57 26 clef
2088 1632 39 26 du
2148 1632 143 33 mystère,
2309 1633 99 37 l'expli-

1659 1667 100 26 cation
1775 1667 37 26 de
1826 1675 48 19 ces
1890 1669 94 25 morts
2014 1665 191 35 multipliées,
2225 1668 35 26 de
2275 1677 52 19 ces
2341 1671 66 33 pieu-

1659 1709 48 19 ses
1722 1701 175 28 funérailles
1919 1710 7 19 :
1946 1704 59 26 Pas
2017 1710 44 18 un
2081 1711 13 14 «
2117 1709 100 26 gueux
2229 1703 66 27 d'en
2319 1704 76 27 haut
2406 1715 14 15 »

1658 1736 116 27 n'avait
1788 1737 157 27 succombé
1956 1746 7 24 ;
1990 1737 123 26 Méritas
2135 1737 116 27 n'avait
2269 1741 97 33 perdu
2391 1741 32 26 ni

1658 1772 119 32 femme,
1802 1774 32 25 ni
1853 1773 58 31 fils,
1939 1773 31 26 ni
1991 1773 94 31 filles;
2113 1774 70 26 tous
2204 1774 45 27 les
2267 1776 152 32 cercueils,

1658 1808 100 26 entrés
1793 1808 76 26 dans
1896 1808 159 31 Querterae
2080 1815 53 27 par
2167 1808 116 28 l'octroi
2314 1812 105 31 même,

1658 1841 102 28 salués
1781 1851 53 26 par
1856 1843 43 26 les
1929 1843 171 32 douaniers,
2128 1852 54 27 par
2203 1845 167 35 Valgenod,
2394 1846 27 27 le

1657 1879 136 33 premier,
1812 1877 84 27 hélas
1909 1878 6 26 !
1937 1879 112 27 étaient
2068 1879 126 27 bourrés
2212 1880 35 26 de
2264 1881 155 33 dentelles,

1658 1912 141 27 d'alcools
1813 1915 28 25 et
1858 1913 33 26 de
1905 1913 97 27 tabac.
2021 1916 24 25 A
2061 1917 117 25 travers
2207 1916 43 27 les
2280 1925 70 19 rues
2374 1918 31 26 dé-

1659 1950 103 31 sertes,
1780 1957 71 18 sans
1876 1949 113 28 crainte
2016 1951 34 26 de
2067 1952 167 32 rencontre,
2251 1952 39 26 ils
2307 1952 112 27 étaient

1658 1984 139 26 conduits
1812 1984 74 26 dans
1911 1993 58 19 une
1991 1985 119 26 maison
2127 1985 34 26 de
2178 1987 85 32 recel,
2281 1996 60 18 aux
2354 1996 50 27 por-

1658 2022 44 24 tes
1720 2020 39 26 du
1785 2021 150 27 cimetière
1946 2028 7 25 ;
1981 2021 104 35 quand
2106 2029 39 19 on
2166 2030 21 26 y
2218 2023 133 33 pénétra,
2381 2031 38 18 au

1658 2062 87 19 cours
1761 2056 34 26 de
1811 2056 157 33 l'enquête,
1984 2056 57 26 elle
2067 2056 73 26 était
2159 2056 69 27 vide
2249 2066 39 19 ou
2316 2060 18 25 à
2362 2067 57 26 peu

1656 2089 78 33 près.
1752 2089 113 27 Toutes
1878 2091 44 26 les
1949 2092 237 31 marchandises,
2202 2093 117 35 chaque
2339 2095 78 33 jour,

1656 2132 40 18 au
1711 2125 50 25 fur
1773 2126 31 26 et
1814 2126 18 25 à
1853 2133 128 24 mesure,
2000 2127 123 26 avaient
2138 2127 48 26 filé
2203 2134 53 20 sur
2274 2130 43 26 les
2333 2137 70 27 gran-

1656 2160 52 25 des
1723 2159 100 28 villes.
1844 2160 40 26 Le
1910 2160 118 26 choléra
2057 2161 83 26 avait
2157 2164 80 27 servi
2250 2166 19 25 à
2284 2166 131 33 quelque

1656 2193 97 27 chose.

1690 2231 26 25 A
1744 2232 74 25 cette
1846 2231 188 34 découverte,
2065 2233 84 25 toute
2160 2232 31 27 la
2207 2235 72 28 ville
2300 2236 47 26 fut
2374 2244 30 19 se-

1655 2267 89 25 couée
1760 2265 70 27 d'un
1845 2267 52 26 fou
1911 2268 67 32 rire,
2042 2270 30 25 et
2082 2268 31 27 la
2122 2269 60 34 joie
2196 2271 74 26 était
2282 2271 137 26 d'autant

1654 2301 69 35 plus
1737 2302 148 33 vibrante,
1898 2304 193 32 exubérante,
2104 2306 165 34 tapageuse
2287 2315 39 18 au
2336 2307 81 34 plein

1655 2336 54 33 air,
1720 2336 90 35 qu'on
1826 2347 30 19 se
1870 2341 122 32 sentait,
2004 2342 76 25 cette
2093 2340 66 33 fois,
2177 2341 241 28 définitivement

1655 2372 159 32 délivré...

1689 2408 44 26 De
1748 2412 76 25 cette
1839 2411 91 27 heure
1945 2412 126 32 néfaste,
2086 2413 158 33 Valgenod
2263 2415 70 32 jura
2348 2421 66 26 que,

1654 2443 47 25 s'il
1722 2446 105 31 voyait
1852 2453 106 25 passer
1971 2454 44 17 un
2043 2447 157 33 squelette,
2223 2447 22 26 il
2263 2447 46 26 lui
2326 2447 91 26 ferait

1650 2479 156 25 retourner
1825 2486 47 18 ses
1894 2479 158 33 poches...
2078 2480 24 25 Il
2126 2480 102 26 devait
2250 2480 83 26 aussi
2348 2481 67 25 tuer

1650 2510 78 27 deux
1757 2519 38 19 ou
1821 2512 74 26 trois
1920 2512 58 27 fois
2007 2513 133 26 Méritas.
2171 2513 78 27 Mais
2269 2515 27 26 le
2322 2515 91 26 vieux

1649 2544 125 27 bohème
1793 2548 30 25 et
1841 2555 35 18 sa
1891 2546 98 27 bande
2004 2549 53 25 ont
2076 2549 98 34 quitté
2200 2557 31 19 ce
2244 2550 69 26 coin
2333 2549 34 27 de
2383 2550 30 25 la

1650 2581 174 35 montagne,
1841 2582 118 28 devenu
1978 2584 67 34 trop
2060 2584 175 33 dangereux
2255 2591 60 19 aux
2333 2593 60 27 mys-

1649 2616 176 30 tifications.
1838 2616 21 41 ..
1879 2617 43 28 Us
1937 2627 32 19 se
1987 2621 69 26 sont
2070 2621 115 33 retirés,
2256 2622 86 35 après
2356 2622 44 27 for-

1650 2653 71 27 tune
1735 2653 80 28 faite.

2020 2721 132 26 Maurice
2172 2721 185 27 MQNTJS&OT.

1885 2856 79 19 MOTS
1994 2856 79 19 POUR
2099 2857 73 19 RIRE

1682 2902 54 28 Un.
1743 2903 63 26 mot
1820 2903 133 27 d'enfant
1972 2902 5 28 :

1681 2939 84 28 BéM
1773 2947 18 20 a
1806 2940 70 35 cinq
1891 2947 56 20 ans
1962 2941 28 26 et
2007 2948 33 19 sa
2054 2941 83 27 mère'
2147 2947 170 20 commence
2334 2941 18 25 à
2363 2940 44 27 lui

1645 2978 138 25 montrer
1791 2974 163 38 l'alphabet
1964 2985 8 22 ;
1989 2976 80 27 mais
2078 2976 89 32 Bébé,
2179 2976 52 35 qui
2246 2975 106 27 s'irrite
2366 2975 28 26 fa-

1645 3012 149 32 cilement,
1811 3012 102 26 donne'
1922 3012 131 26 soudain
2070 3012 48 26 las;
2131 3012 106 33 signes
2251 3012 87 26 d'une
2363 3012 30 26 fu-

1643 3054 71 20 reur
1729 3048 183 27 concentrée.

1726 3083 97 33 Alors,
1839 3084 37 26 tu
1885 3091 37 19 ne
1935 3090 83 20 veux
2027 3090 56 27 pas
2098 3080 167 37 apprendre
2276 3079 17 27 ï
2304 3079 46 28 lui
2359 3080 32 27 de-

1643 3118 109 27 mande
1767 3126 35 19 sa
1817 3119 89 26 mère.

1722 3155 78 31 Non,
1817 3156 30 33 je
1858 3162 38 19 ne
1910 3162 80 20 veux
2013 3161 54 27 pas
2091 3152 175 35 apprendre,
2291 3151 116 35 répond

1641 3191 213 32 rageusement
1867 3189 126 30 Bébé..,,
2009 3190 30 33 je
2053 3196 80 20 veux
2150 3187 117 28 savoir!

1641 3527 53 47 LA
1713 3526 235 58 QUESTION
1975 3528 87 50 DES
2088 3528 307 51 PLACEMENTS

1670 3648 105 30 Voyons
1787 3645 167 27 maintenant
1970 3650 135 24 comment
2122 3656 27 19 se
2163 3651 60 24 sont
2235 3648 165 30 comportées

1636 3677 116 32 pendant
1766 3677 66 24 cette
1851 3677 86 26 même
1954 3679 109 30 période
2076 3680 39 24 les
2127 3681 102 24 actions
2242 3679 26 25 et
2282 3679 38 25 les
2335 3679 53 26 obli-

1637 3709 103 31 gations
1759 3706 45 25 des
1818 3707 112 30 grandes
1944 3710 174 32 Compagnies
2131 3711 32 25 de
2174 3711 118 25 chemins
2307 3710 31 26 de
2350 3711 47 32 fer,

1635 3739 46 31 qui
1697 3737 96 26 offrent
1807 3743 54 19 aux
1871 3738 143 26 intéressés
2027 3743 25 22 et
2068 3743 24 22 la
2113 3743 117 30 garantie
2242 3743 32 24 de
2287 3742 78 25 l'Etat
2374 3743 26 26 et

1635 3770 65 25 celle
1713 3769 79 25 d'une
1804 3768 216 27 administration
2034 3772 14 22 à
2059 3772 76 25 l'abri
2151 3775 32 24 de
2196 3774 58 25 tout
2269 3778 129 27 soupçon,

1635 3800 117 33 agissant
1763 3806 64 18 sous
1841 3800 24 24 le
1878 3801 120 25 contrôle
2011 3801 37 26 du
2061 3804 216 28 gouvernement.

1667 3831 19 24 Il
1701 3830 58 24 faut
1772 3836 154 24 remarquer
1941 3831 32 24 ici
1994 3839 51 24 que
2059 3834 39 26 les
2111 3834 172 33 Compagnies
2296 3834 32 25 de
2340 3835 45 25 che-

1635 3862 71 25 mins
1720 3861 32 25 de
1760 3860 41 26 fer
1812 3867 34 19 ne
1858 3861 63 25 sont
1932 3868 46 25 pas
1991 3863 174 30 aujourd'hui
2174 3872 102 20 comme
2287 3866 26 24 la
2326 3867 73 26 rente

1635 3893 67 26 dans
1716 3898 52 19 une
1788 3892 130 26 situation
1944 3893 136 33 identique
2104 3896 14 25 à
2141 3899 64 24 celle
2232 3898 34 24 où
2294 3896 63 25 elles
2372 3905 27 18 se

1636 3924 151 26 trouvaient
1799 3930 34 17 en
1848 3925 67 22 1870.
1935 3925 59 24 Cela
2015 3926 67 25 tient
2096 3927 15 24 à
2133 3934 30 19 ce
2183 3934 50 25 que
2246 3927 46 24 des
2307 3933 92 19 causes

1635 3956 117 25 diverses
1765 3953 26 25 et
1805 3959 33 19 en
1852 3954 154 30 particulier
2020 3957 38 25 les
2069 3959 178 25 conventions
2261 3958 31 25 de
2307 3959 65 25 tW
2383 3966 15 25 y

1635 3986 47 25 ont
1696 3984 109 32 apporté
1817 3984 46 25 des
1874 3984 190 32 changements
2075 3991 141 25 sensibles.,
2228 3990 85 28 celles,
2326 3991 73 25 entre

1635 4017 98 28 autres,
1749 4016 124 25 relatives
1896 4017 15 24 à
1935 4017 26 24 la
1976 4018 184 27 modification
2172 4023 25 22 et
2212 4023 15 22 à
2241 4020 159 26 l'extension

1635 4049 32 24 de
1681 4048 71 24 leurs
1770 4046 119 24 réseaux.
1911 4048 40 24 En
1976 4049 85 31 outre,
2078 4050 98 32 depuis-
2192 4052 67 28 1870,
2274 4050 39 25 les
2327 4057 59 20 reve-

1633 4084 52 19 nus
1700 4077 46 25 des
1760 4076 120 26 chemins
1896 4077 32 25 de
1941 4078 40 25 fer
2000 4082 48 24 ont
2062 4082 39 25 été
2114 4083 93 31 grevés
2220 4082 124 30 d'impôts
2360 4084 26 24 in-

1635 4115 103 19 connus
1763 4108 143 33 jusque-là.
1931 4110 167 27 Néamnoins.
2115 4114 182 30 poursuivons
2321 4115 79 25 notre

1635 4140 185 31 comparaison
1834 4141 26 25 et
1873 4141 115 26 mettons
2000 4148 34 19 en
2046 4144 97 30 regard
2156 4146 38 24 les
2205 4150 79 19 cours
2294 4143 38 25 du
2340 4146 51 30 plus-

1633 4170 66 25 beau
1714 4172 119 25 moment
1845 4172 32 25 de
1889 4173 125 31 l'Empire
2027 4174 28 25 et
2063 4181 69 18 ceux
2145 4174 207 31 dfaujourd'hui.

2484 165 26 25 et
2524 167 40 24 les
2582 168 61 30 prix
2668 167 46 26 des
2733 168 168 31 obligations,
2920 175 35 19 on
2979 169 58 25 voit
3064 170 100 31 qu'aux
3193 172 57 31 plus

2484 196 78 26 hauts
2593 203 78 19 cours
2694 198 32 25 de
2747 200 60 24 1870
2835 206 38 18 un
2891 200 38 24 lot
2953 200 33 25 de
3011 201 43 24 six
3079 202 103 25 actions
3206 203 44 26 des

2484 228 111 30 grandes
2614 229 174 32 Compagnies
2812 229 32 26 de
2864 230 120 25 chemins
2999 230 33 25 de
3046 231 47 30 fer,
3151 240 54 18 une
3220 235 30 25 de

2484 259 117 25 chacune
2615 260 131 31 d'elles,—
2761 261 81 26 valait
2856 268 53 19 une
2921 268 103 19 somme
3035 261 33 26 de
3078 263 72 28 5,290
3167 263 43 31 fr.,
3226 266 24 24 et

2483 296 38 18 un
2533 291 38 24 lot
2580 291 33 24 de
2621 292 41 25 six
2675 292 162 31 obligations
2849 294 72 30 2,155
2934 294 78 25 fr.so.
3061 294 40 25 Au
3110 294 26 25 31
3149 294 84 26 décem-

2481 320 47 26 bre
2543 321 113 31 dernier,
2670 322 94 25 l'achat
2780 324 32 25 de
2832 331 43 18 ces
2888 325 99 25 mêmes
2999 325 103 25 actions
3123 326 113 26 nécessis-

2481 352 48 25 tait
2544 359 38 18 un
2589 353 116 25 débours
2719 354 32 25 de
2765 356 72 30 8,057
2848 356 33 24 fr.
2890 357 38 28 50,
2942 357 25 24 et
2980 357 39 25 les
3032 357 44 25 six
3087 357 162 31 obligations

2481 384 135 25 coûtaient
2634 385 72 28 2,663
2727 385 33 25 fr.
2783 386 73 25 Donc
2875 387 144 25 l'acheteur
3038 387 33 25 de
3091 389 67 30 1870,
3174 390 61 30 quoi-

2481 415 64 30 qu'il
2557 415 38 24 les
2610 411 45 28 eût
2670 416 66 30 payé
2750 416 53 25 très
2816 418 63 25 cher
2895 424 69 24 pour
2975 419 128 34 l'époque,
3122 419 39 25 s'il
3176 420 72 25 avait

2480 445 129 25 conservé
2624 451 41 19 ses
2675 446 83 31 titres,
2773 454 105 19 comme
2898 450 138 32 beaucoup
3051 450 66 26 l'ont
3131 450 57 32 fait,
3203 457 30 20 au-

2480 477 51 24 rait
2539 483 37 19 vu
2591 483 48 19 son
2650 477 94 32 capital
2758 478 89 25 action
2857 480 214 31 s'augmenterde
3079 483 70 28 2,767
3161 483 33 24 fr.
3208 483 39 31 50,

2481 508 52 25 soit
2559 508 31 25 de
2611 509 28 24 52
2655 509 27 24 31
2701 509 50 31 0/0,
2765 509 25 25 et
2816 516 48 19 son
2888 511 94 30 capital
3012 513 149 30 obligation
3187 515 48 25 s'ac-

2479 539 98 25 croître
2591 540 32 24 de
2635 541 45 24 507
2692 540 34 24 fr.
2743 541 38 30 50,
2798 541 52 24 soit
2864 541 32 25 de
2908 542 30 24 23
2947 542 31 25 59
2993 543 54 31 0/0.

2510 569 65 25 Bien
2588 576 52 25 que
2655 572 67 25 cette
2738 572 149 31 plus-value
2898 573 52 24 soit
2963 580 33 18 en
3005 581 146 25 apparence
3168 578 64 30 supé-

2479 600 87 26 rieure
2582 601 14 25 à
2608 602 65 25 celle
2686 602 33 25 de
2730 602 25 25 la
2766 604 83 30 rente,
2864 609 32 18 en
2913 604 91 25 réalité
3020 606 51 24 elle
3085 606 38 24 lui
3132 607 40 24 est
3188 607 59 26 tout

2478 638 34 17 au
2520 632 60 30 plus
2593 633 176 31 équivalente,
2783 640 51 25 car,
2849 634 15 25 à
2878 634 124 25 l'inverse
3012 635 35 24 du
3061 643 103 19 revenu
3180 638 32 25 de
3221 639 26 24 la

2478 663 83 30 rente,
2574 664 69 24 celui
2657 665 47 25 des
2718 666 103 24 actions
2832 666 32 25 de
2874 666 119 26 chemins
3007 666 32 25 de
3051 666 40 26 fer
3103 667 40 25 est
3152 669 78 24 subor-

2478 692 90 26 donné
2589 693 15 25 à
2624 694 46 25 des
2683 697 176 25 éventualités
2872 698 117 25 diverses
3001 698 26 25 et
3043 698 24 25 le
3081 704 100 19 revenu
3196 699 47 25 des

2478 724 169 32 obligations,
2666 726 72 24 aussi
2753 726 63 25 bien
2828 735 51 24 que
2904 730 69 24 celui
2999 730 45 24 des
3063 729 111 31 actions,
3203 731 40 24 est

2478 755 78 30 grevé
2572 755 63 26 d'un
2648 756 84 31 impôt
2747 757 47 31 qui
2809 764 32 19 ne
2849 758 79 26 laisse
2940 767 45 24 pas
2995 761 80 25 d'être
3090 759 53 25 très
3151 761 89 31 lourd,

2477 787 125 30 puisqu'il
2613 787 39 24 est
2666 787 32 24 de
2712 788 14 24 4
2740 789 46 28 0/0
2802 795 46 19 sur
2867 790 38 25 les
2920 791 74 25 titres
3007 790 157 26 nominatifs
3177 791 25 25 et
3210 791 31 26 de

2477 816 59 31 près
2549 816 31 25 de
2589 819 14 22 9
2617 819 30 24 50
2657 817 41 31 0/0
2713 823 46 19 sur
2773 820 39 24 les
2828 820 74 25 titres
2923 828 34 18 au
2969 823 118 28 porteur.

2474 959 262 65 MEMENTO
2772 961 74 63 DU
2875 964 358 65 CAPITALISTE

2520 1121 295 44 PAIEMENTS
2849 1122 64 40 DE
2942 1122 239 43 COUPONS

2498 1248 89 26 Suite
2609 1250 19 25 à
2652 1248 178 30 l'échéance
2852 1254 40 25 de
2916 1254 188 32 Septembre
3130 1254 74 26 1891

2467 1316 123 21 VALEURS
2621 1318 133 21 DIVERSES
2790 1320 175 26 FRANÇAISES
2993 1323 32 19 ET
3051 1318 182 25 ÉTRANGÈRES

2492 1365 107 26 Banque
2609 1365 165 32 Parisienne.
2843 1371 105 24 Actions,
2973 1376 91 21 coupon
3077 1375 26 17 n°
3118 1372 34 21 39,
3164 1377 69 15 nom.

2466 1391 26 20 14
2507 1391 31 21 fr.
2555 1393 33 24 40,
2602 1398 31 15 au
2644 1396 61 24 port.
2719 1396 26 20 13
2754 1396 30 20 fr.
2791 1396 37 21 50.

2494 1417 208 25 Etablissements
2719 1422 76 21 Orner
2807 1423 115 27 Décugis.
2985 1424 105 24 Actions,
3105 1429 92 21 coupon
3208 1428 25 17 n°

2466 1444 32 25 12,
2510 1450 65 15 nom.
2591 1447 12 19 6
2616 1447 28 20 fr.
2659 1449 33 21 75,
2706 1454 31 17 au
2748 1450 61 25 port.
2826 1450 12 20 6
2850 1450 30 20 fr.
2893 1450 35 20 50.

2493 1472 96 31 Forges
2609 1473 31 22 de
2659 1475 92 21 Sedan.
2829 1476 104 25 Actions,
2957 1482 91 20 coupon
3072 1481 26 17 n°
3122 1478 20 25 2,
3164 1483 67 15 nom.

2464 1499 27 20 45
2504 1498 28 21 fr.
2543 1500 33 22 95,
2591 1505 31 18 au
2635 1502 63 26 port.
2719 1504 26 19 43
2757 1502 28 20 fr.
2797 1502 33 21 95.

2491 1525 83 22 Mines
2588 1526 56 22 d'or
2656 1528 37 20 La
2712 1528 129 22 Monnaie.
2895 1531 104 24 Actions,
3013 1535 65 15 nom.
3094 1531 38 20 100
3144 1531 32 20 fr.

2490 1551 85 21 Mines
2595 1553 31 21 de
2646 1554 200 24 Roche-Molière
2871 1557 24 22 et
2924 1556 130 24 Firminu.
3128 1557 104 25 Actions,

2464 1581 66 15 nom.
2550 1579 25 19 15
2588 1579 31 21 fr.

2490 1603 83 26 Pirée,
2583 1603 117 33 Athènes,
2714 1609 162 27 Pe'loponèse.
2946 1611 104 25 Actions,
3061 1616 92 20 coupon
3175 1613 26 18 n°
3213 1611 20 25 6,

2465 1633 31 17 au
2509 1632 60 22 port.
2582 1632 13 19 2
2609 1632 30 20 fr.
2650 1633 32 20 30.

2490 1656 144 26 Raffinerie
2647 1659 31 21 de
2693 1659 26 22 la
2734 1662 198 24 Méditerranée.
2985 1665 103 25 Actions,
3103 1669 92 21 coupon
3207 1668 26 18 n°

2513 1688 64 17 nom.
2596 1685 26 19 12
2631 1685 28 20 fr.
2673 1687 33 25 12,
2718 1694 30 15 au
2761 1691 61 27 port.
2839 1691 26 20 10
2877 1691 31 20 fr.
2922 1691 33 20 60.

2490 1710 144 25 Raffinerie
2647 1711 32 22 de
2691 1710 76 27 Saint
2776 1716 87 21 Louis.
2934 1717 104 26 Actions,
3058 1723 91 20 ooupon
3162 1721 26 18 n°
3198 1717 26 20 19

2464 1739 65 18 nom.
2543 1737 25 19 12
2578 1737 30 20 fr.
2621 1737 34 26 50,
2672 1744 31 17 au
2715 1743 61 24 port.
2792 1743 26 20 10
2830 1743 30 20 fr.
2870 1743 35 21 30.

2465 1867 189 41 CRÉDIT
2685 1878 223 35 FONCIER
2934 1883 64 31 DE
3025 1884 198 33 FRANCE

2510 1987 137 28 Tlra.g-e
2679 1990 50 22 du
2756 1990 48 24 33
2829 1993 222 28 septcmlM-e
3079 1995 92 24 4891

2538 2044 171 31 Obligations
2725 2049 142 27 foncières
2882 2050 15 22 3
2913 2053 26 22 et
2952 2053 15 21 4
2982 2052 48 30 0/0
3085 2052 67 25 1853

2569 2100 37 22 Le
2634 2104 32 19 n°
2695 2102 71 24 1.743
2784 2109 90 25 gagne
2895 2104 102 27 100,000
3015 2105 100 24 francs.

2567 2130 37 25 Le
2623 2135 31 19 n°
2680 2132 86 25 14.995
2908 2135 87 28 50,000

2568 2161 35 24 Le
2623 2166 31 19 n°
2681 2164 87 25 21.110
2910 2165 89 28 20,000

2491 2210 86 30 26,458
2593 2212 92 22 autres
2700 2213 130 24 num'éros
2841 2213 56 28 ont,
2909 2220 34 18 en
2960 2216 85 30 outre,
3058 2216 43 24 été
3110 2217 111 31 appelés

2460 2249 35 17 au
2509 2241 237 27 remboursement
2760 2252 34 15 au
2810 2245 69 30 pair.

2555 2298 170 31 Obligations
2753 2303 142 27 foncières
2914 2304 18 22 4
2953 2304 44 28 0/0
3065 2304 65 25 1863

2505 2349 119 24 Numéro
2636 2352 126 30 gagnant
2783 2352 66 25 dans
2871 2353 40 24 les
2934 2354 30 24 40
2982 2353 86 26 séries
3083 2362 6 17 :
3103 2355 77 25 1.709

2491 2381 35 24 Ce
2543 2380 111 25 numéro
2663 2387 92 26 gagne
2765 2383 102 28 100,000
2880 2385 91 25 francs
2980 2385 70 25 dans
3057 2386 27 26 la
3091 2387 32 22 25
3124 2391 9 12 e
3143 2387 78 25 série.

2490 2412 37 24 Ce
2543 2411 111 25 numéro
2789 2414 86 28 30,000
3091 2418 32 24 26
3123 2422 11 12 e

2490 2443 35 24 Ce
2539 2443 112 24 numéro
2803 2445 72 28 5,000
3057 2447 40 25 les
3123 2448 33 26 s=,
3172 2448 48 26 12»,

2458 2472 48 27 14»,
2523 2472 48 28 15%
2596 2473 32 22 20
2628 2477 9 11 e
2640 2490 6 11 ,
2674 2473 32 21 23
2707 2478 9 9 e
2719 2491 6 9 ,
2750 2474 31 22 30
2780 2478 9 11 e
2810 2476 27 21 et
2861 2474 31 24 40
2893 2480 8 12 e
2929 2476 97 25 séries.

2487 2500 35 25 Ce
2536 2502 112 24 numéro
2662 2507 91 26 gagne
2767 2504 247 30 l.OOOfrancsdans
3028 2507 123 25 chacune
3171 2509 50 25 des

2457 2531 30 24 30
2509 2533 91 21 autres
2624 2531 96 24 séries.

2484 2562 74 30 2,082
2571 2564 92 22 autres
2680 2564 130 25 numéros
2825 2567 57 28 ont,
2901 2572 33 18 en
2949 2568 89 28 outre,
3052 2568 44 25 été
3106 2570 115 31 appelés

2456 2601 35 17 au
2505 2593 236 26 remboursement
2757 2602 34 17 au
2804 2596 69 30 pair.

2551 2655 169 31 Obligations
2734 2656 193 24 communales
2937 2656 17 24 3
2967 2657 45 31 0/0
3024 2657 104 25 —lB6O

2594 2701 37 24 Le
2692 2701 72 28 6,249
2777 2708 92 24 gagne
2882 2701 104 25 100.000
2999 2702 102 25 francs.

2489 2732 52 22 Les
2555 2735 32 19 n«
2588 2735 9 12 e
2614 2731 85 31 18,839
2761 2732 87 27 89,265
2908 2734 102 28 141,298
3020 2735 138 28 —148,766
3172 2743 32 25 ga-

2457 2763 87 30 gnent
2558 2761 106 25 chacun
2680 2761 86 30 10,000
2780 2763 100 24 francs.

2487 2793 53 21 Les
2558 2797 31 19 n°
2591 2798 9 11 s
2620 2793 72 28 5,122
2760 2793 87 27 28,847
2921 2794 89 28 40,515
3081 2798 32 24 48
3120 2799 47 22 291

2454 2822 31 24 72
2487 2841 11 9 v
2499 2823 43 24 l-68
2600 2824 87 28 76,068
2761 2824 86 28 77,435
2909 2825 102 28 112,797
3026 2828 146 31 —115,897

2456 2852 102 30 126,815
2570 2856 125 30 gagnent
2709 2855 104 24 chacun
2826 2854 72 31 1,000
2911 2856 102 24 franes.
3053 2852 2 33 .

2484 2884 72 27 3,599
2569 2888 92 22 autres
2673 2885 128 25 numéros
2818 2888 57 28 ont,
2890 2894 34 18 en
2939 2889 86 28 outre,
3045 2888 44 25 été
3105 2890 116 30 appelés

2453 2921 37 17 au
2504 2916 237 26 remboursement
2754 2924 35 17 au
2804 2917 70 31 pair.

2538 2975 171 31 Obligations
2725 2978 190 24 communales
2929 2976 18 25 4
2960 2976 50 32 0/0
3069 2978 67 25 1875

2515 3022 39 25 Le
2567 3028 31 20 n»
2610 3024 102 25 102.503
2724 3031 61 18 sera
2796 3025 89 24 remb.
2903 3033 51 24 par
2973 3027 104 28 100,000
3087 3028 102 24 francs.

2515 3054 39 24 Le.
2563 3059 34 20 n«
2610 3054 102 25 189.392
2992 3058 89 28 30,000

2483 3085 53 24 Les
2549 3090 44 19 n.o»
2614 3085 99 24 126.619
2784 3086 102 24 236.706
2947 3087 104 25 261.476
3118 3090 103 25 309.493

2452 3117 97 22 seront
2559 3116 87 24 remb.
2662 3116 106 24 chacun
2785 3123 51 24 par
2851 3118 86 28 10,000
2947 3118 104 24 francs.

2483 3146 51 24 Les
2554 3151 41 19 n°=
2610 3146 86 24 16.830
2765 3146 86 25 50.521
2926 3148 87 25 64.376
3084 3150 87 24 77.476

2451 3176 103 25 131.647
2600 3177 109 22 273.524
2754 3177 103 24 295.236
2911 3178 103 25 322.766
3072 3180 103 25 383.965

2450 3207 100 25 398,891
2567 3208 105 24 chacun
2683 3208 73 28 3vQOO
2771 3208 100 25 francs.

2481 3239 71 31 3,046
2562 3243 96 20 autres
2669 3239 131 25 numéros
2817 3242 57 28 ont,
2889 3248 37 18 en
2941 3243 87 30 outre,
3045 3242 44 25 été
3100 3243 118 33 appelés

2450 3276 35 18 au
2494 3270 239 26 remboursement
2747 3279 37 18 au
2794 3273 70 31 pair.

2481 3320 172 31 Obligations
2667 3322 144 27 foncières
2828 3324 32 21 de
2874 3322 48 24 500
2939 3324 40 24 fr.
2999 3322 17 24 3
3030 3322 45 32 0/0
3090 3324 98 25 —lBB3

2478 3369 46 25 398
2538 3370 129 24 numéros
2683 3372 48 22 ont
2748 3371 41 24 été
2806 3371 115 31 appelés
2933 3378 34 17 an
2980 3372 239 25 remboursement

2450 3399 67 25 dans
2535 3400 123 25 chacune
2673 3402 48 24 des
2738 3402 70 24 trois
2823 3402 98 24 séries.

2571 3562 120 48 NOS
2739 3561 343 48 GRAVURES

2546 3700 34 50 Le
2616 3697 102 51 suicide
2752 3697 34 50 du
2819 3696 110 61 puerai
2962 3697 150 63 Boulanger

2631 3784 37 21 AU
2687 3777 164 28 CIMETIÈRE
2869 3784 158 24 D'IXELLES

2477 3847 66 27 Une
2558 3844 141 27 nouvelle
2714 3846 61 26 très
2789 3846 181 28 inattendue
2983 3856 18 18 a
3021 3848 93 27 éclaté
3138 3855 53 18 mer-

2441 3883 79 26 credi
2535 3883 17 25 à
2562 3881 91 27 •Paris
2666 3881 5 35 :
2688 3881 27 27 le
2731 3882 123 34 général
2869 3882 181 34 Boulanger,
3066 3882 78 26 celui
3158 3883 51 32 qui

2440 3918 48 27 fut
2505 3919 17 26 à
2532 3926 77 27 coup
2621 3925 52 19 sur
2688 3918 26 26 le
2731 3925 189 26 personnage
2933 3918 27 26 le
2974 3918 70 33 plus
3066 3917 143 33 bruyant,

2443 3956 91 26 sinon
2546 3954 28 27 le
2588 3954 69 34 plus
2672 3953 126 27 brillant
2813 3953 34 25 de
2859 3959 50 19 ces
2926 3951 149 26 dernières
3086 3951 123 34 années,

2441 3991 105 26 venait
2564 3990 33 26 de
2615 3997 30 19 se
2661 3992 152 24 traverser
2826 3986 47 26 les-
2887 3986 79 26 deux
2978 3989 116 31 tempes
3120 3986 89 28 d'une

2441 4025 79 27 balle
2538 4025 33 26 de
2587 4032 54 19 son
2656 4023 137 26 revolver
2806 4022 35 25 de
2858 4020 99 26 soldat
2970 4022 31 24 et
3020 4020 64 26 cela
3109 4029 52 20 sur
3182 4024 27 26 la

2441 4061 103 26 tombe
2565 4061 35 26 de
2616 4058 79 27 Mme
2709 4057 34 26 de
2760 4055 215 32 Bonnemains,
3000 4055 35 27 de
3064 4057 72 28 celle
3159 4061 50 33 qui

2441 4096 84 26 avait
2555 4095 45 25 été
2624 4093 229 35 publiquement
2877 4097 33 19 sa
2933 4097 169 31 compagne
3116 4094 80 35 illégi-

2440 4133 84 30 time,
2539 4133 31 24 et
2584 4130 17 25 à
2615 4128 54 34 qui
2683 4126 115 33 malgré
2816 4126 69 25 tout
2901 4124 24 27 il
2943 4126 65 28 doit
3034 4129 60 28 être
3122 4130 71 28 beau-

2441 4174 78 26 coup
2532 4163 155 37 pardonné
2698 4160 83 27 selon
2796 4159 30 26 la
2839 4160 104 34 parole
2950 4162 44 28 du
3005 4165 111 33 Christ,
3131 4166 63 34 puis-

2441 4200 106 37 qu'elle
2564 4208 17 17 a
2594 4199 154 32 beaucoup
2761 4195 90 27 aimé.

2477 4245 58 27 Les
2562 4240 221 37 appréciations
2807 4244 54 26 ont
2890 4244 46 27 été
2966 4245 142 31 diverses,
3132 4244 77 26 mais

2443 4280 119 27 surtout
2575 4277 126 27 sévères.

2477 4323 161 33 Beaucoup
2652 4323 53 25 ont
2719 4323 96 28 voulu
2830 4324 74 27 faire
2916 4324 118 27 oublier
3044 4324 80 26 leurs
3139 4323 53 27 ado-

2440 4358 117 27 rations
2571 4356 187 31 d'autrefois.

2477 4401 26 27 Il
2512 4402 46 26 est
2574 4401 37 28 de
2628 4402 57 30 fait
2699 4413 60 27 que
2771 4406 122 33 jamais,
2916 4406 18 24 à
2947 4410 119 19 aucune
3081 4403 125 34 époque,

2441 4437 70 27 chef
2522 4437 35 27 de
2568 4440 81 34 parti
2670 4448 38 19 ne
2731 4440 48 27 fut
2802 4440 83 26 aussi
2906 4437 198 34 rapidement,
3123 4439 86 27 aussi

2441 4473 234 37 complètement
2693 4475 87 28 lâché
2793 4482 58 27 que
2871 4473 78 27 celui
2972 4474 53 35 qui
3047 4476 77 26 n'est
3139 4475 70 35 plus

2440 4508 27 27 le
2485 4511 125 33 général
2622 4511 181 33 Boulanger.

2477 4556 78 27 Sans
2571 4557 90 26 doute
2678 4563 31 20 ce
2725 4556 46 26 fut
2786 4561 41 19 un
2843 4561 126 20 cerveau
2996 4557 102 26 faible.
3116 4557 26 26 Il
3158 4557 50 26 eut

2440 4589 136 28 l'audace
2595 4599 72 18 sans
2682 4591 30 25 la
2725 4590 215 34 persévérance
2956 4591 187 34 productrice
3158 4591 51 26 des

2443 4626 112 34 grands
2569 4626 152 26 résultats.

2476 4669 39 27 Et
2526 4670 286 35 j'estimequ'ilfaut
2829 4670 61 27 s'en
2907 4670 143 33 féliciter;
3064 4671 46 26 s'il
3125 4671 84 26 avait

2440 4706 106 31 réussi,
2562 4706 53 33 qui
2630 4707 59 26 sait
2704 4706 76 27 dans
2790 4707 115 34 quelles
2919 4708 163 25 aventures
3096 4707 22 26 il
3132 4713 77 20 nous

2440 4741 52 24 eût
2506 4740 152 25 entraînés
2669 4740 13 25 ?

3097 105 20 34 7

1336 90 196 46 Supplément
1550 91 123 35 illustré
1687 93 43 33 du
1748 93 86 34 Petit
1847 93 129 37 Journal

1863 4220 135 21 Plushauls
2003 4227 69 15 cours

2135 4222 99 21 Dernier

2243 4227 69 15 cours
2321 4221 31 22 du

1920 4246 30 21 de
1964 4247 53 21 1870

2083 4247 83 24 31déc.
2176 4250 50 20 1889

2258 4248 25 20 31
2290 4247 110 25 déc.1890

1632 4299 219 25 Nord-actions..

1905 4300 74 24 1.235
2013 4311 12 13 )>

2091 4304 77 24 1.783
2184 4304 28 24 73

2277 4303 77 25 1.850

2386 4312 13 14 »

1658 4343 34 6 —
1726 4331 125 28 obligat..

1935 4332 45 25 365
2014 4342 12 14 »

2121 4335 46 24 434
2184 4335 30 24 75

2308 4333 45 24 452

2386 4343 13 14 »

1631 4362 222 30 Lyon-actions..

1906 4363 76 25 1.047
1997 4365 32 24 50

2092 4365 76 24 1.345
2199 4372 13 14 »

2278 4363 74 26 1.482

2369 4367 32 24 50

1658 4406 40 5 —
1723 4393 128 30 obligat..

1932 4395 46 24 356
2010 4403 14 14 »

2121 4396 46 25 425
2199 4403 13 15 »

2308 4396 45 25 443

2386 4404 15 15 »

1631 4423 223 26 (Orléans-actions

1903 4426 76 24 1.065
2011 4435 12 13 »

2091 4428 77 24 1.370
2199 4435 13 13 »

2277 4427 76 24 1.490

2382 4435 18 15 M

1672 4468 38 5 —
1755 4455 99 28 obligat

1933 4456 45 25 360
2010 4465 18 14 ».

2120 4457 46 24 430
2198 4466 13 14 »

2307 4457 45 25 447

2385 4466 13 15 »

1632 4486 217 25 Midi-actions...

1931 4488 46 24 (587
1995 4488 30 24 50

2089 4489 77 24 1.210
2198 4495 13 15 »

2277 4488 74 25 1.327

2369 4489 31 24 50

1651 4530 30 4 —
1706 4517 144 31 obligat...

1933 4519 45 24 355
1995 4520 31 22 50

2120 4520 46 24 426
2199 4526 12 15 »

2307 4520 45 24 442

2385 4527 13 15 »

1631 4547 219 26 Ouest-actions..

1933 4551 45 22 635
2010 4558 13 14 »

2120 4552 46 22 958
2183 4552 30 24 75

2277 4551 74 24 1.030

1661 4592 31 5 —
1723 4579 128 32 obligat..

1935 4581 45 24 359
2011 4589 13 15 »

2121 4581 45 24 426
2199 4590 12 15 »

2307 4581 45 24 443

2386 4591 12 14 »

1630 4611 159 26 Est-actions

1932 4612 46 24 620
2010 4619 13 15 »

2119 4612 46 25 815
2197 4620 13 14 »

2304 4612 45 25 877

2369 4615 31 24 50

1645 4656 31 4 —
1693 4643 156 33 obligat—

1931 4643 46 24 360
2010 4650 12 14 »

2119 4644 46 24 410
2197 4651 13 15 »

2306 4644 45 25 436

2385 4652 12 17 »

1902 4693 77 25 7.445
1994 4694 30 22 50

2259 4694 92 25 10.720

2369 4696 30 22 50

1659 4742 41 25 En
1714 4742 187 25 additionnant
1920 4742 165 32 séparément
2102 4742 39 26 les
2158 4742 61 32 prix
2236 4742 45 26 des
2294 4742 104 27 actions
