2431 3883
678 429 284 34 TRAITEMENT
994 435 80 28 DES
1106 429 204 34 FISTULES
1341 435 255 28 SALIVAIKES
1881 430 68 42 115

331 499 37 38 le
412 519 184 38 courant
644 519 113 42 d'air
802 523 117 41 chaud
919 523 60 41 :
1029 537 70 27 ces
1144 521 240 51 cicatrices,
1424 525 145 40 même
1604 524 344 49 chéloïdiennes,

331 572 263 62 deviennent
615 596 102 54 plus
738 599 189 54 souples,
952 599 144 42 moins
1117 599 278 49 adhérentes,
1419 600 188 52 perdent
1636 599 94 42 leur
1750 605 203 37 contrac-

332 649 121 58 tilité,
477 678 45 30 se
547 670 242 46 détachent
816 675 101 54 plus
942 676 255 42 facilement
1222 675 59 41 du
1305 675 102 53 plan
1437 676 193 53 profond
1662 680 57 43 et,
1744 681 207 46 souvent,

330 738 266 50 Permettent
627 750 55 42 de
717 752 191 54 corriger
941 753 316 41 sensiblement
1288 752 275 55 l'asymétrie
1598 753 54 41 de
1688 754 43 40 la
1760 753 96 42 face
1892 754 61 40 du

331 800 146 59 blessé.

413 890 187 53 Partant
633 903 55 44 de
725 920 72 27 ces
829 906 106 41 faits
972 906 166 55 acquis,
1167 919 113 28 nous
1317 919 142 29 avons
1495 908 136 52 pensé
1669 906 108 55 qu'il
1816 908 134 41 serait

330 957 240 62 paiement
593 981 110 43 utile
725 982 219 43 d'utiliser
964 983 180 41 l'action
1170 983 53 41 de
1246 980 98 43 l'air
1366 982 148 43 chaud
1536 996 75 27 sur
1638 983 43 40 la
1703 997 248 41 muqueuse

330 1031 175 62 buccale
531 1059 45 38 et
603 1058 123 43 aider
751 1059 113 43 ainsi
889 1060 27 41 à
942 1073 49 28 sa
1016 1059 320 54 régénération.
1367 1060 59 41 Le
1460 1073 74 28 cas
1566 1058 182 43 suivant
1781 1073 114 28 nous
1927 1075 26 27 a

330 1121 157 49 Peinais
520 1131 53 44 de
607 1136 175 42 vérifier
813 1140 119 39 cette
964 1136 262 56 hypothèse.

412 1274 191 56 L'année
632 1289 212 50 dernière,
874 1295 130 37 notre
1033 1290 223 54 distingué
1292 1290 212 49 confrère,
1536 1289 37 43 le
1607 1290 58 40 I)r
1699 1291 110 55 Roy,
1840 1305 113 28 nous

330 1345 172 55 adiessa
527 1376 99 31 -une
663 1367 133 54 jeune
835 1367 176 42 malade
1051 1366 191 43 atteinte
1283 1366 134 42 d'une
1465 1367 312 55 lymphangite
1817 1369 54 41 de
1912 1369 41 41 la

329 1416 98 54 oue
452 1435 142 48 droite
620 1456 109 29 avec
755 1458 60 26 un
841 1446 180 40 énorme
1048 1443 172 42 œdème
1246 1443 54 42 de
1327 1457 47 28 ce
1400 1445 113 48 côté,
1543 1444 248 41 consécutif
1815 1445 26 41 à
1866 1459 87 28 une

331 1491 206 65 Injection
570 1519 135 42 d'une
736 1519 195 44 certaine
963 1519 208 56 quantité
1203 1519 131 42 d'eau
1366 1521 230 53 oxygénée
1627 1520 114 41 dans
1769 1519 40 42 le
1841 1519 111 41 tissu

329 1584 281 53 sOUs-cutané
640 1596 55 42 de
723 1596 44 42 la
794 1597 117 54 joue.
944 1595 190 49 Celle-ci,
1167 1596 123 49 dure,
1324 1596 245 42 fortement
1600 1596 204 49 infiltrée,
1835 1595 114 51 lisse,

329 1648 289 67 douloureuse
649 1673 26 41 à
707 1673 44 41 la
781 1673 203 43 moindre
1015 1672 199 55 pression
1248 1677 43 37 et
1324 1675 146 41 même
1502 1687 58 27 au
1592 1673 202 43 moindre
1827 1687 125 28 mou-

330 1735 176 50 Vement
537 1748 54 42 de
620 1749 44 42 la
691 1749 240 51 mâchoire,
962 1751 211 54 présenta
1201 1750 26 40 à
1257 1763 49 28 sa
1334 1750 145 54 partie
1510 1750 196 42 centrale
1735 1764 86 28 une
1851 1764 100 28 ron-

330 1801 106 54 delle
450 1842 59 9 —
524 1838 61 29 un
602 1841 88 40 peu
706 1827 101 55 plus
823 1827 168 54 grande
1009 1828 167 53 qu'une
1194 1826 121 55 pièce
1334 1827 54 41 de
1405 1827 244 55 cinquante
1667 1828 236 42 centimes
1903 1828 53 42 —

331 1878 102 55 d'un
451 1896 110 46 tissu
582 1904 206 53 sphacélé
803 1919 55 27 en
877 1903 99 43 voie
998 1905 54 41 de
1069 1904 164 41 former
1255 1918 85 27 une
1366 1904 179 42 eschare
1569 1918 110 29 avec
1702 1919 87 28 une
1812 1905 143 42 teinte

330 1967 128 54 rouge
500 1977 170 46 violacé
706 1986 45 37 et
796 1980 352 43 excessivement
1193 1980 308 43 douloureuse.
1544 1982 212 41 Consulté
1793 1996 77 27 sur
1906 1996 49 28 ce

329 2044 70 36 cas
435 2060 81 40 par
555 2070 60 27 un
657 2058 54 41 de
749 2071 70 28 ses
858 2057 157 48 élèves,
1059 2061 163 38 auteur
1259 2057 299 42 involontaire
1599 2058 54 41 de
1694 2058 255 49 l'accident,

328 2106 37 45 le
395 2118 60 41 Dr
487 2128 101 58 Roy
618 2138 77 37 eut
725 2133 130 42 l'idée
886 2134 225 53 d'essayer
1140 2134 39 41 le
1209 2146 203 41 massage
1442 2134 294 55 méthodique
1766 2139 43 38 et
1841 2149 113 27 nous

329 2198 139 44 confia
512 2206 42 42 la
599 2210 189 43 malade.
836 2212 140 40 Notre
1022 2210 261 42 traitement
1330 2210 195 42 consista
1569 2225 54 27 en
1669 2224 286 29 manœuvres

329 2274 433 69 lllassothérapiques
789 2288 176 48 douces,
993 2311 60 6 -
1078 2287 258 53 effleurages
1362 2287 271 54 superficiels
1661 2292 44 37 et
1737 2287 218 56 profonds

328 2346 42 38 et
395 2352 247 53 vibrations
667 2364 207 55 digitales
899 2362 353 55 concentriques,
1271 2387 59 7 —
1351 2363 254 42 combinées
1630 2364 191 41 d'abord
1846 2378 109 27 avec

327 2411 94 56 l'air
436 2433 148 48 chaud
598 2445 58 45 et,
674 2441 186 49 ensuite,
879 2441 234 41 exécutées
1131 2453 101 28 sans
1252 2454 49 27 ce
1318 2439 185 43 dernier.
1525 2441 65 40 La
1608 2442 157 40 séance
1783 2441 170 41 débuta

328 2500 42 37 et
397 2517 44 30 se
468 2515 194 44 termina
690 2532 82 40 par
798 2516 308 56 l'application
1136 2517 108 40 d'un
1273 2521 189 36 courant
1492 2516 114 43 d'air
1633 2517 149 42 chaud
1810 2531 75 27 sur
1912 2518 43 41 la

328 2581 168 49 surface
530 2597 190 40 cutanée
753 2600 44 37 et
831 2608 76 29 sur
938 2594 44 41 la
1014 2607 248 43 muqueuse
1297 2593 55 41 de
1384 2592 44 41 la
1459 2594 116 53 joue.
1614 2595 119 40 Pour
1764 2594 192 54 pouvoir

328 2648 158 65 diriger
521 2668 39 43 le
598 2677 188 37 courant
825 2670 113 43 d'air
973 2671 150 42 chaud
1160 2684 75 29 sur
1271 2669 43 42 la
1351 2684 263 41 muqueuse,
1652 2683 114 29 nous
1804 2674 152 39 eûmes

328 2734 171 51 Recours
517 2747 27 40 à
578 2762 60 28 un
673 2753 152 38 cornet
860 2748 82 41 fait
977 2762 108 28 avec
1118 2747 242 54 n'importe
1394 2746 102 54 quel
1528 2745 157 55 papier
1715 2760 163 41 propre
1912 2750 44 38 et

327 2803 107 52 dont
463 2818 44 44 la
534 2825 143 53 petite
707 2825 240 44 extrémité
976 2825 70 41 fut
1076 2824 110 44 mise
1216 2838 54 27 en
1302 2827 182 37 contact
1515 2834 109 30 avec
1654 2823 43 41 la
1726 2822 145 54 partie
1901 2822 55 42 de

327 2876 40 46 la
402 2903 247 51 muqueuse
687 2904 26 41 à
750 2903 170 42 traiter.
962 2904 120 39 Pour
1119 2900 142 41 éviter
1296 2900 44 40 la
1377 2899 246 42 sensibilité
1661 2899 296 42 douloureuse

327 2967 285 55 occasionnée
644 2993 84 42 par
758 2979 100 42 l'air
889 2977 269 49 surchauffé,
1193 2989 114 28 nous
1340 2976 247 55 éloignions
1618 2976 45 42 la
1696 2977 176 42 douche
1903 2977 55 42 de

327 3035 144 64 temps
498 3067 54 29 en
583 3061 148 50 temps
759 3061 44 38 et
831 3053 355 45 l'introduisions
1214 3053 113 42 dans
1355 3053 39 43 le
1423 3058 153 38 cornet
1606 3056 115 40 resté
1750 3069 54 27 en
1831 3054 127 55 place

326 3122 79 41 Par
431 3124 251 52 intervalle.
707 3135 71 40 Au
807 3134 113 41 bout
950 3133 55 41 de
1034 3130 110 43 trois
1172 3143 59 28 ou
1254 3135 161 50 quatre
1446 3134 193 46 séances,
1666 3132 42 40 la
1730 3132 142 54 poche
1902 3146 55 26 ne

326 3189 129 54 tarda
482 3220 83 40 pas
593 3211 26 40 à
647 3225 46 27 se
722 3211 214 49 résorber,
959 3214 46 37 et
1032 3222 58 27 au
1114 3208 111 41 bout
1251 3206 134 43 d'une
1408 3208 239 54 quinzaine
1676 3209 55 41 de
1760 3210 194 48 séances,

326 3277 124 42 notre
477 3286 176 44 malade
680 3289 69 40 fut
776 3287 348 56 complètement
1151 3283 163 57 guérie,
1342 3299 103 27 sans
1472 3298 234 29 conserver
1732 3285 53 41 de
1812 3289 144 40 traces
