2345 3876
533 622 588 75 Pseudarthrose
1163 640 75 62 du
1280 616 408 93 maxillaire
1731 624 356 71 inférieur

728 788 287 78 Equilibre
1062 811 71 35 en
1179 789 259 78 position
1484 788 354 77 paradoxale

492 941 222 35 NOUVEL
733 939 268 38 APPAREIL
1021 945 73 33 DE
1115 942 278 48 JOURDAIN
1416 922 455 68 (PORTE-RESSORT
1889 923 226 63 MOBILE)

892 1123 89 40 Par
1012 1122 107 42 MM.
1155 1121 181 45 FREY.
1357 1125 45 38 et
1433 1120 303 46 BARRIEU,

1141 1209 43 29 du
1200 1199 261 39 Val-de-Grâce.

572 1588 327 37 OBSERVATION.
920 1608 56 5 —
994 1586 59 37 Le
1072 1584 214 39 maréchal
1309 1583 72 38 des
1404 1582 105 50 logis
1528 1582 93 46 B.,
1647 1583 57 39 da
1726 1589 72 43 45e
1821 1582 253 45 d'artillerie,
2099 1592 24 26 a

491 1652 67 37 été
576 1649 149 47 blessé,
746 1648 39 39 le
805 1658 51 40 17
876 1648 151 39 février
1049 1657 116 42 1915,
1182 1661 78 38 par
1278 1659 60 27 un
1359 1647 114 39 éclat
1488 1647 151 39 d'obus
1661 1647 72 51 qui
1748 1651 62 35 est
1827 1649 115 37 entré
1957 1648 107 38 dans
2083 1645 40 38 la

491 1714 164 40 bouche
680 1726 50 26 en
754 1712 238 40 fracturant
1016 1712 42 38 d3
1086 1715 41 35 et
1153 1710 73 52 qui
1250 1710 102 39 s'est
1377 1708 82 41 fixé
1474 1711 107 39 dans
1598 1711 154 51 l'angle
1770 1711 234 40 maxillaire
2022 1707 103 43 infé-

493 1778 109 40 rieur
627 1779 24 37 à
676 1777 174 50 gauche.

573 1842 37 38 Il
635 1845 63 35 est
723 1841 126 39 traité
873 1853 55 27 au
952 1846 46 48 5e
1020 1840 158 40 blessés
1208 1839 352 53 (Val-de-Grâce),
1587 1841 55 47 où
1666 1840 88 40 l'on
1778 1854 43 27 se
1845 1844 200 36 contente
2070 1840 51 39 de

493 1906 144 40 retirer
658 1905 140 39 l'éclat
822 1910 42 35 et
888 1905 59 38 les
972 1904 206 51 esquilles.

574 1972 58 38 Le
648 1981 23 36 3
686 1968 87 41 mai
789 1968 229 41 seulement
1033 1969 59 51 (1),
1106 1982 46 26 ce
1165 1969 136 39 blessé
1317 1982 105 27 nous
1440 1975 62 34 est
1518 1971 168 39 adressé
1699 1983 108 39 pour
1828 1970 258 52 appareillage
2086 1970 40 52 ;

492 2036 30 38 il
544 2036 194 50 présente
758 2046 84 27 une
865 2036 168 37 énorme
1053 2038 121 48 perte
1196 2036 51 39 de
1271 2036 229 39 substance
1522 2047 167 28 osseuse
1711 2034 134 41 allant
1875 2036 53 39 de
1950 2036 41 38 d1
2015 2036 25 37 à
2066 2034 61 50 g'i;

495 2099 36 40 le
560 2100 132 51 grand
720 2099 207 51 fragment
957 2099 123 46 droit,
1113 2113 51 26 en
1199 2098 370 51 latéro-déviatiop.
1597 2100 25 38 à
1651 2101 172 49 gauche,
1854 2104 64 35 est
1946 2098 100 41 relié
2073 2107 54 30 au

494 2165 109 53 petit
629 2166 209 49 fragment
863 2165 160 50 gauche
1048 2177 77 39 par
1149 2177 84 27 une
1258 2164 120 40 bride
1403 2167 86 37 très
1515 2165 146 46 dense;
1689 2178 47 26 ce
1766 2165 111 51 petit
1903 2164 224 52 fragment,

496 2229 73 53 qui
589 2233 122 49 porte
736 2230 54 50 g8,
817 2233 63 35 est
905 2230 182 39 rétracté
1110 2243 52 26 en
1184 2231 107 39 haut
1316 2230 106 40 dans
1445 2229 39 40 le
1506 2229 222 41 vestibule.

575 2296 258 39 Traitement
862 2295 351 51 orthognathique
1213 2295 94 51 en
1334 2295 100 46 mai,
1465 2295 105 50 juin,
1601 2294 149 49 juillet.

576 2362 66 38 En
662 2361 109 51 août
789 2369 115 42 1915,
929 2372 105 27 nous
1056 2359 175 52 plaçons
1253 2362 111 39 deux
1384 2360 230 53 gouttières
1637 2358 261 56 réunies-par
1910 2360 110 40 deux
2034 2359 94 52 glis-

495 2426 123 40 sières
646 2416 214 64 (système
871 2417 408 60 Morestin-Ruppe).

576 2490 207 52 Jusqu'en
810 2472 91 67 juin
931 2488 116 53 1916,
1078 2504 47 26 ce
1157 2489 145 50 blessé
1321 2478 201 60 séjourne,
1541 2495 64 42 au.
1605 2495 65 42 5e
1696 2486 157 43 blessés
1882 2490 57 39 du
1962 2489 166 40 Val-de-

498 2555 143 47 Grâce,
670 2567 99 27 sans
795 2555 37 39 le
872 2546 195 47 moindre
1085 2546 275 48 traitement.
1376 2544 55 52 Il
1431 2544 92 52 est
1553 2542 133 63 envoyé
1724 2542 57 63 à
1798 2541 196 53 Michelet
2023 2560 106 46 pour

495 2621 196 50 prothèse
719 2620 218 41 définitive
967 2633 101 27 avec
1089 2632 84 26 une
1196 2618 326 53 pseudarthrose
1557 2618 131 46 molle,
1715 2619 78 40 très
1816 2620 161 40 mobile.
2004 2621 124 48 L'ap-

495 2685 130 50 pareil
649 2690 63 35 est
735 2686 95 53 placé
830 2686 48 53 ;
897 2685 30 39 il
951 2699 25 25 a
999 2698 46 25 sa
1070 2684 210 39 rétention
1304 2694 72 27 sur
1398 2687 141 36 toutes
1561 2684 59 39 les
1645 2684 122 40 dents
1793 2685 57 39 du
1867 2685 133 51 grand
2022 2685 106 48 frag-

496 2754 116 35 ment
637 2751 110 38 droit
772 2755 42 35 et
840 2762 73 28 sur
936 2752 41 49 g8
1002 2751 57 39 du
1083 2749 111 52 petit
1218 2749 209 50 fragment
1451 2750 172 49 gauche.

573 2814 77 40 B.J.
686 2815 178 51 (devenu
890 2814 369 51 sous-lieutenant)
1290 2825 46 26 se
1358 2814 196 51 présente
1580 2815 25 38 à
1634 2826 105 28 nous
1766 2815 37 39 le
1832 2816 51 38 26
1908 2815 88 40 mai
2024 2821 103 45 1917

496 2891 124 38 parce
644 2892 81 37 que
752 2881 40 49 g8
818 2885 64 34 est
907 2884 88 37 très
1021 2880 205 39 ébranlée.

580 2942 119 39 Cette
726 2943 102 40 dent
856 2949 63 35 est
949 2944 189 40 extraite.
1170 2944 70 39 Un
1267 2944 115 38 volet
1412 2955 50 26 en
1490 2948 146 46 argent
1664 2944 120 39 coulé
1814 2949 64 35 est
1918 2942 208 43 construit

498 3017 72 31 sur
595 3007 39 38 le
659 3007 109 51 petit
790 3009 222 51 fragment,
1035 3021 84 27 une
1141 3008 210 51 gouttière
1374 3012 63 34 est
1459 3008 193 40 installée
1673 3021 74 28 sur
1765 3010 40 38 le
1826 3011 146 49 grand.

580 3073 237 41 Recherche
841 3076 52 39 de
915 3076 236 52 l'équilibre
1176 3087 103 28 avec
1304 3074 219 53 l'appareil
1548 3076 53 39 de
1626 3075 208 51 Jourdain
1855 3076 59 52 (2).

559 3203 41 42 (1)
615 3203 58 31 Les
689 3203 94 32 dates
798 3211 77 26 sont
890 3218 90 21 assez
1003 3207 199 41 éloquentes
1228 3216 86 32 pour
1340 3216 65 30 que
1422 3206 36 41 je
1486 3207 219 31 m'abstienne
1729 3208 41 30 de
1792 3212 77 26 tout
1891 3208 237 31 commentaire

498 3250 71 45 sur
569 3250 53 45 la
622 3250 159 45 ftineuse
781 3250 159 45 synergie
940 3250 35 45 !
975 3250 35 45 -
1010 3250 53 45 L.
1063 3250 57 45 F.

560 3300 42 40 (2)
619 3297 234 33 Restauration
869 3300 296 42 maxillo-fyciale,
1182 3308 37 24 no
1238 3300 28 39 8,
1285 3301 183 30 novembre
1490 3311 87 30 1917,
1594 3312 34 29 p.
1651 3311 68 30 374,
1736 3302 106 41 figure
1860 3312 28 29 4.
