2339 3873
439 459 51 46 t)4
829 463 54 27 LA
913 464 334 28 RESTAURATION
1275 462 404 29 MAXILLO-FACIALE

528 548 112 42 Mais
675 562 48 28 ce
758 547 116 44 n'est
909 563 82 40 pas
1023 555 118 38 tout.
1181 550 38 41 Il
1254 564 55 28 ne
1344 549 102 42 faut
1480 548 163 54 jamais
1677 548 160 54 perdre
1873 548 54 42 de
1963 560 102 34 vue,

441 627 26 41 à
496 640 164 40 propos
689 626 77 42 des
794 627 384 54 pseudarthroses,
1209 642 87 40 que
1324 627 40 41 le
1393 626 190 42 résultat
1612 625 194 43 consiste
1834 626 27 41 à
1890 622 180 44 obtenir

440 716 90 27 non
568 702 247 42 seulement
858 703 43 42 la
942 704 345 49 consolidation,
1325 702 114 42 mais
1477 717 59 26 un
1581 703 91 40 bon
1709 701 201 43 articulé.
1944 701 127 40 Dans

441 794 48 27 ce
525 779 99 49 but,
665 779 43 54 je
751 781 189 53 procède
982 781 281 55 quelquefois
1303 782 26 41 à
1372 794 87 28 une
1503 779 235 55 opération
1768 777 301 57 préliminaire

443 856 77 54 qui
546 858 245 53 comprend
820 857 39 43 le
889 858 358 44 sectionnement
1279 858 55 41 de
1370 861 99 38 tout
1496 857 39 42 le
1561 857 115 41 tissu
1703 857 174 42 fibreux
1904 854 165 43 consti-

440 938 137 36 tuant
603 934 44 41 la
672 936 362 53 pseudarthrose.
1065 937 84 41 Les
1177 937 120 40 deux
1328 935 251 54 fragments
1610 936 129 40 étant
1761 933 114 42 ainsi
1895 933 174 46 libérés,

443 1025 57 27 on
522 1011 175 42 obtient
719 1012 219 42 aisément
959 1013 221 41 l'articulé
1201 1011 175 44 normal
1398 1011 142 56 qu'un
1564 1011 200 55 appareil
1785 1011 54 41 de
1861 1010 210 55 prothèse

442 1087 304 43 maintiendra
768 1089 182 55 jusqu'à
979 1089 307 42 cicatrisation
1316 1088 223 55 complète
1565 1088 390 54 (habituellement
1985 1099 87 28 une

443 1164 232 55 vingtaine
711 1166 54 42 de
800 1166 156 54 jours).
990 1167 60 41 Et
1085 1166 110 42 c'est
1223 1166 117 41 alors
1376 1166 248 41 seulement
1662 1179 87 40 que
1783 1165 43 53 je
1863 1162 209 57 pratique

444 1241 42 42 la
513 1243 148 53 greffe.

1247 1350 21 24 *

1200 1379 22 24 *
1290 1379 22 24 *

673 1556 48 35 20
755 1549 252 40 PROTHÈSE
1048 1559 57 29 ET
1145 1549 703 40 OTo-RHINO-LARYNGOLOGIE.

538 1696 83 41 Les
641 1694 300 55 applications
962 1695 54 41 de
1037 1694 43 41 la
1099 1694 224 54 prothèse,
1346 1694 113 41 dans
1479 1709 49 27 ce
1549 1695 223 50 domaine,
1794 1701 103 37 sont
1917 1709 160 28 encore

451 1771 36 41 si
513 1772 258 53 fréquentes
796 1785 87 39 que
908 1771 42 54 je
977 1771 98 41 dois
1099 1785 71 26 me
1196 1771 164 40 borner
1383 1771 26 41 à
1436 1771 162 41 choisir
1624 1773 77 40 des
1727 1773 239 55 exemples.

539 1848 70 40 En
642 1847 117 42 voici
792 1848 105 40 deux
897 1848 43 40 :

540 1925 83 41 Les
649 1924 221 41 blessures
897 1924 55 41 de
979 1923 43 42 la
1049 1925 96 41 face
1173 1929 286 50 comportent
1487 1927 91 40 très
1605 1932 193 37 souvent
1826 1928 55 41 de
1907 1940 173 42 grosses

451 2000 307 53 déformations
786 2001 72 40 des
886 2001 190 42 narines.
1108 2001 197 55 J'utilise
1334 2001 113 42 dans
1475 2016 48 28 ce
1552 2016 75 28 cas
1655 2004 77 41 des
1759 2005 134 41 tubes
1921 2003 159 43 métal-

450 2077 157 56 liques,
637 2083 142 37 sortes
809 2078 54 41 de
895 2079 371 48 conformateurs,
1302 2078 294 43 ressemblant
1634 2080 26 41 à
1696 2081 77 40 des
1808 2081 270 54 spéculums,

452 2156 205 55 lesquels,
693 2170 55 28 en
782 2156 145 42 même
960 2160 150 50 temps
1144 2155 133 55 qu'ils
1311 2156 286 42 rétablissent
1632 2157 40 41 le
1706 2157 165 42 calibre
1906 2154 174 45 normal

453 2235 77 42 des
564 2233 192 50 narines,
793 2237 245 39 remettent
1074 2248 54 27 en
1164 2233 126 55 place
1325 2233 117 42 l'aile
1478 2234 60 41 du
1574 2248 94 35 nez,
1706 2235 101 54 plus
1843 2249 57 27 ou
1936 2234 146 42 moins

451 2310 240 43 intéressée
721 2324 82 41 par
832 2310 43 41 la
904 2311 197 41 blessure
1136 2311 90 54 (fig.
1262 2323 66 36 10,
1364 2323 66 36 11,
1466 2323 51 29 12
1548 2315 45 37 et
1628 2311 84 54 13).
1747 2312 80 41 Ces
1858 2309 225 56 appareils

453 2403 71 27 me
548 2388 221 44 semblent
795 2388 54 41 de
873 2388 236 54 beaucoup
1134 2387 271 55 préférables
1430 2401 90 27 aux
1545 2387 151 42 drains
1721 2402 55 27 en
1800 2387 283 42 caoutchouc

453 2466 333 52 généralement
811 2465 242 56 employés.

543 2543 58 42 Et
631 2543 118 43 voici
778 2542 287 44 maintenant
1096 2556 61 27 un
1188 2545 128 37 autre
1347 2554 74 27 cas
1452 2540 190 55 typique
1673 2556 90 27 non
1794 2541 146 42 moins
1969 2540 114 41 inté-

455 2625 186 37 ressant.
671 2622 37 40 Il
732 2621 132 53 s'agit
890 2621 61 41 du
975 2620 143 41 blessé
1143 2632 87 40 que
1254 2618 310 53 représentent
1588 2617 66 61 les
1675 2618 162 53 figures
1865 2630 53 40 14
1942 2622 45 36 et
2016 2624 65 43 15.

458 2695 38 40 Il
529 2697 125 42 avait
689 2699 143 53 perdu
865 2698 44 41 la
943 2696 146 56 partie
1123 2693 256 56 supérieure
1414 2694 62 41 du
1510 2708 94 27 nez.
1643 2694 54 52 Je
1732 2693 230 55 pratiquai
1997 2705 87 28 une

456 2771 285 63 rhinoplasfie
765 2774 220 55 classique
1011 2774 26 40 à
1062 2771 133 43 l'aide
1222 2770 109 42 d'un
1356 2770 212 42 lambeau
1592 2770 179 54 prélevé
1795 2784 78 29 sur
1896 2771 39 40 le
1962 2770 122 40 front

457 2851 45 37 et
521 2847 112 42 dans
651 2848 145 55 lequel
815 2850 163 54 j'avais
997 2848 355 57 préalablement
1371 2845 143 42 inclus
1534 2860 61 27 un
1620 2847 226 53 fragment
1873 2847 53 41 de
1953 2845 132 43 carti-

458 2924 97 53 lage
580 2926 154 40 costal.
752 2926 70 41 Au
842 2927 191 54 premier
1054 2926 156 47 abord,
1232 2939 61 26 un
1311 2923 62 42 tel
1398 2937 75 27 cas
1499 2922 148 55 paraît
1673 2923 296 54 uniquement
1995 2922 91 42 chi-

459 3000 203 54 rurgical.
686 3001 62 40 Et
782 3004 298 53 cependant.
1104 3003 226 56 Quelques
1353 3001 124 53 jours
1508 3001 130 53 après
1663 3000 282 55 l'opération,
1973 3011 114 30 nous

458 3092 115 29 nous
594 3077 237 42 trouvions
853 3094 54 26 en
931 3084 210 51 présence
1165 3080 109 42 d'un
1298 3091 81 28 nez
1403 3078 112 40 dont
1539 3076 62 42 les
1625 3078 119 40 deux
1768 3077 182 54 parties,
1976 3077 110 40 l'an-

459 3156 155 42 cienne
642 3157 51 37 et
727 3153 44 40 la
803 3157 220 49 nouvelle,
1060 3172 55 27 ne
1150 3154 288 56 s'ajustaient
1473 3168 81 40 pas
1589 3168 75 26 sur
1697 3153 43 41 la
1774 3154 146 41 même
1954 3153 131 54 ligne,

459 3232 114 44 ainsi
598 3229 108 56 qu'il
732 3234 67 36 est
824 3231 157 43 visible
1007 3248 75 26 sur
1106 3234 61 41 les
1193 3232 169 55 figures
1383 3230 52 41 16
1460 3235 45 36 et
1534 3243 64 40 17.
1628 3231 125 40 Nous
1778 3230 168 41 faisons
1971 3230 117 41 alors

459 3309 133 58 appel
619 3310 25 40 à
671 3308 43 40 la
740 3308 208 52 prothèse
977 3310 76 53 qui
1080 3325 112 27 nous
1220 3308 169 43 fournit
1407 3322 71 27 un
1506 3306 200 55 appareil
1738 3306 89 54 (tig.
1860 3307 68 52 18)
1957 3307 130 53 grâce
