2440 3856
682 439 30 29 A
741 442 171 31 CENTRE
942 444 86 28 FOR
1056 443 156 30 FACIAL
1240 443 396 29 RECONSTRUCTION
1923 442 50 43 75

349 509 221 54 0cclusion
598 523 107 54 (still
729 530 267 56 permitting
1021 546 26 27 a
1072 530 172 43 certain
1270 531 158 54 degree
1455 531 44 41 of
1524 530 308 56 mastication)
1861 532 142 42 than

349 591 26 29 a
397 583 121 66 false
518 583 142 66 joint.

433 663 44 45 It
507 670 37 43 is
575 675 152 48 better
758 688 48 37 to
841 685 118 43 have
991 683 412 58 pseudo-arthrosis
1435 683 115 43 than
1584 698 27 28 a
1644 684 327 44 consolidation

348 734 107 48 with
477 759 55 31 an
557 760 250 57 extremely
829 762 92 43 bad
944 762 239 48 occlusion,
1272 778 40 13 -

1147 905 23 26 *

1104 933 23 25 *
1187 932 23 25 *
1858 943 14 6 -

431 1032 152 61 Ought
613 1060 66 29 we
709 1053 48 39 to
789 1057 185 51 operate
1005 1053 59 42 all
1094 1052 311 44 comminuted
1434 1053 246 43 fractures?

431 1108 128 52 Some
582 1128 180 48 general
786 1144 214 40 surgeons
1032 1131 116 42 have
1177 1132 154 41 stated
1355 1131 26 42 «
1381 1131 67 42 all
1470 1132 79 43 the
1573 1146 123 28 cases
1720 1131 45 42 of
1790 1130 185 42 commi-

347 1187 139 44 tted
516 1194 221 57 fractures
770 1211 124 37 must
927 1207 56 41 be
1017 1208 217 55 operated
1266 1207 266 56 radically)).

508 2146 70 37 FIG.
578 2146 57 37 I.
653 2156 34 30 —
687 2156 104 30 Cast
808 2157 39 30 of
866 2167 19 20 a
910 2167 73 20 case
1000 2157 117 32 which
1134 2158 183 30 illustrates
1340 2158 153 30 absolute
1516 2159 252 30 consolidation
1789 2159 62 29 but

466 2199 167 38 complete
650 2202 67 30 loss
739 2204 41 29 of
792 2204 166 30 function.
1026 2203 38 30 In
1080 2205 68 29 this
1170 2204 146 30 fracture
1340 2204 40 30 of
1398 2206 58 29 the
1479 2206 171 30 mandible
1672 2206 88 31 with
1784 2206 66 29 loss

466 2241 40 29 of
515 2244 58 30 the
587 2251 148 29 anterior
747 2252 90 38 arch,
853 2249 58 32 the
924 2261 144 30 surgeon
1082 2252 139 29 sutured
1234 2251 58 30 the
1308 2255 73 28 two
1396 2252 199 40 fragments,
1614 2253 234 39 disregarding

466 2286 57 32 the
540 2296 137 40 equally
694 2298 185 39 important
896 2297 154 31 function
1068 2298 39 29 of
1121 2298 184 29 occlusion.-

429 2423 130 52 Some
588 2440 363 55 stomatologists
979 2440 117 44 have
1128 2441 154 42 stated
1308 2440 92 41 «all
1431 2441 79 42 the
1538 2455 123 28 cases
1687 2441 46 42 of
1757 2440 213 51 fracture,

345 2501 307 56 comminuted
678 2531 50 28 or
754 2522 96 46 not,
880 2532 109 41 may
1015 2518 57 42 be
1099 2504 138 56 cured
1262 2517 196 43 without
1487 2517 280 56 operation)).

430 2579 57 43 Of
517 2600 169 43 course,
717 2609 65 28 we
816 2600 125 37 must
975 2600 82 37 not
1092 2596 56 41 be
1184 2594 249 55 dogmatic;
1466 2608 142 41 many
1640 2595 222 42 fractures
1898 2609 75 28 are

345 2655 133 44 °Ured
507 2665 196 47 without
735 2685 58 27 an
824 2671 237 55 operation
1093 2672 92 42 and
1214 2685 66 28 we
1311 2675 123 38 must
1459 2685 93 42 say
1579 2671 118 49 that,
1731 2670 242 56 especially

344 2716 45 54 n
420 2732 78 45 the
529 2740 245 61 beginning
808 2748 46 41 of
887 2747 78 43 the
998 2763 93 27 war
1123 2748 92 44 and
1242 2762 114 27 even
1374 2761 118 35 now,
1519 2761 123 27 some
1670 2762 303 44 unnecessary

344 2805 254 56 Operations
622 2822 119 44 have
772 2825 237 42 disturbed
1040 2825 77 42 the
1152 2824 304 54 osteogenetic
1480 2837 227 41 processes
1740 2826 90 41 and
1854 2826 118 42 have

344 2884 194 50 esulted
554 2895 54 43 in
641 2913 27 27 a
699 2901 112 42 false
838 2901 132 54 joint,
990 2902 84 42 but
1102 2916 58 28 on
1185 2901 79 41 the
1291 2900 131 42 other
1446 2901 125 42 hand
1589 2900 35 42 if
1651 2916 57 28 an
1736 2903 237 54 operation

344 2946 35 46 IS
408 2968 82 38 not
520 2970 117 46 done
667 2977 132 42 when
829 2977 232 43 indicated
1091 2978 36 41 it
1158 2991 109 40 may
1296 2978 201 53 provoke
1530 2978 175 43 osteitis
1737 2980 91 42 and
1859 2994 113 29 even

346 3035 335 67 osteomyelitis,
725 3056 91 40 and
856 3056 128 41 there
1024 3055 170 42 results
1228 3058 77 38 too
1347 3054 262 57 frequently
1648 3056 104 43 that
1793 3057 180 55 variety

344 3105 44 41 of
410 3111 198 57 fracture
629 3129 150 43 which
803 3131 21 41 I
850 3131 86 42 call
958 3132 199 41 fracture
1183 3130 44 42 of
1253 3144 26 27 a
1305 3131 42 42 «
1347 3131 214 42 medullar
1584 3136 158 51 type)).

429 3191 232 56 Conclusion
661 3191 64 56 :
763 3207 43 41 If
840 3222 27 27 a
900 3208 199 42 fracture
1132 3210 205 52 presents
1372 3207 302 55 suppuration
1707 3208 149 42 which
1889 3208 83 41 has

343 3267 26 39 4
393 3265 227 79 tendency
645 3286 57 44 to
722 3283 199 44 increase
947 3284 154 52 rather
1127 3284 113 52 than
1268 3287 49 48 tQ
1345 3284 220 50 decrease,
1594 3284 112 50 then
1734 3298 83 35 Qne
1845 3289 123 46 must
