2440 3886
529 441 60 32 TTN
618 447 132 33 SIGNE
780 452 81 30 DES
893 450 340 32 CONSTRICTIONS
1265 450 83 30 DES
1376 450 255 30 MACHOIRES
1815 450 81 41 107

305 516 20 27 e
345 507 36 45 le
403 516 105 51 faire
531 535 231 44 connaître
784 539 26 41 à
832 544 103 36 tous
958 553 113 27 ceux
1093 538 77 54 qui
1192 542 78 37 ont
1293 537 26 40 à
1341 537 231 42 examiner
1594 538 75 41 des
1692 543 203 45 contrac-

280 589 108 40 Ures
419 596 73 46 des
523 610 261 46 mâchoires.

355 663 121 53 Voici
499 679 37 44 le
561 699 73 30 cas
660 691 77 53 qui
761 706 25 28 a
811 694 71 40 été
905 692 38 42 le
968 692 128 55 point
1122 692 53 41 de
1200 691 160 54 départ
1386 691 53 41 de
1464 706 93 27 mes
1582 691 314 43 observations

276 741 21 28 a
324 750 44 31 Ce
397 752 128 53 sujet.

272 935 67 43 tob
346 880 322 64 OBSERVATION.
685 929 53 4 —
753 909 57 37 Le
824 908 138 39 soldat
980 908 83 38 H.
1088 907 140 41 arrive
1249 906 106 39 dans
1378 911 122 34 notre
1522 907 160 38 service
1703 908 44 50 le
1747 908 60 50 19
1828 920 65 26 oc-

272 935 42 98 r
314 935 64 98 re
378 935 130 98 1917
534 978 108 37 pour
664 984 82 27 une
771 973 277 39 constriction
1074 974 85 37 très
1185 973 133 37 serrée
1343 970 73 40 des
1440 971 233 40 mâchoires
1698 973 197 38 consécu-

271 999 82 98 tive
377 1027 22 26 <
423 1032 82 32 une
529 1033 201 43 ancienne
755 1038 186 39 blessure
966 1049 78 39 par
1066 1050 84 26 une
1174 1037 110 38 balle
1310 1036 85 51 qui,
1424 1038 141 38 entrée
1591 1050 50 25 en
1667 1038 151 38 arrière
1843 1038 53 38 de

271 1059 24 38 l'
300 1078 111 47 angle
431 1086 109 46 droit
560 1098 57 38 du
637 1102 235 39 maxillaire
890 1103 210 45 inférieur,
1123 1101 115 39 avait
1260 1101 186 39 fracturé
1464 1102 38 38 le
1521 1101 233 40 maxillaire
1774 1104 121 49 supé-

273 1136 100 92 eur
396 1159 52 29 au
472 1157 153 45 niveau
650 1165 52 40 de
726 1167 41 56 la
791 1168 132 38 voûte
947 1168 201 51 palatine.

273 1203 58 94 {.t
331 1203 89 94 .Les
436 1220 129 47 Plaies
582 1230 208 41 résultant
807 1233 53 38 de
875 1237 112 35 cette
1003 1233 198 44 blessure,
1216 1230 72 52 qui
1299 1232 100 38 date
1410 1233 57 39 du
1481 1240 48 39 15
1542 1232 221 38 décembre
1775 1240 119 42 1915,

273 1257 35 103 Í
312 1266 107 49 aIent
446 1292 327 49 complètement
801 1298 257 45 cicatrisées;
1087 1297 29 38 il
1144 1295 149 39 restait
1321 1297 24 37 à
1373 1296 124 50 peine
1523 1297 53 38 de
1603 1300 117 34 trace
1746 1296 150 38 visible

271 1322 47 42 de
335 1332 39 42 la
392 1342 182 53 blessure
595 1365 184 43 externe,
801 1363 42 38 la
863 1363 185 39 fracture
1068 1363 57 38 du
1145 1361 235 40 maxillaire
1399 1361 217 51 supérieur
1635 1360 118 40 avait
1772 1360 125 39 laissé

271 1396 73 38 e
361 1403 149 52 double
528 1424 260 46 perforation
807 1428 188 50 palatine
1013 1427 161 38 d'assez
1193 1426 128 40 faible
1339 1426 234 39 dimension
1592 1438 106 39 pour
1716 1425 179 51 laquelle

272 1461 47 33 On
348 1474 113 41 avait
491 1487 293 44 confectionné
813 1506 58 25 un
904 1492 186 51 appareil
1120 1491 274 51 prothétique
1424 1492 24 37 à
1479 1504 47 27 ce
1555 1491 135 39 blessé
1721 1492 105 38 dans
1857 1492 39 37 le

271 1528 43 67 r
314 1528 65 67 re
379 1528 371 67 niaxillo-facial
785 1557 54 38 où
874 1557 28 39 il
937 1556 117 40 avait
1091 1558 66 37 été
1191 1556 143 50 soigné
1368 1555 381 47 antérieurement,
1749 1555 144 47 mais,

271 1578 20 39 a
311 1599 69 36 son
401 1612 139 40 entrée
560 1617 105 41 dans
686 1626 122 34 notre
828 1621 170 46 service,
1020 1622 42 38 la
1081 1621 277 38 constriction
1379 1621 269 52 l'empêchait
1669 1621 51 39 de
1739 1625 155 35 mettre

271 1656 59 35 Cet
363 1675 182 45 appareil
576 1696 50 26 en
661 1687 131 49 place.
829 1689 121 38 Cette
985 1687 288 45 constriction,
1311 1699 50 26 en
1398 1687 111 46 effet,
1546 1700 53 26 ne
1632 1687 260 50 permettait,

272 1722 106 100 re
409 1734 58 42 les
499 1744 137 51 dents,
672 1751 172 51 longues
879 1756 41 36 et
955 1766 51 25 en
1039 1752 298 45 surocclusion,
1374 1752 157 50 qu'une
1564 1756 226 35 ouverture
1824 1751 70 39 d'à

272 1784 109 47 peine
402 1812 56 32 un
484 1812 260 44 centimètre.

270 1916 37 32 111
378 1873 44 27 ar
450 1869 42 41 la
521 1878 234 52 palpation,
790 1895 54 27 on
876 1896 52 26 ne
960 1882 247 40 découvrait
1239 1894 164 28 aucune
1426 1882 131 40 lésion
1581 1887 231 48 apparente
1835 1884 57 38 du

270 1916 48 103 1
318 1916 171 103 laire
516 1939 199 47 inférieur
742 1947 73 52 qui
843 1961 53 26 ne
922 1948 225 51 paraissait
1176 1961 76 38 pas
1281 1947 121 40 avoir
1429 1949 66 38 été
1523 1948 200 40 intéressé
1751 1961 77 39 par
1855 1949 37 37 le

270 1981 215 66 C
520 2019 77 37 pas
630 2011 96 51 plus
760 2026 81 38 que
875 2012 303 41 l'articulation
1213 2012 542 52 temporo-maxillaire.

342 2052 110 49 AVec
483 2068 344 49 l'ouvre-bouche
858 2091 54 25 on
944 2077 309 52 n'augmentait
1285 2078 289 39 l'écartement
1602 2090 81 38 que
1704 2078 52 39 de
1777 2079 115 50 quel-

268 2113 95 95 Su
379 2126 259 66 ronillimètres
655 2147 47 34 et
716 2148 113 34 cette
847 2143 266 51 exploration
1131 2142 256 52 provoquait
1406 2144 52 38 de
1475 2145 43 37 la
1534 2148 97 46 part
1650 2143 58 39 du
1725 2144 168 39 malade

268 2164 279 76 Sistance
570 2208 41 34 et
634 2208 41 37 la
699 2208 177 41 douleur
897 2220 81 38 que
998 2209 89 39 l'on
1110 2209 176 37 observe
1309 2208 105 38 dans
1437 2208 73 38 des
1533 2221 71 26 cas
1627 2208 263 39 semblables.

270 2295 23 38 el
342 2244 113 52 Dans
476 2274 66 29 ces
565 2271 253 47 conditions,
839 2273 42 48 je
906 2286 68 26 me
995 2271 248 40 demandais
1269 2271 65 39 s'il
1357 2285 29 37 y
1411 2272 118 39 avait
1554 2274 181 48 quelque
1760 2272 131 39 lésion

270 2295 65 101 des
352 2320 310 59 Ptérygoïdiens
682 2336 164 41 interne
874 2350 54 26 ou
951 2341 172 36 externe
1153 2337 175 50 capable
1358 2337 265 51 d'expliquer
1651 2342 112 35 cette
1793 2350 96 26 con-

270 2363 170 80 racture
440 2363 107 80 que
570 2398 37 40 le
637 2401 135 39 blessé
799 2402 117 39 avait
949 2402 96 49 déjà
1077 2402 217 51 présentée
1328 2401 353 40 antérieurement
1715 2402 105 38 dans
1852 2402 38 39 le

268 2434 59 35 s
358 2439 6 6 ,

270 2499 16 25 r
308 2497 11 38 1
329 2448 84 65 pe
438 2456 54 38 où
517 2459 28 39 il
571 2466 117 38 avait
715 2468 66 37 été
806 2467 143 50 soigné
975 2470 41 35 et
1043 2465 72 52 qui
1141 2465 219 40 récidivait
1386 2467 122 50 après
1531 2479 83 26 une
1640 2466 251 51 disparition

269 2497 36 103 t
305 2497 127 103 elhve
455 2520 51 41 de
530 2530 201 51 quelques
753 2532 108 38 mois
884 2545 54 26 au
962 2532 120 51 point
1107 2532 51 38 de
1181 2530 227 40 nécessiter
1429 2544 83 26 une
1534 2532 193 38 nouvelle
1751 2531 139 51 hospi-

269 2557 39 68 a
308 2557 177 68 Isation.

280 2700 12 25 )
320 2633 25 73 ,
345 2633 51 73 Le
417 2645 133 49 blessé
569 2666 146 43 ayant,
732 2674 54 26 au
800 2673 122 28 cours
943 2663 52 38 de
1017 2675 76 26 son
1108 2660 334 52 interrogatoire,
1460 2660 174 52 indiqué
1650 2661 104 50 qu'il
1771 2662 118 39 avait

267 2714 183 100 -
480 2733 83 27 une
591 2726 219 42 déchirure
837 2728 52 37 de
913 2726 269 52 l'amygdale,
1208 2725 43 48 je
1275 2741 66 25 me
1363 2725 187 53 disposai
1567 2729 24 37 à
1613 2726 215 40 examiner
1842 2740 44 27 sa

267 2766 125 48 ol'ge.

267 2828 47 89 p
314 2828 47 89 m
361 2828 47 89 >
408 2828 285 89 é,clairant
723 2869 101 27 avec
853 2858 37 39 le
918 2856 147 41 miroir
1090 2857 52 38 de
1171 2856 107 45 Clar,
1301 2868 58 27 vu
1377 2855 250 40 l'étroitesse
1654 2857 57 39 du
1733 2856 154 52 champ

267 2879 37 107 (t
308 2900 268 95 exPloration,
596 2919 278 42 i'introduisis
892 2922 366 48 l'abaisse-langue
1276 2925 117 35 entre
1409 2921 60 39 les
1487 2922 171 38 arcades
1677 2921 211 40 dentaires

267 2952 37 96 (1
322 2968 175 58 aPPuyai
497 2968 307 58 l'instrument
824 2995 70 31 sur
910 2988 41 38 la
968 2988 101 38 base
1086 2987 52 38 de
1154 2986 41 38 la
1212 2986 152 50 langue
1381 2999 163 27 comme
1561 2987 29 38 il
1608 2992 63 34 est
1689 2991 199 37 coutume

267 3010 47 99 s
343 3024 99 77 aire
472 3055 107 37 pour
608 3063 46 27 ce
685 3065 125 37 genre
840 3051 331 52 d'exploration;
1204 3050 24 37 à
1260 3063 46 27 ce
1336 3058 204 39 moment,
1573 3053 25 37 à
1629 3066 70 25 ma
1730 3055 158 47 grande

267 3088 169 52 surprise
457 3113 41 34 et
520 3111 106 56 bien
626 3111 85 56 que
711 3111 64 56 je
775 3111 194 56 n'eusse
990 3118 144 38 exercé
1152 3128 163 27 aucune
1332 3117 190 50 pression
1541 3129 73 27 sur
1630 3118 128 49 elles,
1758 3118 55 49 je
1813 3118 74 49 vis

265 3143 88 99 tout
375 3173 28 60 à
420 3179 107 45 coup
550 3179 59 38 les
625 3184 172 37 arcades
810 3182 213 39 dentaires
1037 3182 209 44 s'écarter,
1264 3193 96 27 sans
1376 3183 137 45 effort,
1530 3183 52 38 de
1596 3184 112 37 deux
1724 3188 164 34 travers

266 3204 74 115 de
340 3220 128 60 doIgt,
489 3252 68 28 me
585 3251 262 44 permettant
868 3259 84 27 une
980 3247 112 50 large
1122 3245 264 51 exploration
1415 3248 52 37 de
1492 3247 44 38 la
1565 3259 124 38 gorge
1719 3247 86 51 qui,
1836 3261 51 25 en

267 3269 45 43 e
369 3301 37 29 rs
439 3300 125 46 d'une
598 3310 274 41 dilacération
906 3311 201 40 ancienne
1142 3315 42 34 et
1218 3323 84 25 non
1332 3311 176 39 fibreuse
1549 3312 50 39 de
1634 3313 253 50 l'amygdale
