2354 3903
454 413 86 39 112
841 414 55 28 LA
912 415 349 38 RESTAURATION
1290 417 406 35 MAXILLO-FACIALE

456 496 243 51 externally,
721 497 79 39 but
821 498 72 39 the
912 500 184 41 fracture
1113 504 47 48 of
1180 502 74 38 the
1272 514 137 39 upper
1430 502 88 49 jaw
1518 502 111 49 had
1649 503 76 39 left
1747 517 25 25 a
1791 504 121 40 small
1932 501 155 42 double

452 561 259 50 perforation
733 560 44 40 of
799 563 73 39 the
893 565 142 51 palate
1058 568 66 37 for
1145 566 137 40 which
1305 580 24 25 a
1357 567 238 51 prosthetic
1619 572 232 48 apparatus
1874 570 85 39 had
1981 570 120 38 been
2101 570 49 38 v

453 626 125 44 made
597 622 72 42 for
692 621 73 45 the
788 622 167 58 patient
981 631 43 38 in
1044 625 80 46 the
1148 624 188 60 hospital
1360 632 137 38 where
1522 632 53 38 he
1600 625 87 47 had
1712 634 107 38 been
1843 632 261 52 previously
2104 632 48 52 ;

455 691 181 47 treated;
664 696 45 34 at
733 693 74 39 the
818 693 115 41 "time
946 684 115 53 when
1061 684 93 53 he
1177 710 120 27 came
1320 700 45 35 to
1390 709 64 33 us,
1481 698 203 46 however,
1712 698 73 39 the
1808 692 283 46 constriction
2136 684 16 56 ;

453 756 232 49 prevented
701 751 74 45 the
791 760 265 48 adjustment
1073 763 44 39 of
1125 762 80 39 the
1221 758 234 56 apparatus
1467 761 49 39 in
1533 758 84 44 the
1617 758 168 44 mouth.
1857 764 89 39 The
1961 764 130 39 latter

453 816 125 44 could
595 823 185 51 scarcely
795 825 53 38 be
865 819 162 58 opened
1043 825 45 41 to
1108 833 25 33 a
1149 827 136 40 width
1304 827 42 38 of
1364 838 20 27 I
1404 840 79 26 cm.
1503 827 191 40 between
1712 828 74 39 the
1802 830 130 44 teeth,
1952 822 137 51 which

457 894 114 31 were
589 886 98 54 long
716 891 83 46 and
827 890 44 39 in
899 892 392 51 supra-occlusion.
1359 894 66 38 Oil
1452 892 223 52 palpation
1702 906 57 29 no.
1786 894 133 38 lesion
1947 894 44 38 of
2019 892 129 43 the

457 951 125 40 lower
615 953 82 48 jaw
729 968 99 27 was
850 962 225 46 apparent;
1112 958 173 39 neither
1312 958 85 38 this
1431 970 77 28 nor
1543 959 73 38 the
1656 958 437 53 temporo-maxillary

459 1017 272 41 articulation
764 1022 164 39 seemed
959 1026 45 34 to
1036 1024 111 38 have
1177 1024 107 38 been
1314 1022 172 52 injured
1486 1022 86 52 by
1602 1024 74 38 the
1706 1023 235 53 projectile.
2025 1024 75 47 By
2100 1024 51 47 -

458 1083 73 39 the
552 1097 74 26 use
649 1085 43 39 of
712 1082 281 44 instruments
1015 1088 34 38 it
1073 1101 85 26 was
1179 1086 247 54 impossible
1448 1083 44 43 to
1514 1088 141 40 widen
1679 1090 73 38 the
1775 1088 182 52 opening
1978 1096 116 32 more

461 1150 105 38 than
592 1151 37 40 a
629 1151 93 40 few
744 1152 275 47 millimeters,
1048 1155 84 38 and
1154 1154 78 38 the
1256 1153 222 52 operation
1504 1156 155 38 caused
1685 1155 73 38 the
1785 1158 185 36 extreme
1995 1152 100 54 pain

462 1216 84 39 and
571 1216 234 40 resistance
823 1230 55 26 on
902 1205 74 52 the
988 1222 108 48 part
1123 1221 43 38 of
1190 1220 73 38 the
1287 1219 167 52 patient
1479 1219 137 40 which
1640 1219 35 38 is
1699 1219 170 51 usually
1893 1214 217 44 observed

461 1274 273 48 in
734 1274 455 48 such
1189 1274 728 48 cases..

542 1347 134 47 These
695 1345 113 42 facts
829 1348 69 40 led
919 1362 68 26 me
1010 1352 44 35 to
1078 1348 172 41 wonder
1269 1349 187 39 whether
1478 1349 74 39 the
1572 1352 274 37 contracture
1865 1349 137 51 might
2024 1348 76 40 not

464 1412 52 38 be
539 1413 83 38 due
644 1416 45 35 to
714 1426 115 27 some
850 1413 133 40 lesion
1008 1415 42 38 of
1074 1415 73 38 the
1168 1414 183 39 internal
1374 1427 47 26 or
1444 1414 196 64 external
1640 1414 240 64 pterygoid
1904 1413 197 41 muscles,

466 1476 227 53 especially
717 1479 145 50 seeing
894 1480 106 38 that.
1025 1480 73 39 the
1128 1479 167 51 patient
1328 1479 85 39 had
1447 1480 145 39 shown
1616 1480 82 38 the
1729 1480 297 49 phenomenon
2058 1475 43 39 in

465 1542 196 51 question
683 1543 154 51 during
858 1542 65 41 his
945 1544 93 38 first
1062 1544 90 50 stay
1152 1544 73 50 in
1248 1542 187 52 hospital
1457 1544 84 38 and
1562 1544 98 45 had,
1686 1544 110 40 after
1818 1556 54 26 an
1896 1541 237 58 apparent

466 1600 97 59 cure
563 1600 177 59 lasting
763 1608 160 39 several
945 1609 184 45 months,
1156 1608 189 50 relapsed
1369 1608 58 39 to
1427 1608 117 39 such
1568 1621 53 25 an
1646 1612 149 35 extent
1819 1609 96 39 that
1939 1608 35 39 it
1997 1608 107 38 been

470 1667 224 57 necessary
714 1677 45 34 to
782 1672 122 52 again
926 1672 134 41 admit
1082 1672 88 41 him
1193 1677 44 34 to
1260 1672 198 52 hospital.-

547 1739 60 38 As
634 1738 53 38 he
714 1738 87 39 had
828 1737 208 41 informed
1063 1752 81 32 me,
1175 1737 152 51 during
1355 1738 73 39 the
1455 1740 146 39 course
1627 1739 47 38 of
1702 1738 73 39 the
1805 1733 298 46 examination,

468 1803 96 38 that
589 1801 70 55 the
659 1801 159 55 .tonsil
841 1802 85 40 had
951 1803 107 39 been
1082 1802 187 49 injured,
1291 1802 20 38 I
1336 1804 213 50 prepared
1566 1808 45 34 to
1640 1803 191 40 examine
1856 1803 65 39 his
1946 1804 160 47 throat.

467 1866 123 52 Using
590 1866 63 52 a
681 1866 129 40 Clar's
837 1866 150 41 mirror
1014 1867 20 38 I
1062 1867 254 40 introduced
1342 1875 25 31 a
1394 1869 395 51 tongue-depressor
1815 1870 191 38 between
2034 1867 72 39 the

461 1931 152 40 dental
632 1919 164 58 arches,
823 1933 73 38 the
921 1931 97 40 field
1044 1933 43 38 of
1113 1932 265 52 exploration
1401 1922 126 62 being
1552 1945 44 26 so
1622 1945 177 35 narrow,
1827 1934 85 39 and
1936 1922 171 63 pressed

469 1987 75 49 the
567 1986 257 50 instrument
850 1997 124 39 down
1000 2010 56 27 on
1082 1998 74 40 the
1181 1988 102 49 base
1309 1998 44 38 of
1378 1998 74 38 the
1478 2002 158 47 tongue
1663 2011 45 27 as
1733 1998 36 39 is
1795 2004 245 44 customary
2065 1994 43 39 in

468 2062 87 40 this
575 2061 104 41 kind
698 2063 43 39 of
763 2062 305 48 examination;
1091 2067 45 35 to
1156 2076 76 38 my
1246 2060 121 53 great
1389 2060 182 54 surprise
1589 2064 75 38 the
1684 2064 144 39 dental
1847 2056 147 47 arches
2014 2060 96 41 sud-

471 2124 129 56 denly
600 2124 173 56 opened
791 2125 254 53 sufficiently
1045 2125 118 53 wide
1184 2128 175 51 (though
1378 2129 19 38 I
1417 2120 85 47 had
1519 2131 75 48 put
1594 2131 76 48 no
1688 2140 192 38 pressure
1897 2129 217 38 whatever

470 2207 56 26 on
552 2193 130 52 them)
698 2192 79 50 :to
777 2192 140 50 admit
944 2197 82 35 two
1053 2193 152 51 fingers
1223 2193 98 40 and
1321 2193 196 40 allowed
1517 2193 99 40 me
1632 2198 43 34 to
1701 2194 126 38 make
1851 2188 46 52 a
1897 2188 211 52 thorough

472 2257 286 42 examination
790 2259 43 38 of
865 2252 74 45 the
970 2259 156 45 throat,
1161 2258 156 44 which,-
1342 2258 170 50 beyond
1545 2272 55 25 an
1631 2257 71 40 old
1733 2259 85 38 and
1849 2258 263 38 non-fibrous

472 2322 279 41 dilaceration
773 2322 59 42 of
844 2322 73 38 the
944 2321 112 53 right
1084 2316 141 52 tonsil,
1256 2322 168 38 showed
1451 2321 179 51 nothing
1656 2321 45 39 of
1726 2321 189 39 interest.

552 2376 64 51 As
616 2376 131 51 soon
772 2400 46 26 as
848 2387 19 38 I
897 2384 85 42 had
1011 2385 178 50 finished
1216 2400 76 37 my
1320 2385 287 41 examination
1637 2386 19 38 I
1688 2386 126 39 asked
1814 2386 106 39 the
1947 2378 165 58 patient

474 2451 43 40 to
549 2449 109 56 open'
658 2449 91 56 his
777 2453 164 46 mouth,
957 2445 90 46 but
1047 2445 90 46 the
1137 2445 319 46 constriction
1484 2446 123 56 again
1634 2446 233 57 prevented
1894 2448 66 42 his
1989 2448 127 47 doing

475 2527 47 29 so
538 2511 110 46 until
667 2519 20 38 I
705 2518 233 52 proceeded
957 2521 43 35 to
1020 2518 126 40 make
1164 2517 34 39 a
1198 2517 121 39 fresh
1339 2516 268 52 exploration
1620 2517 44 38 of
1681 2516 78 39 the
1759 2516 158 39 throat
1936 2514 179 40 without

477 2581 151 52 calling
653 2583 205 51 patient's
884 2583 215 49 attention
1126 2586 45 34 to
1200 2582 72 38 the
1298 2581 296 51 phenomenon
1615 2581 27 37 I
1661 2581 95 49 had
1780 2581 90 48 just
1898 2575 217 44 observed.

568 2717 56 41 In
661 2719 118 42 view
818 2720 44 40 of
902 2720 80 41 the
1023 2719 355 55 disappearance
1418 2717 44 41 of
1494 2717 97 42 the
1591 2717 319 42 contracture
1951 2730 48 28 as
2037 2714 78 41 the

482 2793 142 42 result
650 2796 45 40 of
720 2808 48 29 so
794 2796 160 55 simple
979 2810 27 28 a
1030 2809 194 42 process,
1251 2794 93 42 and
1366 2793 61 42 its
1450 2807 332 41 reappearance
1806 2788 313 53 immediately

483 2870 280 51 afterwards,
792 2872 78 42 the
898 2888 100 28 case
1024 2887 92 28 was
1141 2870 267 55 manifestly
1434 2884 84 28 one
1545 2870 46 41 of
1617 2870 143 43 reflex
1786 2870 143 53 origin
1956 2868 92 43 and
2072 2864 46 42 in

483 2944 168 43 nowise
698 2946 45 40 of
790 2961 58 28 an
895 2949 207 53 organic
1124 2949 248 41 character.
1480 2946 205 42 Suitable
1731 2950 252 39 treatment
2028 2952 91 33 was

481 3022 236 43 therefore
739 3022 151 54 begun
912 3025 64 54 (I).

550 3142 39 40 (1)
613 3139 81 32 This
706 3142 190 38 treatment,
908 3152 34 20 as
955 3144 140 40 applied
1109 3145 46 39 by
1171 3154 57 30 my
1241 3143 138 41 capable
1394 3143 65 29 and
1476 3142 252 40 indefatigable
1737 3143 164 37 assistant,
1918 3141 45 30 M.
1974 3138 146 33 Maurice

486 3191 167 38 Delestre,
673 3187 169 30 consisted
857 3189 32 27 in
906 3199 18 19 a
939 3191 186 38 graduated
1140 3193 102 28 series
1259 3191 40 30 of
1312 3190 152 40 physical
1477 3190 64 29 and
1557 3190 124 29 mental
1696 3189 231 30 re-educative
1946 3188 173 30 exercises-

489 3239 55 30 On
563 3238 49 29 his
630 3235 188 38 discharge,
836 3236 74 32 two
910 3236 149 32 months
1075 3238 96 39 later,
1196 3239 132 39 patient
1345 3237 114 42 could
1468 3247 88 30 open
1578 3237 52 28 his
1660 3236 119 30 mouth
1802 3234 264 42 spontaneously
2089 3233 32 26 to

490 3296 16 20 a
533 3280 148 36 distance
701 3281 40 31 of
754 3290 36 22 21
811 3290 76 20 mm.
