2425 3886
675 470 88 29 THE
792 473 265 28 TREATMENT
1088 473 53 28 OF
1171 472 216 28 SALIVARY
1417 472 211 28 FISTULAE
1888 470 75 40 123

343 543 87 41 and
463 554 266 54 centripetal
762 558 157 53 digital
951 558 266 41 vibrations.
1311 558 141 41 These
1484 563 299 44 movements,
1818 558 148 53 begun

342 610 188 53 without
560 624 78 43 hot
667 628 67 40 air
760 629 91 41 and
879 629 245 41 continued
1152 629 143 41 under
1322 628 76 41 the
1428 629 78 40 hot
1536 629 65 40 air
1629 633 194 45 current,
1851 643 115 28 were

339 678 207 62 designed
581 701 47 37 to
663 700 160 41 render
855 700 77 41 the
967 699 104 42 field
1105 700 46 40 of
1183 699 151 41 action
1369 713 123 28 more
1526 700 243 42 accessible
1802 705 48 37 to
1883 700 78 43 the

336 747 158 61 fingers
528 769 90 40 and
653 774 48 37 to
736 784 249 40 encourage
1020 771 252 53 resorption
1307 770 44 40 of
1386 770 78 41 the
1499 771 282 41 infiltration.

422 830 128 46 After
577 840 78 42 the
683 855 204 40 massage
915 842 77 41 the
1020 842 152 53 region
1199 855 91 27 was
1318 842 180 40 treated
1525 842 190 53 directly
1742 843 111 40 with
1881 843 80 41 hot

340 893 74 52 air,
445 903 75 44 the
548 908 174 45 douche
749 912 133 53 being
909 913 196 52 brought
1133 913 97 40 into
1258 916 182 36 contact
1468 911 97 41 first
1592 912 111 40 with
1729 912 78 41 the
1836 918 130 36 outer

339 964 96 48 skin
471 980 174 44 surface
681 984 92 42 and
808 984 109 41 then
952 984 110 41 with
1099 984 77 40 the
1212 996 185 29 mucosa
1433 983 197 52 through
1666 983 77 41 the
1779 984 183 48 mouth;

338 1035 72 46 the
446 1044 137 48 latter
619 1067 178 40 process
833 1055 155 52 giving
1024 1055 84 41 rise
1145 1059 49 36 to
1232 1068 122 27 some
1391 1054 107 54 pain
1537 1053 76 41 the
1652 1059 179 36 current
1870 1068 91 27 was

334 1113 178 52 applied
531 1122 357 58 intermittently
909 1125 120 55 only,
1052 1126 91 40 and
1162 1125 269 41 withdrawn
1452 1139 47 26 as
1520 1138 109 27 soon
1650 1138 48 26 as
1718 1124 35 41 it
1774 1124 185 42 became

334 1172 262 63 lntolerable
628 1199 48 36 to
709 1196 77 40 the
818 1195 192 54 patient.
1103 1196 61 40 As
1197 1208 109 28 soon
1339 1209 48 26 as
1419 1195 77 41 the
1528 1208 185 27 mucosa
1746 1195 155 41 cooled
1933 1209 26 26 a

334 1242 114 55 little
478 1261 76 43 the
583 1279 179 39 process
790 1280 91 27 was
910 1266 260 49 continued,
1201 1266 104 48 and,
1336 1266 77 40 the
1441 1266 81 40 hot
1552 1265 64 40 air
1645 1265 151 52 acting
1825 1279 49 26 as
1903 1279 58 26 an

336 1325 232 58 analgesic,
598 1336 77 42 the
703 1337 212 41 duration
943 1336 46 41 of
1015 1337 277 53 application
1319 1350 91 27 was
1436 1335 238 54 gradually
1700 1335 259 53 prolonged.

336 1385 88 51 The
459 1401 159 58 sitting
653 1407 249 42 concluded
936 1408 111 40 with
1083 1421 25 26 a
1144 1408 85 40 few
1264 1406 259 54 effleurages
1558 1411 47 36 to
1641 1410 206 49 promote
1884 1406 77 41 the

335 1458 259 59 circulation
629 1477 45 41 in
709 1478 77 41 the
820 1477 196 42 affected
1050 1477 164 53 region.

418 1537 66 57 By
526 1544 266 56 September
834 1548 109 41 28th
985 1548 77 42 the
1105 1562 281 40 appearance
1430 1548 44 41 of
1517 1548 77 41 the
1636 1547 188 42 cicatrix
1867 1548 91 40 had

333 1600 181 67 already
556 1617 251 55 improved,
852 1618 237 54 becoming
1133 1619 158 54 supple
1335 1620 91 42 and
1466 1619 87 42 less
1596 1619 240 48 adherent;
1882 1618 77 41 the

334 1674 172 51 (edema
528 1689 45 39 of
593 1690 77 40 the
692 1690 96 41 face
810 1689 91 41 had
921 1689 238 54 markedly
1180 1690 252 49 decreased,
1456 1689 219 53 although
1707 1689 77 41 the
1808 1689 152 42 fistula

334 1744 86 43 still
444 1758 233 48 persisted.
761 1760 94 40 The
878 1759 138 41 latter
1038 1760 92 40 had
1154 1760 272 41 diminished
1450 1759 314 55 considerably
1787 1759 45 41 in
1857 1759 101 49 size,

333 1808 78 51 but
438 1824 76 44 the
541 1830 142 41 saliva
710 1830 90 41 still
826 1830 164 54 passed
1014 1831 198 53 through
1238 1831 49 48 it,
1317 1831 241 54 especially
1584 1845 56 27 on
1668 1831 290 41 mastication

332 1893 46 31 0r
409 1904 56 30 on
497 1911 91 42 any
619 1901 90 41 real
741 1901 154 48 effort;
928 1901 107 41 food
1067 1901 224 54 particles,
1315 1901 221 49 however,
1570 1916 113 27 were
1716 1915 56 27 no
1805 1901 154 53 longer

332 1963 111 40 seen.
521 1971 94 41 The
642 1972 177 54 patient
847 1972 91 40 had
965 1972 148 52 begun
1141 1977 46 36 to
1215 1977 75 36 eat
1316 1973 111 40 with
1453 1973 137 41 much
1616 1986 123 28 more
1767 1972 189 55 facility,

331 2032 87 40 and
444 2040 133 42 could
603 2056 115 40 open
744 2042 68 41 his
838 2043 163 41 mouth
1027 2048 47 35 to
1101 2043 77 40 the
1205 2047 157 37 extent
1390 2044 45 39 of
1463 2055 52 28 22
1542 2043 128 56 m/m.

411 2103 69 57 By
505 2110 198 44 October
728 2113 107 53 19th
859 2113 78 41 the
962 2112 152 42 fistula
1138 2127 91 27 was
1254 2113 162 49 closed,
1444 2114 92 41 and
1560 2127 58 27 no
1646 2114 111 41 fluid
1781 2115 174 53 passed.

329 2162 286 62 Mastication
643 2184 91 40 had
762 2183 257 53 improved;
1049 2183 178 54 patient
1256 2183 134 42 could
1418 2198 116 39 open
1563 2184 68 40 his
1659 2185 163 42 mouth
1850 2198 107 26 ano-

328 2233 98 47 ther
453 2257 23 29 2
504 2250 128 49 m/m,
662 2251 92 41 and
779 2265 91 26 was
898 2251 152 52 eating
1076 2264 124 27 more
1228 2251 153 54 easily.
1470 2251 95 41 The
1592 2265 99 28 scar
1716 2266 91 26 was
1835 2265 122 28 more

325 2313 176 53 supple;
539 2320 35 41 it
612 2335 91 27 was
744 2321 91 41 still
874 2321 182 48 fibrous,
1096 2321 83 41 but
1224 2335 56 26 no
1318 2322 155 52 longer
1509 2323 255 51 congested.
1861 2322 95 42 The

326 2371 266 61 infiltration
625 2392 44 41 of
702 2392 78 41 the
814 2392 138 41 cheek
984 2392 92 40 had
1109 2392 267 54 practically
1409 2393 310 53 disappeared.

410 2455 60 43 At
499 2461 77 42 the
602 2463 110 42 time
741 2463 45 41 of
812 2462 179 53 writing
1016 2462 79 41 the
1122 2461 153 43 fistula
1302 2462 36 41 is
1366 2462 91 41 still
1486 2463 272 54 completely
1786 2463 169 49 closed;

325 2516 74 47 the
429 2533 162 43 mouth
621 2547 139 41 opens
790 2533 165 42 almost
985 2532 225 55 normally
1243 2532 69 53 (33
1343 2533 156 54 m/m);
1531 2534 77 41 the
1639 2535 133 51 edges
1802 2535 45 41 of
1878 2535 77 41 the

325 2598 95 37 scar
451 2613 73 30 are
558 2604 147 50 clean;
740 2604 177 54 patient
950 2604 124 42 feeds
1107 2604 179 41 himself
1319 2603 125 55 quite
1477 2604 97 41 well
1608 2605 91 40 and
1732 2605 133 42 could
1898 2607 57 40 do

327 2669 46 30 so
404 2680 111 33 even
548 2674 150 42 better
727 2689 113 28 were
871 2674 36 41 it
939 2679 80 37 not
1050 2675 69 40 for
1150 2674 77 41 the
1259 2674 226 51 fragment
1518 2673 45 40 of
1595 2674 77 41 the
1703 2673 134 43 lower
1866 2676 89 52 jaw

324 2731 144 50 which
494 2743 234 45 interferes
755 2745 111 41 with
893 2745 304 41 mastication.
1285 2744 94 41 The
1407 2743 178 53 general
1614 2744 231 41 condition
1873 2746 81 40 has

324 2810 173 56 greatly
521 2815 250 55 improved,
798 2816 91 41 and
914 2802 76 55 the
1015 2815 152 41 action
1192 2815 44 40 of
1261 2815 77 40 the
1363 2814 212 41 shoulder
1597 2814 116 53 joint
1739 2816 35 40 is
1799 2816 152 41 easier.

326 2864 161 57 Suture
510 2883 45 39 of
577 2884 78 41 the
677 2888 91 36 two
790 2884 133 53 edges
946 2884 45 40 of
1012 2884 78 41 the
1113 2896 98 28 scar
1232 2881 151 41 would
1405 2881 238 43 obliterate
1666 2883 57 41 all
1748 2885 206 41 outward

327 2939 93 56 sign
448 2952 44 40 of
519 2954 76 42 the
620 2955 167 41 fistula.

411 3078 115 46 How
553 3085 36 41 is
617 3086 77 41 the
722 3085 151 42 action
903 3085 44 41 of
974 3097 204 39 massage
1206 3084 91 40 and
1324 3083 80 41 hot
1433 3084 66 40 air
1525 3085 46 40 in
1599 3085 77 42 the
1705 3091 248 38 treatment

322 3148 43 40 of
386 3157 197 59 salivary
604 3162 177 41 fistulae
803 3167 47 36 to
872 3162 55 42 be
949 3159 265 57 explained?
1297 3160 187 42 Writers
1506 3162 99 40 who
1632 3162 116 42 have
1771 3164 182 41 studied

323 3224 74 46 the
424 3235 284 58 therapeutic
736 3239 150 41 action
916 3239 44 40 of
987 3238 76 42 the
1089 3238 138 40 latter
1253 3250 73 27 are
1355 3238 271 41 unanimous
1653 3239 44 39 in
1726 3240 226 52 declaring

320 3300 100 48 that
454 3312 35 41 it
524 3316 219 52 produces
776 3295 40 61 a
834 3315 291 55 hyperaemia
1159 3314 44 41 in
1239 3314 76 40 the
1350 3314 119 42 form
1505 3315 44 42 of
1583 3329 25 26 a
1643 3316 225 45 revulsion
1904 3331 49 30 or
