2342 3897
1002 298 130 57 VIII
1132 298 52 57 —
1184 298 52 57 2
1236 298 52 57 -
1288 298 131 57 1919

350 397 877 71 r
1227 397 878 71 -

416 496 154 72 Les
608 494 350 98 produits
1000 508 92 64 du
1140 496 504 76 Laboratoire
1684 512 86 64 de
1804 500 232 100 Trey,

944 644 212 54 entre
1216 645 231 59 autres
1447 645 67 59 :

760 754 112 72 Le
932 766 285 64 ciment
1274 758 438 94 porcelaine

824 884 804 78 "SYNTHETIC"

566 1016 300 82 (marque
918 1014 410 88 deposee
1328 1014 564 88 "SYNTREX")

577 1178 114 73 Le
748 1202 356 49 nouveau
1164 1186 284 64 ciment
1506 1178 372 73 universe!

956 1304 107 76 It
1063 1304 215 76 SOLI
1304 1304 206 76 LA"

422 1484 152 72 Les
632 1490 324 64 ciments
1016 1478 312 79 Caulk:
1394 1478 469 78 "PETROl
1863 1478 177 78 D"

564 1626 70 56 et
694 1606 147 77 It
841 1606 345 77 CROWN
1254 1606 80 74 &
1398 1608 496 76 BRIDGE"

896 1784 152 72 Les
1110 1784 462 94 amalgames

580 1916 158 70 "de
792 1912 362 74 TREY"
1216 1930 72 54 et
1345 1914 539 76 HSOLILA"

474 2060 172 56 sont
720 2040 398 100 employes
1186 2049 40 65 a
1298 2040 326 78 I'heure
1624 2040 368 78 actuelle

526 2200 140 72 par
714 2172 72 70 la
842 2171 414 95 generalite
1314 2172 134 72 des
1506 2184 426 88 praticiens.

550 2352 84 54 La
676 2350 249 55 Maison
970 2348 76 56 de
1090 2348 224 57 TREY
1360 2350 58 57 &
1465 2350 97 65 Co,
1610 2350 136 65 Ltd,
1798 2352 146 55 dans
1988 2354 58 54 le

423 2435 108 53 but
588 2434 75 53 de
718 2434 336 70 temoigner
1107 2451 111 36 son
1274 2435 215 53 interet
1533 2452 112 36 aux
1691 2452 240 37 ceuvres
1971 2436 75 54 de

428 2534 237 54 guerre,
723 2514 150 55 offre
925 2533 95 36 ses
1071 2515 275 73 produits
1406 2515 406 55 d'obturation
1863 2520 32 50 a
1940 2518 105 53 des

429 2598 338 53 conditions
814 2597 313 72 spéciales,
1172 2615 158 54 pour
1374 2598 227 71 Tusage
1647 2599 254 53 exclusif
1940 2600 105 53 des

434 2679 276 53 Services
762 2679 76 53 de
895 2678 439 72 Stomatologie
1387 2689 58 43 et
1502 2680 75 52 de
1632 2680 413 55 Restauration

429 2760 120 54 Maxi
549 2760 72 54 11
621 2760 72 54 o-
693 2760 48 54 F
741 2760 96 54 aci
837 2760 72 54 al
909 2760 73 54 e.

558 2838 157 57 Leur
770 2852 174 44 vente
1001 2851 90 45 est
1145 2843 138 53 faite
1336 2861 107 54 par
1501 2844 85 52 les
1636 2843 277 54 Maisons
1971 2844 74 53 de

436 2923 391 55 Fournitures
876 2923 341 56 Dentaires.

559 3004 528 73 Renseignements
1128 3017 59 44 et
1230 3008 327 53 litterature
1602 3017 136 43 sont
1783 3009 262 70 envoyes

429 3105 101 37 sur
576 3087 312 54 demande.

1023 3206 85 46 De
1141 3206 216 46 TREY
1391 3206 47 46 6
1475 3208 83 48 Co,
1591 3206 128 50 Ltd,
1746 3206 271 45 Londres

1070 3286 55 39 A.
1147 3286 272 45 RENAUD,
1438 3287 529 47 Reprisentant-Démonstrateur,

992 3364 75 41 25,
1094 3375 86 25 rue
1206 3365 58 34 de
1296 3365 47 34 la
1375 3364 256 42 Pépinière,
1665 3363 185 36 PARIS
1882 3361 163 41 (VIIIe)

1292 3425 158 40 T61eph.:
1472 3427 143 29 Central
1636 3427 108 29 10.73
