2393 3903
455 417 73 52 138
844 426 56 33 LA
929 418 335 44 RESfAURATION
1292 429 404 35 MAXILLO-FACIALt

500 514 254 36 Mutilations
775 515 54 35 du
850 526 73 25 nez
945 528 74 35 par
1039 515 197 41 blessures

450 563 51 35 de
521 572 139 35 guerre
681 562 192 44 corrigees
893 574 75 35 par
987 565 39 36 la
1046 566 191 37 methode

451 609 189 35 indienne
669 620 98 24 avec
795 609 192 46 inclusion
987 609 154 46 .d'une
1168 615 70 34 ba-

451 658 142 42 guette
621 656 304 46 cartilagineuse
954 648 101 47 dans
1082 660 156 47 l'epais-

450 713 93 25 seur
579 702 55 35 du
670 703 186 36 lambeau
899 703 65 46 (H.
1002 707 236 45 MORESTIN,

453 750 104 34 Bull.
586 753 35 31 et
646 751 121 34 Mem.
797 751 43 35 de
867 752 39 35 la
933 753 83 35 Soc.
1046 755 44 34 de
1118 755 120 44 Chir.,

440 801 63 40 '27
532 796 131 46 juillet
695 798 126 46 1915).

504 901 327 57 Epanchements
870 914 205 36 salivaires
1113 916 53 34 de
1201 915 43 36 la

452 958 95 45 joue
572 959 241 37 consecutifs
838 960 24 37 a
888 961 39 36 la
952 962 153 36 section
1131 973 110 25 sous-

454 1006 171 37 cutanee
659 1008 54 35 du
749 1009 115 35 canal
897 1010 52 35 de
982 1008 153 38 Stenon
1173 1009 66 45 (H.

454 1053 235 46 MORESTIN,
712 1056 103 34 Bull.
838 1059 34 31 et
889 1057 129 34 Mém:
1034 1056 44 35 de
1097 1058 39 34 la
1156 1054 83 38 Soc.

454 1100 45 35 de
521 1100 120 46 Chir.,
665 1102 201 46 27'juillet
889 1104 126 45 1915).

506 1213 125 37 Vaste
656 1215 104 46 plaie
786 1217 51 36 de
862 1216 39 36 la
927 1216 87 36 face
1039 1227 75 36 par
1140 1215 103 37 6clat

457 1262 50 36 de
528 1261 157 37 bombe.
710 1264 261 35 Destruction
993 1265 50 35 de
1064 1263 74 35 l'os
1158 1274 85 24 ma-

457 1308 107 36 laire.
587 1309 194 37 Fracture
801 1312 51 34 de
872 1310 40 36 la
933 1310 176 36 branche
1130 1321 113 24 mon-

457 1356 140 37 tante.
597 1356 161 37 Greffe
791 1357 221 45 graisseuse
1052 1357 66 45 (H.
1155 1357 88 35 Mo-

458 1411 149 27 RESTIN
633 1403 116 45 (Bull.
773 1409 33 30 et
826 1406 121 33 Mem.
970 1405 44 35 de
1035 1405 38 35 la
1094 1404 84 36 Soc.
1201 1404 43 34 de

459 1450 120 45 Chir.,
607 1460 48 35 27
680 1451 131 46 juillet
839 1452 126 43 1915).

508 1566 234 37 Mutilation
773 1567 207 46 complexe
1010 1568 51 35 de
1089 1566 39 36 la
1158 1566 88 36 face

459 1624 75 35 par
553 1614 177 36 blessure
752 1615 50 34 de
822 1624 150 34 guerre.
996 1613 250 36 Difformites

459 1661 55 34 du
539 1672 85 34 nez,
652 1662 70 35 des
746 1661 128 36 levres
899 1663 41 32 et
965 1662 50 34 de
1040 1661 39 34 la
1103 1661 145 44 langue

461 1708 193 45 corrigees
670 1719 76 34 par
761 1718 80 25 une
858 1706 99 37 serie
975 1706 273 46 d'operations

461 1754 222 46 plastiques
716 1754 66 44 (H.
812 1754 236 44 MORESTIN,
1080 1753 104 35 Bull,
1215 1756 35 31 et

463 1802 121 35 Mem.
616 1802 43 34 de
688 1802 39 34 la
756 1801 83 34 Soc.
871 1801 43 34 de
945 1800 119 46 Chir.,
1097 1812 20 33 3
1150 1800 99 35 aout

467 1848 127 44 1915).

515 1960 132 35 Grave
669 1959 221 35 difformite
911 1961 50 34 de
984 1959 39 35 la
1046 1958 87 37 face
1156 1969 92 25 con-

464 2006 180 36 secutive
669 2005 25 36 a
721 2017 82 25 une
828 2006 184 41 blessure
1032 2004 51 38 de
1109 2005 140 46 guerre

464 2053 175 46 corrigee
666 2064 76 36 par
768 2065 80 25 une
877 2053 99 37 s6rie
1004 2054 244 36 d'interven-

465 2102 107 34 tions
596 2101 66 44 (H.
684 2101 237 44 MORESTIN,
944 2102 104 34 Bull.
1072 2105 33 31 et
1124 2102 122 34 Mém.

465 2149 45 34 de
530 2149 38 34 la
588 2148 84 35 Soc.
695 2148 44 35 de
761 2148 119 45 Chir.,
904 2159 21 34 3
947 2149 99 35 aout
1068 2149 126 45 1915).

517 2267 202 45 Quelques
756 2276 67 26 cas
860 2268 52 34 de
948 2266 142 45 greffes
1126 2266 122 45 grais-

466 2324 132 27 seuses
620 2313 231 49 appliquees
872 2313 26 36 a
920 2314 39 35 la
978 2313 193 47 chirurgie
1171 2313 78 47 re-

466 2361 198 45 paratrice
701 2359 66 48 (H.
802 2361 237 45 MORESTIN,
1075 2361 104 35 Bull.
1216 2365 33 31 et

466 2408 121 35 Mem.
619 2409 43 34 de
690 2409 39 34 la
757 2408 84 35 Soc.
872 2408 44 35 de
947 2407 120 46 Chir.,
1098 2418 21 33 3
1151 2408 98 36 aout

470 2456 127 45 1915).

522 2567 76 35 Sur
629 2579 54 24 un
718 2579 66 26 cas
817 2570 50 35 de
899 2569 188 46 prothèse
1119 2569 132 36 oculo-

469 2613 231 46 palpebrale
744 2616 219 45 (COULOMB
1006 2619 41 34 et
1088 2617 160 40 RUPPE,

470 2661 103 34 Bull.
601 2665 34 31 et
658 2664 122 35 Mem.
810 2664 44 34 de
880 2664 49 34 la
929 2664 100 34 Soc.
1058 2664 43 34 de
1129 2661 120 46 Chir.,

473 2715 46 35 17
544 2708 98 34 aofit
668 2710 127 45 1915).

522 2817 66 35 Un
606 2829 154 48 apercu
770 2823 52 34 de
836 2822 41 36 la
893 2822 189 46 prothèse
1100 2824 152 33 restau-

471 2864 143 35 ratrice
640 2856 102 46 dans
766 2868 58 35 les
850 2870 196 36 fractures
1072 2870 70 34 des
1167 2868 87 36 ma-

471 2911 153 35 choires
641 2914 42 33 et
699 2912 57 36 les
772 2916 253 36 mutilations
1042 2917 51 35 de
1109 2917 41 34 la
1166 2916 89 38 face

476 2957 59 47 (L.
551 2958 133 44 FREY,
696 2959 119 37 Paris
828 2964 101 45 mid.,
929 2964 68 45 21
1012 2964 99 36 aout
1124 2963 131 45 1915).

525 3106 110 37 Plaie
660 3107 51 34 de
736 3106 39 35 la
800 3107 97 37 face.
924 3110 193 37 Fracture
1142 3113 51 34 de
1217 3111 40 36 la

472 3154 175 36 branche
691 3155 213 36 montante
947 3158 54 34 du
1036 3157 221 37 maxillaire

471 3202 199 38 inferieur.
695 3199 154 36 Fistule
870 3203 184 38 salivaire
1078 3205 67 45 (H.
1166 3205 89 35 Mo-

474 3259 163 35 RESTIN,
660 3248 104 34 Bull.
787 3249 34 32 et
838 3247 122 37 Mem.
983 3252 43 33 de
1047 3252 37 35 la
1105 3252 84 35 Soc.
1211 3253 44 34 de

476 3298 119 46 Chir.,
624 3307 44 35 31
699 3296 98 36 aout
825 3296 127 44 1915).

1347 520 225 34 MORESTIN
1612 520 41 45 (H
1653 520 56 45 ).
1744 541 53 3 —
1829 519 254 36 Mutilations

1298 569 54 34 du
1372 577 74 25 nez
1465 560 77 53 pqr
1542 560 212 53 blessures
1774 570 50 33 de
1843 578 139 34 guerre
2002 574 82 27 cor-

1299 613 124 45 rigees
1439 608 75 52 par
1524 614 41 35 la
1579 613 190 37 méthode
1784 614 188 35 indienne
1987 620 97 29 avec

1298 660 218 37 inclusion
1533 661 123 35 d'une
1695 661 193 45 baguette
1926 659 157 37 cartila-

1300 707 161 46 gineuse
1496 707 102 47 dans
1632 707 231 47 l'épaisseur
1897 709 55 34 du
1986 707 98 36 lam-

1299 756 103 35 beau
1434 754 116 46 (Bul.
1581 758 34 31 et
1640 756 120 34 MSm.
1791 756 44 33 de
1863 756 38 34 la
1929 756 84 34 Soc.
2043 753 44 35 de

1301 801 121 45 Chir.,
1455 802 52 47 27
1507 802 157 47 juillet
1697 802 143 46 1915).'

1350 907 225 41 MORESTIN
1629 912 97 48 (H.).
1775 934 53 5 —
1877 905 208 55 Epanclie-

1301 964 134 33 ments
1461 960 205 37 salivaires
1691 963 51 35 de
1767 961 40 36 la
1831 961 97 46 joue
1954 958 133 38 conse-

1302 1007 122 36 cutifs
1446 1007 25 37 a
1492 1008 41 46 la
1555 1008 152 37 section
1730 1007 100 37 sous
1830 1007 182 37 cutanee
2033 1007 55 34 du

1302 1056 116 35 canal
1442 1057 50 35 de
1517 1053 151 37 Stenon
1696 1055 118 46 (Bull.
1841 1059 34 31 et
1897 1056 121 34 Mém.
2046 1053 42 39 de

1303 1104 38 34 la
1365 1102 82 36 Soc.
1475 1102 43 35 de
1543 1102 119 46 Chir.,
1690 1113 49 35 27
1762 1102 141 47 juillet.
1933 1101 126 45 1915).

1352 1216 224 35 MORESTIN
1598 1214 96 45 (H.).
1711 1235 53 5 —
1779 1214 125 37 Vaste
1919 1214 105 47 plaie
2040 1213 51 35 de

1302 1263 41 35 la
1371 1263 87 36 face
1486 1273 76 36 par
1590 1262 113 45 6clat
1723 1263 51 35 de
1802 1262 158 36 bombe.
1993 1261 97 36 Des-

1303 1309 179 36 truction
1512 1311 50 35 de
1588 1309 75 38 l'os
1690 1310 177 35 malaire.
1898 1309 193 35 Fracture

1304 1357 51 35 de
1394 1357 41 35 la
1473 1357 177 37 branche
1690 1358 225 34 montante.
1957 1354 134 37 Greffe

1303 1403 224 46 graisseuse
1546 1404 118 45 (Bull.
1686 1408 34 30 et
1739 1405 121 33 Mem.
1883 1404 43 34 de
1947 1404 39 34 la
2006 1403 84 34 Soc.

1305 1451 43 34 de
1376 1450 120 44 Chir.,
1526 1447 49 48 27
1599 1451 131 45 juillet
1760 1450 125 45 1915).

1355 1566 227 35 MORESTIN
1627 1566 98 45 (H.).
1765 1587 54 4 —
1858 1566 233 36 Mutilation

1306 1614 206 45 complexe
1530 1614 50 35 de
1597 1614 41 34 la
1655 1614 86 35 face
1758 1624 76 36 par
1850 1613 177 36 blessure
2042 1613 52 35 de

1307 1670 150 35 guerre.
1493 1660 259 42 DifEormites
1795 1662 55 34 du
1892 1672 86 33 nez,
2024 1662 70 34 des

1306 1707 133 36 16vrest
1455 1709 41 34 et
1516 1708 51 47 de
1586 1707 40 35 la
1644 1708 146 45 langue
1809 1708 194 45 corrigees
2021 1714 75 39 par

1309 1765 80 24 une
1426 1746 123 54 serie
1549 1746 288 54 d'operations
1873 1754 223 46 plastiques

1313 1800 116 45 (Bull.
1457 1805 34 30 et
1514 1794 121 49 Mem.
1662 1796 44 40 de
1731 1803 38 33 la
1794 1802 84 35 Soc.
1905 1803 44 33 de
1975 1801 119 42 Chir.,
2142 1811 8 5 -

1309 1858 21 34 3
1358 1848 99 35 aofit
1485 1847 127 46 1915)-

1359 1959 225 44 MORESTIN
1612 1960 96 45 (H.).
1731 1980 53 5 —
1806 1960 133 37 Grave
1961 1960 135 36 diffor-

1310 2006 99 36 mite
1434 2009 51 35 de
1510 2008 40 35 la
1575 2008 87 35 face
1688 2007 256 37 consecutive
1969 2006 25 37 a
2019 2016 79 26 une

1309 2055 177 37 blessure
1504 2056 52 37 de
1572 2065 143 35 guerre
1734 2054 174 47 corrigee
1926 2065 76 36 par
2019 2064 80 25 une

1310 2101 98 37 serie
1425 2097 337 41 d'interventions
1786 2102 117 45 (Bull.
1923 2106 35 31 et
1973 2102 123 34 Mem.

1310 2149 44 34 de
1374 2151 39 33 la
1434 2149 84 35 Soc.
1542 2149 44 34 de
1609 2148 118 45 Chir.,
1752 2160 21 32 3
1797 2149 98 44 aout
1918 2149 127 45 1915).

1360 2266 224 35 MORESTIN
1613 2266 98 46 (H.).
1734 2286 53 5 —
1809 2266 202 46 Quelques
2031 2273 69 27 cas

1309 2314 51 36 de
1384 2314 143 44 greffes
1550 2314 241 44 graisseuses
1814 2312 236 48 appliquees
2074 2309 25 36 a

1308 2361 39 35 la
1386 2360 197 45 chirurgie
1621 2359 242 47 reparatrice
1905 2360 119 45 (Bull.
2065 2361 34 32 et

1309 2408 122 35 Mem.
1462 2408 44 34 de
1536 2408 39 35 la
1604 2407 84 35 Soc.
1720 2408 45 35 de
1795 2406 121 46 Chir.,
1948 2418 22 34 3
2002 2406 98 37 aout

1315 2455 130 46 1915).

1363 2568 207 34 COULOMB
1599 2570 41 33 et
1670 2567 160 41 RUPPE.
1860 2587 54 5 —
1943 2567 76 34 Sur
2047 2575 56 25 un

1312 2624 68 26 cas
1418 2615 52 35 de
1506 2614 190 46 prothese
1733 2613 368 47 oculo-palpebrale

1316 2661 117 45 (Bull.
1460 2665 35 31 et
1516 2662 123 34 Mem.
1664 2662 46 34 de
1734 2663 39 33 la
1797 2661 85 35 Soc.
1909 2661 44 34 de
1978 2660 122 43 Chir.,

1315 2717 47 36 17
1393 2708 98 36 aoftt
1524 2709 128 45 1915).

1364 2820 122 33 FREY
1518 2820 88 45 (L.).
1635 2840 52 5 —
1716 2820 66 34 Un
1811 2829 145 36 apercu
1986 2821 50 34 de
2063 2818 40 35 la

1313 2866 188 46 prothèse
1515 2866 284 37 restauratrice
1812 2869 103 34 dans
1929 2867 57 36 les
2001 2867 101 35 frac-

1313 2916 111 32 tures
1449 2915 71 34 des
1544 2914 111 36 macho
1655 2914 112 36 ires
1793 2916 42 34 et
1859 2914 57 36 les
1941 2913 162 36 mutila-

1314 2961 108 35 tions
1461 2962 51 35 de
1548 2962 42 35 la
1627 2962 88 36 face
1757 2961 131 46 (Paris
1927 2960 175 43 médical,

1317 3017 45 25 21
1397 3008 99 36 aotit
1528 3008 130 46 1915).

1366 3108 223 35 MORESTIN
1627 3108 98 47 (H.).
1760 3129 50 5 —
1842 3109 110 35 Plaie
1983 3109 51 35 de
2064 3106 40 35 la

1316 3157 98 35 face.
1444 3155 194 37 Fracture
1663 3158 52 34 de
1732 3156 41 36 la
1794 3154 177 38 branche
1988 3164 114 26 mon-

1316 3205 118 34 tante
1459 3202 60 38 du
1519 3202 245 38 maxillaire
1790 3202 200 36 inferieur.
2019 3201 83 34 Fis-

1317 3250 86 35 tule
1429 3249 183 37 salivaire
1642 3250 117 45 (Bull.
1788 3254 34 30 et
1846 3251 122 33 Mem.
1998 3249 43 34 de
2068 3247 38 35 la

1319 3297 83 35 Soc.
1435 3296 44 35 de
1510 3296 119 46 Chir.,
1662 3307 46 34 31
1741 3298 99 35 aout
1872 3297 127 47 1915).
