2431 3880
630 425 29 30 A
686 428 209 32 SYMPTOM
925 433 47 27 IN
1001 432 318 29 CONSTRICTION
1349 432 56 28 OF
1432 431 87 30 THE
1548 432 93 38 JAW
1873 432 76 38 113

407 3352 44 23 LA
475 3358 254 30 RESTAUKATION
753 3367 316 28 MAXILLO-FACIALE.
1821 3356 16 30 8

337 499 7 6 I
406 499 126 47 Since
566 510 92 44 this
693 518 270 53 experience
993 517 20 40 I
1049 518 117 41 have
1200 516 166 42 looked
1398 518 70 39 for
1504 531 26 27 a
1565 517 170 42 similar
1769 518 99 54 sign
1904 517 47 41 in

323 574 131 53 every
475 592 98 37 case
598 589 45 41 of
667 597 289 38 contracture
981 594 44 40 of
1049 594 77 41 the
1149 593 90 54 jaw
1264 593 19 39 I
1307 592 117 42 have
1448 593 115 42 been
1587 594 144 42 called
1753 608 125 41 upon
1900 599 50 37 to

321 651 215 57 eXarnine,
562 667 92 40 and
677 668 117 43 have
819 672 145 40 found
987 670 36 42 it
1048 671 47 41 in
1118 670 113 42 such
1252 683 29 34 a
1304 669 126 53 large
1449 671 194 46 number
1667 671 104 41 that
1798 672 20 39 I
1845 685 104 27 con-

321 716 122 60 sider
467 731 20 42 I
521 751 74 31 am
628 742 205 54 justified
864 747 47 41 in
944 746 239 55 regarding
1216 746 37 41 it
1286 750 82 37 not
1402 760 49 28 as
1485 761 59 26 an
1577 747 288 56 exceptional
1898 761 52 28 or

319 788 187 65 lsolated
533 826 233 49 symptom
794 824 100 48 but,
919 820 66 45 on
1012 824 80 49 the
1121 827 228 50 contrary,
1381 836 48 28 as
1459 837 26 27 a
1515 822 253 54 diagnostic
1798 824 77 42 aid
1903 825 45 40 of

320 880 107 52 very
447 896 124 42 great
593 897 148 51 value.
825 901 258 54 Naturally,
1107 895 48 47 in
1177 900 131 41 order
1329 904 47 36 to
1400 898 231 43 eliminate
1654 900 78 41 the
1756 901 193 54 psycho-

320 943 154 61 logical
501 967 161 57 factor,
693 977 148 42 which
870 992 49 28 so
951 978 127 41 often
1107 977 130 55 plays
1267 976 89 43 the
1376 975 221 55 principal
1626 976 92 41 role
1747 976 47 41 in
1824 991 125 28 cases

321 1025 42 41 of
388 1033 89 48 this
503 1035 124 67 type,
657 1053 78 42 the
763 1052 232 44 examiner
1019 1047 208 49 must'be
1253 1066 113 41 very
1392 1052 170 43 careful
1588 1052 82 42 not
1697 1057 48 36 to
1774 1057 173 38 attract

320 1100 86 69 the
406 1100 238 69 attention
662 1130 45 40 of
727 1131 78 41 the
825 1125 191 60 patient
1023 1135 50 37 to
1095 1129 77 43 the
1192 1124 283 61 importance
1497 1130 44 40 of
1561 1130 78 41 the
1660 1128 287 56 exploration

320 1173 52 47 he
402 1186 36 45 is
468 1200 186 58 making
687 1205 92 43 and
810 1208 60 41 its
904 1220 352 41 consequences;
1289 1205 37 43 it
1358 1206 37 42 is
1430 1206 125 53 quite
1589 1219 109 41 easy
1729 1210 48 36 to
1812 1220 134 28 cause

319 1251 90 88 hrn
430 1272 47 40 to
501 1290 195 45 suppose
719 1285 104 41 that
847 1300 60 30 an
928 1285 255 54 inspection
1207 1284 44 41 of
1275 1284 77 41 the
1376 1284 156 41 throat
1555 1283 36 42 is
1615 1297 239 40 necessary
1875 1284 72 41 for

323 1330 244 67 Agnostic
606 1373 231 43 purposes.

402 1417 133 56 From
566 1434 79 43 the
678 1435 315 45 observations
1027 1438 20 40 I
1080 1427 117 53 have
1229 1436 134 43 made
1397 1437 21 41 I
1452 1437 122 42 draw
1606 1437 77 41 the
1715 1436 230 54 following

320 1496 257 57 inclusions
577 1496 47 57 :

402 1571 53 47 In
479 1587 201 49 patients
705 1592 202 54 showing
932 1592 297 42 constriction
1254 1592 44 41 of
1324 1592 78 42 the
1427 1592 111 54 jaws
1564 1591 45 41 of
1634 1589 145 55 reflex
1779 1589 167 55 .origin

320 1638 73 48 the
419 1665 203 42 pressure
650 1668 188 42 exerted
864 1668 68 54 by
955 1683 26 27 a
1008 1669 429 54 tongue-depressor
1464 1682 58 27 on
1541 1662 87 47 the
1656 1668 108 42 base
1794 1668 44 41 of
1867 1668 80 42 the

318 1716 176 78 ongue,
529 1741 201 45 without
760 1746 186 54 putting
981 1746 92 54 any
1107 1745 166 55 special
1307 1745 264 55 persuasion
1606 1759 58 27 on
1699 1746 78 41 the
1810 1744 137 43 lower

316 1798 97 53 Jaw,
435 1807 185 55 relieves
640 1822 79 41 the
740 1822 297 42 constriction
1058 1827 49 37 to
1128 1823 111 41 such
1260 1836 58 28 an
1340 1825 165 45 extent
1520 1823 103 41 that
1646 1837 58 27 an
1725 1830 115 47 easy
1855 1823 92 41 and

308 1870 261 77 absolutely
593 1898 173 42 certain
791 1898 226 54 diagnosis
1042 1900 110 52 may
1175 1898 56 42 be
1256 1899 147 42 made.

399 1955 190 68 Though
613 1973 21 41 I
656 1976 172 44 cannot
852 1978 143 48 assert
1018 1975 105 41 that
1146 1975 101 44 this
1262 1980 234 50 symptom
1518 1975 37 42 is
1579 1980 49 36 to
1652 1976 56 41 be
1730 1976 146 42 found
1898 1977 47 40 in

317 2023 56 78 all
388 2046 318 48 constrictions
725 2052 53 41 of
789 2052 141 43 reflex
948 2050 144 55 origin
1115 2051 44 54 (a
1175 2051 130 54 point
1324 2055 112 51 very
1456 2051 190 42 difficult
1666 2056 47 37 to
1733 2052 211 54 control),

318 2093 31 63 I,
370 2119 82 35 can
483 2124 121 42 state
637 2127 235 55 definitely
902 2128 105 41 that
1040 2127 36 41 it
1109 2141 138 28 never
1279 2141 156 28 occurs
1466 2128 48 41 in
1547 2128 319 42 constrictions
1900 2129 45 40 of

316 2186 56 34 an
404 2193 178 53 Organic
615 2209 177 44 nature,
828 2204 153 42 unless
1012 2204 78 41 the
1122 2204 140 40 latter
1294 2208 101 36 are
1403 2204 304 54 complicated
1734 2205 51 40 in
1809 2218 133 32 some

316 2250 28 41 d

316 2250 152 62 egree
494 2272 65 57 by
584 2280 141 42 reflex
753 2285 302 41 contracture.
1145 2280 54 40 In
1227 2293 309 40 consequence
1562 2280 44 41 it
1626 2294 109 40 may
1761 2281 61 40 be
1845 2280 99 41 said

314 2328 99 52 that
443 2347 85 45 the
566 2355 232 43 detection
835 2356 45 44 of
919 2356 91 42 this
1048 2351 234 58 symptom
1320 2355 46 40 in
1406 2369 123 28 cases
1568 2356 44 40 of
1652 2360 289 38 contracture

244 2399 321 84 Variably
602 2433 108 43 calls
746 2435 71 40 for
854 2447 27 27 a
919 2432 227 54 diagnosis
1184 2431 44 41 of
1266 2431 142 42 reflex
1446 2432 297 44 constriction
1780 2431 45 41 of
1864 2432 79 41 the

314 2492 108 43 laws
455 2502 49 41 of
533 2509 333 56 psychopathic
902 2509 156 54 origin.
