2366 3906
546 448 79 46 108
934 459 56 29 LA
1006 458 349 34 RESTAURATION
1384 457 405 34 MAXILLO-FACIALE

543 540 148 46 droite,
729 554 52 26 ne
814 543 233 49 présentait
1082 545 89 40 rien
1206 546 51 44 de
1291 543 256 54 particulier.
1585 544 76 38 Cet
1697 556 176 27 examen
1909 542 189 44 terminé,
2132 534 34 49 je

544 606 225 39 demandai
793 620 53 25 au
868 607 135 41 blessé
1026 609 189 41 d'ouvrir
1235 612 42 38 la
1299 611 182 44 bouche,',
1500 608 108 40 mais
1630 608 60 39 les
1712 609 158 39 mêmes
1892 606 274 54 phénomèneS

543 672 60 43 de.
629 671 275 41 constriction
940 688 81 38 que
1055 672 341 55 précédemment
1432 687 43 26 se
1510 673 329 51 reproduisirent
1875 677 42 35 et
1952 673 51 38 ils
2038 671 128 49 dispa-

544 740 144 35 rurent
716 737 51 38 de
792 738 137 42 même
956 741 24 37 à
1006 754 60 25 un
1092 741 155 42 nouvel
1275 752 177 31 examen
1479 739 52 38 de
1557 739 41 38 la
1625 750 124 39 gorge
1776 738 79 39 fait
1884 750 98 30 sans
2007 732 161 56 appeler

543 800 245 41 l'attention
835 804 56 39 du
937 805 135 40 blessé
1119 818 72 27 sur
1240 806 59 38 les
1353 816 240 39 remarques
1647 816 81 39 que
1786 802 166 39 celui-ci
1996 792 170 51 m'avait

546 868 231 50 suggérées.
2176 872 13 40 j

604 926 1440 38 ,
2169 906 21 78 j

632 1032 144 52 Étant
806 1043 175 42 donnée
1001 1044 44 41 la
1071 1043 269 57 disparition
1362 1044 54 42 de
1440 1043 43 43 la
1508 1048 287 39 contracture
1821 1043 76 42 des
1925 1038 244 46 mâchoires

544 1119 232 53 présentée
801 1134 83 41 par
910 1121 59 52 ce
969 1121 159 52 blessé
1153 1123 25 40 à
1201 1122 47 41 la
1274 1121 117 42 suite
1418 1121 135 42 d'une
1579 1135 266 29 manœuvre
1873 1120 121 42 aussi
2018 1111 151 60 simple

544 1199 45 37 et
614 1209 49 28 sa
686 1197 320 54 reproduction
1028 1198 264 43 immédiate
1317 1197 201 43 aussitôt
1536 1200 129 52 après
1690 1189 182 57 celle-ci,
1899 1196 30 41 il
1954 1187 214 63 s'agissait

542 1271 458 45 incontestablement
1039 1276 135 42 d'une
1211 1275 296 44 constriction
1545 1274 216 54 d'origine
1798 1274 166 41 réflexe
2002 1278 45 36 et
2084 1276 84 35 non

545 1347 134 43 d'une
716 1345 297 47 constriction
1053 1352 54 41 de
1146 1356 164 37 nature
1342 1349 259 55 organique,
1634 1354 45 37 et
1719 1349 39 42 le
1798 1349 266 43 traitement
2104 1343 65 42 fut

543 1424 189 44 institué
763 1441 56 27 en
851 1429 306 52 conséquence
1180 1428 60 54 (x).

632 1503 128 41 Cette
793 1503 61 54 si
854 1503 246 54 singulière
1134 1492 310 54 constatation
1477 1489 264 67 m'engagea
1773 1503 27 41 à
1834 1500 266 57 poursuivre
2132 1494 39 41 la

544 1579 235 42 recherche
811 1579 53 42 de
893 1593 49 28 ce
966 1580 123 53 signe
1120 1581 106 41 chez
1260 1584 99 37 tous
1388 1579 62 42 les
1481 1579 311 41 contracturés
1822 1579 76 41 des
1928 1575 244 46 mâchoires

546 1668 85 41 que
661 1656 78 53 j'ai
769 1670 56 27 eu
855 1656 157 55 depuis
1043 1657 25 40 à
1099 1656 230 53 examiner
1358 1661 45 36 et
1433 1656 42 53 je
1505 1655 84 45 l'ai
1611 1658 237 41 rencontré
1877 1670 63 26 un
1970 1655 37 42 si
2035 1643 137 66 grand

544 1733 187 43 nombre
754 1734 54 41 de
830 1733 92 42 fois
937 1747 86 40 que
1044 1733 43 54 je
1109 1734 90 42 suis
1222 1732 198 43 autorisé
1441 1734 26 40 à
1488 1746 56 28 ne
1566 1746 81 41 pas
1668 1732 40 42 le
1731 1733 253 41 considérer
2005 1735 168 39 comme

545 1823 63 27 un
640 1810 122 53 signe
797 1810 313 55 exceptionnel
1143 1816 44 36 et
1221 1809 121 50 isolé,
1378 1809 128 50 mais,
1543 1823 60 28 au
1635 1810 236 49 contraire,
1909 1823 174 30 comme
2117 1812 56 33 un

545 1884 193 44 élément
764 1885 53 42 de
844 1885 250 55 diagnostic
1121 1887 76 42 des
1222 1887 110 54 plus
1347 1885 289 56 importants.

632 1962 72 41 En
744 1976 87 31 vue
872 1962 250 43 d'éliminer
1161 1964 228 41 l'élément
1428 1962 264 56 psychique,
1731 1963 77 55 qui
1842 1962 105 54 joue
1984 1976 64 27 un
2088 1952 86 49 rôle

545 2044 193 37 souvent
767 2039 168 55 capital
963 2040 112 42 dans
1103 2054 70 28 ces
1202 2054 88 36 cas,
1319 2040 32 40 il
1379 2039 213 43 convient
1618 2039 106 43 bien
1752 2039 215 50 entendu,
1997 2039 113 41 dans
2135 2031 39 41 la

545 2116 236 43 recherche
824 2116 54 42 de
921 2131 47 27 ce
995 2116 137 55 signe,
1178 2118 54 41 de
1275 2131 45 28 se
1362 2116 161 55 garder
1547 2116 380 54 soigneusement
1972 2112 203 45 d'attirer

544 2193 262 42 l'attention
840 2194 62 41 du
934 2194 144 42 blessé
1112 2208 76 28 sur
1220 2194 315 55 l'importance
1570 2193 54 42 de
1660 2197 119 38 cette
1814 2191 286 57 exploration
2133 2184 41 41 et

546 2270 54 42 de
620 2285 67 28 ses
709 2270 150 51 effets;
881 2270 31 41 il
931 2271 138 50 suffit,
1092 2286 116 40 pour
1228 2271 107 50 cela,
1362 2271 54 41 de
1437 2270 235 56 pratiquer
1696 2268 173 45 celle-ci
1890 2272 26 40 à
1937 2265 236 47 l'occasion

546 2346 109 46 d'un
683 2347 159 47 examen
842 2347 115 47 .de
984 2347 44 41 la
1054 2361 134 40 gorge
1216 2346 241 44 soi-disant
1484 2346 248 43 nécessaire
1761 2361 59 27 au
1848 2344 266 56 diagnostic.

632 2425 90 41 Des
753 2423 109 52 faits
895 2438 86 41 que
1012 2424 80 54 j'ai
1125 2424 223 49 observés,
1382 2423 43 54 je
1459 2423 113 42 crois
1605 2424 116 41 donc
1753 2422 193 56 pouvoir
1976 2421 109 43 tirer
2115 2416 58 41 les

544 2501 280 42 conclusions
863 2502 218 42 suivantes
1081 2502 44 42 :

634 2578 115 42 Chez
780 2579 62 42 les
874 2578 165 43 blessés
1071 2581 265 53 présentant
1370 2577 54 42 de
1456 2577 44 41 la
1533 2578 275 41 constriction
1840 2577 72 41 des
1943 2572 232 47 mâchoires

546 2653 213 56 d'origine
789 2656 167 55 réflexe,
982 2656 51 41 la
1062 2654 202 57 pression
1296 2655 181 40 exercée
1507 2668 83 40 par
1620 2668 63 27 un
1714 2648 358 58 abaisse-langue
2104 2652 71 38 sur

547 2730 44 41 la
611 2729 108 45 base
743 2733 53 41 de
821 2733 45 41 la
888 2730 177 57 langue,
1094 2746 103 28 sans
1223 2729 110 57 qu'il
1354 2729 86 43 soit
1463 2729 159 44 besoin
1648 2729 230 44 d'exercer
1904 2731 52 41 de
1979 2725 193 59 pression

549 2808 184 41 notable
770 2823 76 28 sur
880 2811 45 41 la
961 2808 227 44 mâchoire
1225 2806 251 50 inférieure,
1516 2821 235 41 provoque
1788 2821 88 27 une
1912 2802 264 59 disparition

549 2887 317 43 momentanée
881 2887 47 42 de
928 2887 64 42 la
1007 2885 295 44 constriction
1323 2883 79 55 qui
1421 2888 175 50 permet
1612 2883 212 43 d'établir
1843 2898 62 27 un
1927 2874 246 63 diagnostic

551 2960 128 42 facile
698 2965 44 36 et
758 2962 285 43 absolument
1064 2963 172 43 certain
1251 2963 55 41 de
1326 2960 203 55 l'origine
1550 2961 165 42 réflexe
1736 2961 55 41 dé
1809 2959 42 42 la
1875 2963 299 40 contracture.

639 3035 110 42 Sans
776 3039 192 52 pouvoir
993 3029 196 56 affirmer
1215 3054 86 41 que
1329 3053 47 27 ce
1395 3034 131 58 signe
1553 3051 45 28 se
1625 3038 237 42 rencontre
1889 3037 112 41 dans
2027 3035 147 42 toutes

611 3192 41 41 (1)
669 3191 47 30 Ce
733 3190 206 39 traitement,
957 3192 155 41 pratiqué
1130 3204 58 30 par
1200 3204 83 20 mon
1300 3192 168 41 excellent
1485 3194 34 27 et
1535 3189 131 32 dévoué
1684 3184 258 44 collaborateur,
1966 3189 45 29 M.
2030 3182 144 35 Maurice

551 3235 168 44 Delestre,
738 3248 17 20 a
772 3236 143 31 consisté
931 3248 41 20 en
989 3242 167 29 exercices
1172 3240 201 41 progressifs
1401 3239 40 29 de
1470 3237 222 31 rééducation
1708 3238 201 32 musculaire
1935 3240 34 26 et
1990 3232 184 48 psychiqe

552 3290 56 40 qui
625 3297 84 22 nous
725 3297 18 19 a
760 3285 123 42 permis
900 3285 40 28 de
957 3296 166 31 renvoyer
1139 3298 37 19 ce
1193 3286 108 32 blessé
1319 3287 88 29 deux
1424 3286 84 29 mois
1519 3283 95 42 après
1627 3294 82 20 avec
1722 3295 64 19 une
1802 3289 180 25 ouverture
1996 3271 180 53 spontanee

554 3338 40 30 de
594 3338 54 30 21
669 3332 222 34 millimètres.
