2360 3891
377 460 75 28 102
768 458 54 30 LA
851 460 333 31 RESTAURATION
1214 463 400 29 MAXILLO-FACIALE

626 641 48 47 5°
707 637 250 43 PROTHÈSE
987 651 59 29 ET
1072 641 271 41 CHIRURGIE
1372 639 380 51 ENCÉPHALIQUE.

466 778 122 40 Vous
620 792 113 28 vous
763 780 259 51 demandez,
1055 782 240 55 peut-être,
1323 785 44 38 et
1389 782 26 41 à
1441 781 120 55 juste
1588 782 121 49 titre,
1736 783 113 41 dans
1878 783 127 54 quels

380 869 74 27 cas
481 855 44 41 la
552 856 210 54 prothèse
789 863 108 49 peut
926 859 103 41 bien
1058 860 158 41 rendre
1244 858 168 43 service
1440 860 26 41 à
1495 859 43 42 la
1566 859 220 54 chirurgie
1815 861 54 40 de
1897 860 108 41 l'en-

379 932 197 55 céphale.

468 1011 252 42 Permettez
745 1013 253 55 cependant
1025 1028 86 39 que
1135 1014 43 53 je
1203 1027 114 28 vous
1341 1018 178 37 montre
1544 1028 86 27 une
1657 1014 109 41 série
1792 1014 54 41 de
1871 1014 135 41 tubes

381 1102 54 27 en
463 1088 242 50 vulcanite,
735 1090 133 41 sortis
896 1091 54 41 de
977 1095 130 38 notre
1134 1091 286 49 laboratoire,
1450 1095 45 38 et
1524 1091 77 54 qui
1629 1105 114 27 nous
1771 1091 151 41 furent
1952 1091 54 41 de

380 1165 168 54 grande
575 1166 149 42 utilité
751 1167 113 41 dans
890 1168 40 41 le
956 1168 264 42 traitément
1248 1168 55 42 de
1330 1167 194 43 certains
1552 1169 132 40 abcès
1712 1168 61 41 du
1800 1182 205 34 cerveau,

383 1242 108 41 d'un
512 1243 132 41 abcès
664 1244 277 41 cérébelleux
962 1250 44 36 et
1027 1246 145 41 même
1193 1246 112 41 dans
1326 1259 61 27 un
1407 1259 76 28 cas
1503 1246 54 41 de
1578 1245 132 54 kyste
1731 1245 61 41 du
1813 1244 193 42 cervelet

386 1319 89 54 (fig.
503 1320 88 54 44).

468 1397 125 42 Voici
630 1398 309 54 pareillement
976 1413 86 27 une
1100 1399 108 41 série
1246 1399 54 41 de
1337 1399 256 54 spéculums
1617 1413 55 26 en
1703 1403 171 49 argent,
1908 1412 100 40 pro-

382 1480 170 36 venant
575 1475 207 53 toujours
803 1476 54 40 de
874 1464 134 53 notre
1031 1475 284 48 laboratoire,
1340 1475 243 41 véritables
1604 1474 405 55 encéphaloscopes

387 1551 90 53 (fig.
508 1551 71 53 45)
613 1551 78 54 qui
720 1551 144 42 m'ont
894 1552 165 53 permis
1088 1551 278 42 d'examiner
1395 1551 77 41 des
1502 1550 171 42 cavités
1702 1551 216 41 abcédées
1948 1551 61 41 du

384 1641 203 35 cerveau,
615 1642 173 28 comme
814 1629 112 41 dans
949 1629 40 40 le
1015 1642 74 27 cas
1114 1628 109 41 d'un
1247 1628 144 40 blessé
1420 1627 89 54 (fig.
1537 1627 71 54 46)
1637 1627 166 42 atteint
1829 1628 181 41 d'abcès

384 1705 308 54 traumatique
731 1706 61 40 du
829 1719 190 28 cerveau
1056 1710 45 36 et
1139 1718 86 41 que
1262 1704 78 54 j'ai
1378 1719 62 40 pu
1477 1705 285 41 débarrasser
1799 1704 108 42 d'un
1946 1706 64 39 sé-

388 1786 194 49 questre.

471 1858 58 41 Et
556 1857 151 42 mieux
734 1871 171 47 encore,
933 1858 43 53 je
1008 1857 204 56 pourrais
1238 1857 111 42 citer
1380 1872 60 26 un
1473 1863 128 37 autre
1634 1872 75 29 cas
1743 1859 57 40 où
1833 1856 79 56 j'ai
1950 1871 61 41 pu

386 1935 54 41 de
475 1935 43 40 la
553 1940 133 43 sorte,
721 1948 82 40 par
834 1924 42 51 la
889 1915 12 16 L
908 1934 144 42 vision
1086 1934 181 49 directe,
1299 1948 82 40 par
1409 1935 301 55 l'endoscopie
1739 1949 55 28 en
1824 1948 184 34 somme,

385 2011 156 42 retirer
567 2025 110 28 avec
705 2012 152 41 succès
888 2011 54 54 (le
970 2011 177 43 malade
1176 2016 67 38 est
1270 2011 323 55 parfaitement
1621 2012 139 54 guéri)
1792 2026 61 27 un
1882 2025 130 41 corps

386 2090 207 52 étranger
621 2087 143 43 inclus
794 2089 112 42 dans
935 2089 39 42 le
1004 2103 190 28 cerveau
1224 2090 39 51 à.
1263 2090 41 51 3
1336 2089 288 42 centimètres
1653 2090 54 41 de
1737 2089 277 55 profondeur

386 2179 82 40 par
493 2170 186 51 rapport
706 2167 26 40 à
760 2166 44 41 la
830 2166 264 42 dure-mère.

473 2243 55 53 Je
548 2257 56 28 ne
624 2243 214 42 voudrais
859 2257 94 41 pas,
977 2243 190 56 puisque
1188 2256 114 28 nous
1322 2257 172 28 venons
1515 2242 249 42 d'effleurer
1785 2243 77 40 des
1884 2255 128 41 ques-

386 2318 120 43 tions
534 2321 54 41 de
615 2320 270 55 neurologie,
915 2321 173 54 quitter
1114 2335 47 27 ce
1188 2320 170 42 terrain
1386 2334 103 28 sans
1515 2334 115 28 vous
1657 2320 94 41 dire
1778 2333 75 28 ma
1880 2318 133 53 façon

388 2397 54 41 de
473 2397 98 42 voir
600 2412 58 27 au
687 2398 121 54 sujet
839 2398 54 42 de
924 2397 85 50 ces
1009 2397 214 50 trismus,
1257 2397 77 54 qui
1364 2401 358 50 accompagnent
1754 2395 35 42 si
1820 2399 193 37 souvent

387 2474 62 41 les
491 2464 339 55 traumatismes
870 2476 54 42 de
967 2476 43 41 la
1055 2475 110 50 face,
1208 2474 212 42 affection
1463 2474 90 41 mal
1601 2487 174 28 connue
1812 2478 45 37 et
1901 2473 113 41 dont

388 2551 38 41 le
443 2551 279 51 traitement,
743 2553 77 54 qui
838 2567 44 28 se
899 2553 139 42 borne
1057 2552 268 42 d'habitude
1342 2552 26 40 à
1387 2551 77 41 des
1481 2551 214 54 procédés
1711 2549 303 54 mécaniques,

390 2643 70 27 me
488 2628 148 55 paraît
665 2634 103 50 trop
796 2630 221 55 simpliste
1045 2634 45 37 et
1119 2628 165 42 brutal.
1316 2628 70 40 On
1415 2627 177 41 devrait
1621 2640 44 28 se
1694 2626 206 55 rappeler
1927 2639 87 40 que

390 2707 42 40 la
462 2719 132 27 cause
623 2706 61 40 du
713 2706 186 46 trismus
928 2707 116 54 siège
1074 2706 113 42 dans
1215 2705 63 41 les
1306 2703 205 48 muscles,
1543 2703 112 41 dont
1684 2703 43 40 la
1756 2701 259 56 pathologie

391 2782 81 42 fait
501 2781 144 55 partie
672 2781 108 41 d'un
804 2783 212 41 domaine
1043 2797 86 40 que
1155 2783 39 41 le
1220 2779 301 54 neurologiste
1545 2778 184 42 connaît
1756 2779 102 41 bien
1885 2782 44 38 et
1957 2778 57 40 où

390 2874 79 28 son
498 2858 220 42 habitude
748 2859 54 40 de
831 2860 200 42 contrôle
1060 2873 83 42 par
1164 2859 68 42 les
1260 2861 214 39 courants
1502 2854 295 56 galvaniques
1825 2859 45 37 et
1900 2855 116 40 fara-

391 2938 158 54 diques
573 2936 39 42 le
647 2936 109 41 rend
790 2936 412 54 particulièrement
1236 2939 172 52 expert.
1436 2932 204 55 J'estime
1674 2933 115 40 donc
1824 2932 106 54 qu'à
1954 2931 62 40 lui

390 3016 187 47 revient,
616 3013 279 42 collaborant
932 3028 108 28 avec
1076 3028 127 35 nous,
1239 3014 39 41 le
1314 3012 90 41 rôle
1440 3010 230 43 d'éclairer
1704 3023 48 27 ce
1788 3009 228 54 problème

390 3094 163 40 obscur
582 3092 77 41 des
689 3089 205 48 trismus;
926 3094 59 42 et,
1017 3104 114 40 pour
1160 3090 179 41 réaliser
1368 3088 216 54 quelques
1614 3087 181 53 progrès
1825 3086 113 40 dans
1968 3099 48 26 ce

390 3185 113 33 sens,
538 3170 29 40 il
600 3183 72 27 me
705 3166 148 57 paraît
886 3165 332 55 indispensable
1252 3180 86 41 que
1370 3166 39 40 le
1442 3163 301 53 neurologiste
1776 3166 44 37 et
1854 3162 40 41 le
1926 3162 90 40 chi-

390 3247 176 53 rurgien
600 3245 252 56 spécialiste
886 3257 44 27 se
964 3247 215 37 trouvent
1213 3243 161 47 réunis,
1411 3242 113 40 dans
1558 3254 85 26 une
1677 3237 339 55 fréquentation

390 3323 282 55 journalière,
704 3337 58 28 au
792 3322 144 41 même
966 3318 187 55 hôpital.
