2366 3894
433 460 74 31 122
822 462 57 28 LA
908 464 330 29 RESTAURATION
1270 464 400 31 MAXILLO-FACIALE

437 551 47 36 to
522 546 135 41 await
695 561 81 28 our
812 550 315 56 opportunity,
1165 552 84 42 but
1285 553 78 40 the
1400 552 229 53 following
1666 567 99 27 case
1803 551 263 53 eventually

438 624 239 53 presented
699 624 134 49 itself,
858 625 110 43 with
992 629 76 41 the
1092 629 138 43 result
1254 630 103 41 that
1380 644 65 27 we
1468 643 74 27 are
1566 643 100 27 now
1689 629 99 41 able
1813 634 47 36 to
1882 627 183 56 publish

432 714 58 27 an
516 700 203 42 instance
746 703 45 39 of
816 703 76 41 the
920 719 101 28 cure
1048 707 46 40 of
1119 721 25 26 a
1171 706 171 55 typical
1368 706 199 55 salivary
1592 705 152 43 fistula
1771 706 61 56 by
1857 718 204 39 massage

434 777 91 41 and
556 777 80 42 hot
670 778 77 42 air.

525 971 352 45 OBSERVATION.
911 1000 57 4 —
1007 975 217 54 Sergeant
1269 976 95 48 C.,
1405 975 139 51 223rd
1580 976 219 52 infantry,
1838 987 92 27 was
1968 976 99 39 sent

437 1046 47 36 to
523 1056 51 28 us
612 1056 56 27 on
706 1044 178 53 August
925 1047 108 52 29th
1075 1048 110 52 1918
1224 1048 115 40 from
1380 1046 76 42 the
1492 1046 80 41 Val
1607 1046 53 41 de
1694 1046 141 41 Grace
1868 1042 197 56 hospital

434 1114 69 39 for
527 1113 372 58 physiotherapy.
932 1117 69 41 He
1033 1118 182 42 showed
1245 1132 26 27 a
1303 1117 223 55 dropping
1552 1118 44 39 of
1621 1117 77 41 the
1724 1121 155 48 stump
1911 1116 44 41 of
1987 1116 77 40 the

432 1184 83 42 left
540 1185 211 43 shoulder
780 1189 92 40 and
897 1202 98 28 scar
1020 1188 139 43 tissue
1185 1189 46 40 in
1257 1189 77 41 the
1361 1187 348 43 cervico-dorsal
1734 1186 153 55 region
1917 1187 44 41 of
1988 1187 78 40 the

436 1256 117 42 back
580 1258 85 41 due
693 1262 47 37 to
768 1258 110 43 shell
904 1260 203 42 wounds.
1205 1260 69 41 On
1299 1260 177 42 further
1501 1258 311 43 examination
1837 1273 65 27 we
1929 1257 140 42 noted

437 1341 26 27 a
493 1328 140 55 badly
661 1330 311 42 consolidated
999 1332 197 41 fracture
1228 1332 44 40 of
1304 1331 77 41 the
1411 1330 136 42 lower
1573 1330 89 54 jaw
1692 1330 90 41 and
1814 1343 25 27 a
1871 1328 199 54 salivary

437 1399 152 42 fistula
620 1400 143 41 below
795 1401 209 42 Stenon's
1035 1403 123 41 duct.

524 1471 76 40 C.
616 1485 113 39 gave
754 1486 25 26 a
804 1472 176 53 history
1001 1473 45 39 of
1070 1472 168 53 having
1262 1472 112 41 been
1397 1472 224 41 wounded
1639 1485 57 27 on
1713 1471 119 53 June
1851 1471 80 51 3rd
1958 1469 109 54 1918

436 1542 91 40 and
552 1542 228 42 admitted
806 1547 48 36 to
882 1542 340 48 Val-de-Grace,
1249 1543 146 40 where
1422 1556 26 26 a
1475 1547 232 48 curettage
1734 1542 44 41 of
1806 1542 76 41 the
1909 1540 159 42 maxil-

435 1612 99 54 lary
556 1613 197 46 fracture
774 1626 92 28 was
888 1613 257 54 performed
1167 1626 57 28 on
1246 1612 77 42 the
1346 1612 93 51 5th.
1521 1612 94 42 The
1636 1613 167 41 wound
1824 1611 246 43 continued

439 1687 48 37 to
519 1689 263 48 suppurate,
816 1684 221 48 however,
1072 1683 91 41 and
1194 1697 26 26 a
1252 1683 116 41 bone
1401 1682 190 55 splinter
1621 1698 90 26 was
1744 1682 328 55 subsequently

439 1755 214 41 removed
696 1755 62 54 by
797 1755 249 54 operation.
1147 1754 319 42 Nevertheless
1504 1755 78 41 the
1621 1755 302 54 suppuration
1960 1753 110 42 took

439 1838 122 27 more
592 1826 112 39 than
735 1839 25 28 a
791 1826 162 41 month
984 1831 47 36 to
1063 1826 261 53 disappear;
1356 1825 92 41 and
1477 1825 129 42 when
1638 1826 34 40 it
1705 1826 77 41 did
1812 1839 47 28 so
1890 1824 179 55 patient

438 1895 183 42 became
649 1910 145 29 aware
823 1898 103 41 that
955 1897 78 42 the
1061 1910 99 29 scar
1186 1910 92 28 was
1307 1896 321 55 continuously
1654 1901 88 38 wet
1771 1896 111 42 with
1910 1895 158 49 saliva,

437 1966 147 41 which
609 1967 178 41 exuded
811 1968 154 54 freely,
992 1968 242 54 especially
1258 1968 119 41 after
1400 1968 306 42 mastication.
1793 1968 152 53 Every
1970 1980 100 27 now

439 2036 91 41 and
555 2036 123 48 then,
706 2051 49 27 or
780 2052 57 27 on
862 2053 91 40 any
978 2040 132 41 effort
1136 2045 48 36 to
1211 2040 146 52 cough
1382 2053 49 27 or
1455 2039 188 42 breathe
1669 2038 197 54 heavily,
1893 2037 175 56 patient

441 2107 181 42 noticed
653 2108 101 41 that
785 2110 108 41 food
923 2111 210 53 particles
1164 2111 147 41 which
1342 2111 90 40 had
1463 2110 229 42 remained
1724 2109 44 41 in
1800 2109 77 41 the
1908 2107 162 43 mouth

440 2192 80 27 ran
548 2184 79 36 out
656 2179 116 41 from
800 2180 77 42 the
905 2195 188 40 passage
1120 2181 112 42 with
1259 2181 78 42 the
1366 2180 157 42 saliva.

525 2249 147 43 When
701 2250 178 54 patient
909 2252 240 54 presented
1178 2252 180 41 himself
1387 2257 48 35 at
1466 2252 78 41 the
1574 2248 497 57 physiotherapeutical

438 2321 169 42 service
639 2321 56 42 he
728 2335 91 27 was
853 2323 207 54 carrying
1093 2337 26 26 a
1153 2337 227 39 compress
1413 2323 45 39 in
1492 2322 68 41 his
1594 2322 124 41 hand
1751 2322 69 41 for
1852 2321 218 54 mopping

440 2407 60 39 up
534 2393 78 42 the
646 2392 157 50 saliva,
838 2394 147 41 which
1018 2408 92 27 was
1144 2408 48 27 so
1227 2394 240 41 abundant
1500 2394 105 41 that
1639 2394 55 41 he
1728 2393 93 40 had
1854 2397 48 37 to
1936 2392 134 41 make

441 2465 171 41 several
644 2464 182 53 lavages
859 2479 80 40 per
971 2466 90 54 day
1093 2465 111 42 with
1236 2469 356 50 permanganate
1627 2465 44 40 of
1704 2464 178 54 potash.
1977 2462 93 41 The

438 2535 165 42 mobile
628 2537 227 53 fragment
883 2536 44 41 of
953 2536 78 42 the
1056 2536 232 42 fractured
1314 2536 88 53 jaw
1428 2536 241 52 promoted
1693 2534 258 48 salivation,
1979 2533 91 41 and

440 2606 90 41 had
552 2608 229 52 produced
801 2621 57 27 an
880 2607 218 42 inflamed
1119 2607 232 41 condition
1373 2606 45 40 of
1439 2606 77 41 the
1538 2606 200 41 cicatrix.
1822 2606 246 45 Moreover,

440 2676 76 40 the
554 2677 96 41 face
688 2679 182 41 showed
906 2677 269 41 infiltration
1214 2677 43 40 of
1296 2676 76 41 the
1411 2675 138 42 cheek
1587 2676 91 41 and
1715 2689 26 27 a
1779 2673 291 56 pronounced

441 2748 260 51 congestion
735 2750 44 40 of
812 2750 77 41 the
923 2763 98 28 scar
1052 2748 153 41 tissue.
1300 2746 182 42 Patient
1515 2760 92 28 was
1639 2747 141 54 badly
1812 2744 257 48 nourished,

440 2818 273 44 masticated
740 2821 110 40 with
879 2819 237 55 difficulty,
1146 2819 91 40 and
1264 2832 92 27 was
1385 2823 47 36 at
1463 2818 75 41 the
1568 2831 122 28 same
1718 2818 110 41 time
1857 2816 214 51 suffering

440 2888 117 40 from
585 2902 25 26 a
637 2890 165 52 partial
830 2890 293 42 constriction
1152 2890 44 40 of
1224 2889 77 41 the
1329 2889 88 54 jaw
1448 2888 70 53 (18
1545 2889 148 54 m/m).
1784 2888 82 40 His
1892 2885 179 55 general

442 2958 232 42 condition
703 2975 91 26 was
822 2961 371 54 unsatisfactory,
1225 2960 90 41 and
1344 2959 55 41 he
1429 2959 182 41 showed
1640 2972 57 27 an
1727 2958 265 42 inclination
2022 2962 48 36 to

442 3029 181 41 abstain
646 3030 116 41 from
785 3032 57 40 all
867 3032 131 41 effort
1022 3046 49 27 as
1094 3032 69 40 far
1186 3046 48 26 as
1258 3030 193 55 possible
1475 3029 45 40 in
1545 3030 130 41 order
1697 3034 79 36 not
1802 3034 47 36 to
1873 3029 198 41 increase

442 3102 78 41 the
558 3100 100 41 flow
693 3101 44 39 of
772 3103 155 41 saliva.

529 3174 80 40 We
633 3171 145 52 began
802 3186 80 28 our
904 3179 248 37 treatment
1177 3174 44 40 of
1245 3173 76 41 the
1344 3172 153 41 fistula
1520 3172 96 41 first
1641 3172 45 41 of
1708 3171 58 41 all
1789 3171 111 41 with
1921 3170 149 54 gentle

443 3256 219 40 massage,
693 3268 57 3 —
780 3245 251 52 superficial
1069 3245 256 52 effleurages
1364 3244 115 40 from
1517 3243 77 41 the
1634 3242 240 54 periphery
1912 3242 44 41 of
1994 3241 77 41 the

442 3314 251 48 infiltrated
718 3327 119 30 mass
862 3317 195 43 towards
1082 3316 77 41 the
1186 3314 200 48 cicatrix,
1415 3313 206 41 followed
1645 3313 61 54 by
1730 3312 111 53 light
1869 3326 202 41 pressure
