2440 3880
395 316 306 51 TROISIÈME
742 316 214 49 ANNÉE.
1324 317 75 46 No
1431 331 43 34 2.
1507 345 69 6 —
1612 317 248 47 FÉVRIER
1894 330 141 48 1919.

1147 557 127 53 LA

528 676 1355 152 Restauration

366 916 356 148 Max
722 916 178 148 i
900 916 178 148 I
1078 916 982 148 lo-Faciale

879 1225 236 54 REVUE
1170 1221 380 74 PRATIQUE

427 1336 86 53 DE
567 1336 420 54 CHIRURGIE
1047 1337 80 52 ET
1187 1321 381 68 PROTHÈSE
1625 1320 382 69 SPÉCIALES

540 1455 287 44 CONSACRÉE
855 1469 29 28 A
914 1450 212 49 L'ÉTUDE
1154 1468 91 30 DES
1274 1455 201 43 LÉSIONS
1498 1467 389 39 TRAUMATIQUES

332 1537 62 35 DE
422 1547 58 31 LA
509 1550 142 40 FACE,
679 1550 92 30 DES
795 1550 351 38 MAXILLAIRES,
1173 1550 90 29 DES
1286 1549 174 38 DENTS,
1491 1551 57 28 ET
1575 1550 30 29 A
1632 1550 127 30 LEUR
1781 1550 320 31 TRAITEMENT

769 1635 357 35 PARAISSANT
1158 1635 509 35 MENSUELLEMENT

383 1711 87 27 avec
486 1707 38 34 la
541 1706 267 36 collaboration
825 1707 63 34 des
907 1707 152 34 Centres
1076 1707 43 34 de
1138 1706 264 46 Stomatologie
1419 1712 33 29 et
1468 1708 44 33 de
1528 1706 177 35 Prothèse
1722 1707 332 43 Maxillo-faciale.

1050 1867 90 29 so
1140 1867 60 29 M
1200 1867 181 29 MAIRE

473 1911 149 32 Fernand
641 1914 180 29 LEMAÎTRE.
839 1933 46 3 —
906 1913 51 30 Un
976 1916 117 28 Centre
1108 1914 39 29 de
1163 1913 177 41 chirurgie
1354 1915 235 29 restauratrice
1604 1915 38 29 de
1661 1913 32 30 la
1702 1915 88 38 face.
1812 1915 43 37 (A
1881 1917 79 28 Cen-

637 1959 50 25 tre
694 1956 64 37 for
766 1953 117 40 facial
897 1955 290 38 reconstruction.)

472 1992 147 33 Maurice
638 1996 82 30 Roy.
740 2014 39 3 —
802 1995 51 30 Un
869 1996 101 40 signe
985 1996 108 41 dlagn
1116 1997 104 38 stique
1241 1996 55 29 des
1318 1996 231 29 constrictions
1571 1996 55 29 des
1649 1995 183 30 mâchoires
1857 1996 103 30 d'ori-

635 2037 84 41 gine
735 2037 128 35 réflexe.
887 2037 46 38 (A
953 2037 192 41 diagnostic
1159 2040 157 37 symptom
1331 2038 35 29 in
1378 2037 214 30 constriction
1610 2038 42 39 of
1660 2037 52 30 the
1718 2038 120 40 jaw'of
1838 2038 122 40 reflex

637 2079 151 40 origin.)

473 2115 35 29 P.
528 2117 188 40 KOUINDJY.
736 2138 42 4 —
804 2118 201 31 Traitement
1019 2120 54 29 des
1083 2118 131 41 fistules
1238 2118 178 30 salivatres
1432 2125 62 27 Par
1513 2118 30 31 le
1559 2130 151 31 massage
1725 2122 31 27 et
1770 2120 55 29 air
1841 2119 114 31 chaud.

638 2159 87 39 (The
741 2162 175 28 treatment
930 2159 199 40 ofsallvar),
1138 2159 138 41 fistulae
1292 2160 38 38 by
1346 2171 151 31 massage
1512 2161 68 29 and
1594 2160 55 30 hot
1662 2161 87 38 air.)

472 2198 126 32 Adrien
617 2201 175 30 GAIGNON.
813 2220 45 4 —
873 2201 180 30 Réduction
1080 2201 185 40 mécanique
1290 2194 52 48 de
1342 2194 176 48 fractures
1518 2194 196 48 multiples
1736 2202 42 30 du
1801 2207 94 35 corps
1916 2202 43 29 du

636 2241 202 31 maxillaire
853 2242 167 39 inférieur
1035 2245 31 26 et
1080 2242 186 30 contention
1282 2243 39 29 de
1337 2253 48 18 ces
1401 2245 117 27 mêmes
1525 2243 181 38 fractures.
1729 2243 157 37 (Mechan
1891 2244 50 28 ica
1946 2242 14 29 l

637 2283 170 30 réduction
826 2284 41 37 of
876 2282 173 41 multiples
1057 2284 171 38 fractures
1250 2288 36 34 of
1305 2282 53 30 the
1379 2283 81 38 body
1482 2288 36 34 of
1533 2283 51 30 the
1602 2283 99 30 lower
1708 2286 74 38 jaw
1798 2285 68 29 and
1881 2285 78 31 fixa-

635 2324 71 29 tion
723 2323 38 35 of
761 2323 64 35 the
832 2319 817 75 fragments.)

473 2358 88 34 FREY
577 2368 35 25 et
629 2359 172 37 BARRIEU.
801 2359 58 37 -
875 2362 262 32 Pseudarthrose
1152 2365 42 29 du
1211 2363 203 32 maxillaire
1430 2364 175 35 inférieur.
1624 2364 180 41 Equilibre
1819 2376 38 18 en
1867 2365 91 39 posi-

636 2406 70 29 tion
718 2404 220 42 paradoxale.
959 2405 273 40 (Pseudarthrosis
1232 2405 51 40 of
1283 2405 86 40 the
1386 2405 100 30 lower
1501 2405 153 30 maxilia.
1674 2405 230 41 Equilibrium
1922 2406 35 29 in

631 2448 171 37 paradoxa
807 2446 14 30 l
830 2447 180 40 position.)

471 2482 100 32 Index
588 2486 306 43 bibliographique.
915 2487 323 44 (Bibliographical
1252 2488 128 38 index.)

665 2636 176 30 ADRESSER
865 2646 39 20 LA
928 2646 307 21 CORRESPONDANCE
1259 2645 162 21 RELATIVE
1445 2645 21 19 A
1491 2645 40 19 LA
1557 2635 194 30 RÉDACTION

423 2693 58 26 au
528 2689 203 40 Docteur
766 2694 266 43 HERPIN,
1071 2695 70 46 79,
1177 2694 257 36 boulevard
1476 2693 307 43 Haussmann,
1823 2693 174 36 PARIS

498 2770 176 35 ADRESSER
697 2785 40 21 LA
760 2786 306 21 CORRESPONDANCE
1091 2787 162 20 RELATIVE
1276 2786 21 20 A
1321 2776 328 30 L'ADMINISTRATION
1674 2785 41 20 DE
1742 2785 38 20 LA
1805 2775 114 31 REVUE

353 2818 22 30 il
401 2823 60 48 1,
461 2823 322 48 Administrateur-
783 2823 202 48 (lérant:
1019 2836 52 34 H.
1107 2834 291 41 VILLAIN,
1431 2834 63 41 10,
1522 2844 81 25 rue
1637 2834 54 35 de
1724 2834 142 47 l'Isly,
1899 2835 174 36 PARIS

885 2919 194 30 S'ADRESSER
1102 2928 89 21 POUR
1214 2926 55 21 LES
1292 2926 245 21 ABONNEMENTS

353 2958 20 37 *
390 2962 34 56 1
424 2962 395 56 Administrateur-Gérant
838 2992 42 27 ou
898 2983 19 36 à
936 2982 32 37 la
986 2982 157 37 Librairie
1163 2981 86 37 Félix
1267 2979 145 44 ALCAN,
1430 2980 80 42 108,
1527 2981 176 37 boulevard
1723 2983 215 42 Sl-Germaia,
1951 2982 119 37 PARIS

1004 3139 345 34 ABONNEMENTS
1349 3139 58 34 :

632 3208 142 41 France
774 3208 61 41 :
863 3213 47 35 15
938 3213 166 36 francs.
1138 3217 67 36 -1-
1232 3212 149 35 Union
1409 3215 154 42 postale
1563 3215 58 42 :
1649 3213 46 35 18
1724 3213 54 35 fr.

904 3348 71 45 Le
1009 3351 178 41 numéro
1187 3351 77 41 :
1300 3347 25 42 1
1360 3346 65 44 fr.
1453 3346 69 45 50
