2342 3876
447 430 51 52 76
832 441 56 30 LA
917 443 336 34 RESTAURATION
1282 445 409 31 MAXILLO-FACIALE

536 527 272 54 J'ajouterai
835 529 110 55 qu'il
971 536 68 38 est
1066 534 120 42 deux
1211 533 226 56 principes
1464 532 139 55 qu'on
1628 546 57 30 ne
1712 533 178 41 devrait
1916 533 164 54 jamais

447 603 198 54 négliger
671 600 156 59 quand
853 608 54 42 on
907 608 128 42 .doit
1064 612 156 54 opérer
1247 611 78 42 des
1351 604 222 47 fractures
1601 609 62 41 du
1688 609 252 42 maxillaire
1968 608 111 42 infé-

450 679 110 42 rieur
560 679 37 42 :

539 755 40 55 a)
615 755 183 58 Chaque
822 759 85 42 fois
933 761 110 55 qu'il
1067 767 68 38 est
1160 762 194 57 possible
1377 787 61 9 -
1460 765 46 39 et
1531 761 110 44 c'est
1666 766 194 39 souvent
1884 787 59 25 —
1965 775 115 29 nous

450 832 171 44 devons
648 840 274 50 emprunter,
951 853 116 41 pour
1091 825 355 63 l'intervention,
1475 838 64 43 les
1565 838 125 43 voies
1716 839 245 42 naturelles
1984 852 7 28 :
2022 818 72 62 on

449 909 134 51 évite,
615 925 55 28 en
698 918 189 49 passant
916 929 83 41 par
1026 915 40 44 le
1094 916 241 50 vestibule,
1365 916 63 42 les
1458 916 306 42 destructions
1793 917 63 41 du
1883 915 205 56 périoste

452 1001 59 28 ou
541 988 100 56 plus
673 996 287 39 exactement
992 994 55 42 de
1076 994 371 57 J'ostéopérioste,
1473 989 113 47 dolnt
1615 994 43 53 je
1689 994 92 42 n'ai
1812 1008 83 40 pas
1924 992 158 43 besoin

450 1066 54 41 de
531 1080 115 29 vous
672 1069 205 55 rappeler
902 1070 40 42 le
969 1071 92 42 rôle
1088 1071 388 55 ostéogénétique;
1761 1068 45 4 u-

542 1143 37 54 b)
614 1144 183 55 Chaque
827 1146 86 42 fois
945 1147 111 61 qu'il
1086 1153 68 38 est
1184 1148 198 55 possible
1402 1172 67 6 —
1498 1152 45 38 et
1575 1148 110 42 c'est
1722 1148 212 53 fréquent
1963 1172 59 4 -
2051 1145 32 41 il

451 1224 114 39 vaut
595 1221 153 44 mieux
789 1224 269 54 appareiller
1091 1225 40 42 le
1171 1225 143 41 blessé
1356 1224 66 44 âli
1445 1224 198 55 préalable
1643 1224 60 55 :
1737 1224 110 42 c'est
1887 1236 116 42 pour
2042 1222 40 42 le

450 1297 177 55 patient
660 1312 87 29 une
780 1300 252 43 souffrance
1065 1301 205 43 moindre
1303 1305 45 38 et
1387 1301 63 42 les
1491 1301 216 43 résultats
1744 1300 195 43 obtenus
1976 1303 104 39 sont

451 1373 102 56 plus
579 1376 315 43 satisfaisants.
1532 1387 33 72 -

1257 1484 23 26 *

1211 1514 23 24 *
1301 1513 23 24 *

541 1683 120 40 Pour
693 1696 49 28 ce
775 1682 79 54 qui
886 1685 69 39 est
987 1682 78 41 des
1096 1681 209 53 fractures
1339 1682 49 41 de
1421 1680 42 44 la
1500 1682 181 43 branche
1714 1688 231 46 montante,
1980 1685 105 42 elles

451 1747 274 52 nécessitent
752 1771 62 27 un
840 1761 98 38 mot
964 1757 180 55 spécial.

539 1832 300 56 Lorsqu'elles
867 1824 104 54 sont
1000 1833 293 51 unilatérales,
1324 1834 45 42 la
1397 1835 118 54 règle
1544 1840 69 39 est
1643 1837 55 42 de
1726 1838 101 42 voir
1854 1838 44 42 la
1926 1852 157 29 conso-

452 1910 192 42 lidation
675 1910 254 43 s'effectuer
959 1925 55 27 en
1044 1925 124 28 assez
1197 1911 150 43 bonne
1375 1911 244 49 occlusion,
1651 1912 63 42 les
1744 1913 192 42 muscles
1966 1927 118 28 mas-

454 1988 118 41 séter
595 1990 45 38 et
664 1987 315 55 ptérygoïdien
1002 1987 176 43 interne
1201 1988 164 54 jouant
1388 1988 41 42 le
1452 1988 92 42 rôle
1569 1988 241 43 d'attelles.
1837 1991 62 41 Et
1922 1990 160 48 même,

453 2064 114 41 dans
603 2063 63 42 les
703 2077 76 28 cas
817 2065 59 40 où
912 2064 44 42 la
993 2064 331 43 consolidation
1360 2077 56 29 ne
1453 2079 45 28 se
1534 2065 85 42 fait
1656 2065 145 55 point,
1842 2080 55 28 en
1934 2066 151 41 raison

453 2140 136 44 d'une
609 2144 127 52 perte
755 2144 105 51 trop
880 2140 279 56 importante
1180 2142 55 42 de
1253 2141 259 51 substance,
1533 2141 41 43 le
1593 2142 193 42 résultat
1804 2142 282 43 fonctionnel

454 2222 68 39 est
547 2217 335 57 généralement
908 2232 123 29 assez
1056 2219 92 43 bon
1173 2222 120 53 pour
1293 2222 267 53 permettre
1587 2233 59 28 au
1671 2218 121 55 sujet
1819 2219 55 42 de
1897 2231 189 42 manger

454 2296 114 42 dans
614 2296 78 43 des
732 2293 256 46 conditions
1035 2311 192 41 presque
1269 2296 238 44 normales.
1560 2296 92 55 J'ai
1696 2310 63 28 vu
1800 2296 78 43 des
1920 2294 167 43 blessés

453 2365 209 64 porteurs
695 2374 55 42 de
792 2373 274 44 maxillaires
1102 2388 111 29 avec
1246 2375 145 53 larges
1422 2374 388 55 pseudarthroses,
1845 2387 104 28 sans
1979 2386 107 28 con-

455 2451 117 55 dyle,
607 2464 104 32 sans
742 2452 176 48 coroné,
941 2451 171 55 parfois
1137 2451 150 55 privés
1319 2450 55 42 de
1404 2450 45 42 la
1483 2450 163 55 partie,
1663 2449 256 56 supérieure
1954 2449 56 42 de
2043 2449 44 41 la

456 2527 198 45 branche
677 2532 255 45 montante,
959 2532 46 38 et
1031 2528 76 56 qui
1132 2529 221 54 pourtant
1375 2525 247 43 arrivaient
1642 2528 27 40 à
1694 2525 253 55 mastiquer
1965 2539 120 41 pres-

456 2618 86 41 que
576 2606 121 43 aussi
728 2605 106 43 bien
867 2593 413 68 qu'auparavant.-

544 2682 127 43 Nous
700 2670 285 65 admettrons
1016 2682 117 42 donc
1163 2694 88 41 que
1280 2678 45 42 la
1353 2678 225 55 prothèse,
1609 2678 335 57 indispensable
1973 2692 116 42 pour

457 2758 39 42 le
522 2760 265 42 traitement
814 2761 77 41 des
916 2760 222 40 fractures
1164 2758 55 41 de
1244 2756 44 41 la
1312 2754 200 43 branche
1536 2755 294 50 horizontale,
1857 2760 68 38 est
1952 2755 136 42 d'une

455 2836 218 41 nécessité
704 2836 147 43 moins
882 2835 269 56 impérieuse
1183 2832 156 56 quand
1370 2831 33 40 il
1434 2830 134 55 s'agit
1601 2832 55 41 de
1688 2832 222 42 fractures
1942 2831 143 42 unila-

457 2910 164 42 térales
649 2912 54 42 de
730 2912 44 42 la
800 2912 200 43 branche
1027 2914 254 41 montante.

546 2986 113 42 Mais
685 2987 41 43 le
755 3002 75 29 cas
858 2988 184 44 devient
1069 2992 105 38 tout
1202 2988 28 41 à
1257 2985 87 43 fait
1372 2983 211 43 différent
1610 2982 180 55 lorsque
1817 2983 45 41 la
1889 2979 199 46 fracture

459 3061 169 43 atteint
658 3063 64 43 les
753 3065 111 42 deux
900 3065 203 43 branches
1134 3066 254 45 montantes,
1422 3061 99 55 près
1553 3059 49 42 de
1633 3059 173 55 l'angle.
1841 3060 152 55 Voyez
2024 3058 64 43 les

459 3140 163 61 figures
651 3152 24 30 2
704 3145 45 37 et
777 3153 25 41 3
833 3157 87 40 que
947 3143 44 54 je
1017 3142 99 42 vais
1143 3155 115 29 vous
1285 3138 200 57 projeter
1512 3151 76 44 sur
1613 3137 143 42 l'écran
1756 3137 54 42 :
1840 3136 44 42 la
1910 3136 177 43 bouche

460 3222 68 40 est
560 3220 202 45 ouverte,
793 3219 45 41 la
866 3220 200 44 branche
1096 3216 280 45 horizontale
1407 3219 69 38 est
1507 3214 202 42 abaissée
1739 3229 56 27 en
1825 3228 161 34 masse,
2019 3226 69 29 ses

460 3297 121 48 deux
608 3293 262 44 extrémités
897 3311 46 27 se
969 3299 222 39 trouvant
1220 3294 240 54 engrenées
1488 3291 114 42 dans
1629 3291 63 42 les
1720 3290 263 43 extrémités
2011 3289 78 42 des
