2413 3886
854 422 145 32 INDEX
1029 421 403 42 BIKLIOGRAPHIQUE
1887 426 73 40 139

377 500 160 54 Grande
558 511 106 44 plaie
685 513 49 34 de
754 512 41 35 la
815 511 99 36 face.
937 511 175 34 Amelio-

326 548 132 40 ration
510 559 224 42 spontanee
785 560 84 33 tres
920 558 193 45 marquee

330 589 56 44 (P-
416 598 270 51 ^MAUCLAIRE,
717 606 106 33 Bull.
855 609 33 30 et
915 606 122 33 Mem.
1069 606 43 32 de

325 629 38 43 fa
383 643 82 43 Soc.
465 643 66 43 de
554 652 121 44 Chir.,
698 663 20 23 2
740 653 221 34 novembre
983 652 128 44 1915).

374 735 294 55 Micrognathie
707 748 116 43 apres
863 757 79 24 une
982 736 130 48 osteo-

324 784 164 76 wiyelite
540 794 54 38 du
646 793 226 36 maxillaire
922 793 192 35 inferieur

329 824 89 59 (P-
418 824 268 59 MAUCLAIRE,
716 841 107 33 Bull.
855 844 33 30 et
915 841 122 33 Mem.
1069 841 43 32 de

324 871 38 36 la
381 878 84 38 Soc.
487 885 43 35 de
551 887 123 45 Chir.,
697 899 20 23 2
738 888 221 34 novembre
981 887 128 44 1915).

375 970 170 53 Trousse
572 982 216 44 d'urgence
812 993 103 34 pour
940 980 172 37 l'immo-

324 1012 205 48 bilisation
554 1028 237 40 immediate
818 1031 69 33 des
914 1030 198 35 fractures

326 1063 67 41 DES
414 1066 246 45 maxillaires
685 1076 144 45 (PONT,
854 1076 110 43 Lyon
992 1077 119 34 medi-

325 1112 68 45 cali
419 1128 22 30 9
464 1115 210 53 novembre
674 1115 164 53 1915).

365 1208 202 50 APPareil
598 1218 105 44 pour
703 1218 189 44 Veduire
924 1219 40 35 la
998 1229 112 25 cons-

323 1250 165 45 triction
512 1264 69 35 des
603 1265 225 35 machoires
855 1265 159 45 (Pierre
1027 1267 83 32 Ro-

323 1304 86 43 BIN,
444 1308 146 43 Societe
621 1302 303 55 d'Odontologie,
963 1324 45 34 14
1040 1325 70 23 no-

324 1353 164 38 vembre
512 1358 128 45 1915).

375 1443 312 57 Ouvre-bouche
706 1453 283 45 automatique
1008 1465 103 33 pour

322 1482 36 38 le
374 1488 240 45 traitement
633 1501 50 33 de
700 1500 39 35 la
758 1500 263 35 constriction
1042 1502 68 34 des

321 1536 223 44 machoires
571 1546 183 45 (IMBERT
777 1550 42 32 et
842 1548 133 43 REAL,
1001 1548 106 33 Bull,

323 1584 33 28 et
376 1585 121 40 Mém.
520 1593 45 38 de
587 1593 39 33 la
648 1594 83 34 Soc.
756 1594 44 34 de
824 1594 121 44 Chir.,
972 1597 46 33 16
1040 1606 69 24 no-

323 1635 165 38 vembre
509 1641 129 45 1915).

374 1725 285 53 Rhinoplastie
677 1735 184 44 partielle
880 1745 73 35 par
971 1735 40 35 la
1029 1735 82 34 me-

324 1768 125 44 thode
469 1779 194 37 italienne
689 1781 57 45 (F.
769 1781 153 45 GROSS,
948 1782 105 34 Bull.
1079 1786 33 30 et

324 1814 119 44 Mem.
476 1828 43 33 de
549 1829 39 33 la
617 1829 84 33 Soc.
734 1829 43 33 de
808 1828 121 44 Chir.,
962 1840 46 32 23
1041 1840 68 24 no-

324 1871 165 37 vembre
512 1876 127 45 1915).

373 1961 76 38 Sur
480 1979 77 25 une
587 1969 192 36 methode
809 1970 210 35 directrice
1048 1982 62 23 ra-

322 2004 192 46 tionnelle
552 2017 101 34 dans
690 2017 37 34 le
763 2017 240 35 traitement
1041 2018 85 34 des

321 2049 198 48 fractures
560 2065 55 33 du
656 2064 225 35 maxillaire
920 2064 192 34 inferieur

326 2096 213 57 (CAVALIE,
572 2110 261 45 Odontologie,
867 2121 48 32 30
945 2122 164 23 novem-

323 2143 79 58 BRE
402 2143 140 58 1915).

373 2243 252 43 Difformites
653 2250 278 37 consecutives
958 2251 23 35 a
1008 2251 102 36 bles-

323 2295 90 32 sure
435 2297 49 33 de
505 2297 39 35 la
566 2297 88 35 face
675 2309 74 33 par
769 2299 106 34 balle
896 2294 128 50 ayant
1046 2310 64 24 oc-

322 2339 187 39 casionne
534 2344 41 35 la
600 2344 178 36 fracture
803 2347 56 33 du
885 2346 225 37 maxillaire

321 2387 207 42 superieur
560 2394 42 32 et
634 2394 50 33 de
715 2392 40 35 la
786 2392 178 35 branche
995 2404 114 23 mon-

321 2428 116 42 tante
461 2438 54 34 du
538 2439 226 35 maxillaire
784 2439 203 36 inferieur.
1013 2440 96 41 Pro-

320 2473 123 44 fonde
490 2485 232 46 depression
769 2486 253 35 cicatricielle
1070 2490 41 31 et

323 2531 216 43 asymetrie
555 2533 155 35 faciale.
730 2533 254 36 Perforation
1000 2534 111 45 pala-

322 2569 95 40 tine.
438 2578 243 46 Operations
698 2580 277 45 reparatrices.
995 2582 115 34 Pala-

322 2617 192 47 toplastie
552 2639 80 23 aux
671 2627 150 45 depens
860 2630 50 33 de
946 2629 40 34 la
1022 2640 88 23 mu-

321 2671 151 36 queuse
492 2674 50 34 de
562 2674 39 34 la
619 2674 107 43 joue.
750 2674 133 35 Greffe
903 2675 204 45 adipeuse.

324 2708 65 44 (H.
412 2717 239 47 MORESTIN,
675 2722 106 34 Bull.
802 2726 36 29 et
858 2723 122 33 Mem.
1005 2723 43 33 de
1071 2723 39 33 la

322 2756 83 40 Soc.
434 2766 43 33 de
505 2767 121 44 Chir.,
656 2778 48 32 30
730 2769 221 34 novembre
979 2769 127 44 1915).

370 2855 253 50 Difformites
651 2861 278 35 consecutives
956 2861 23 35 a
1006 2863 103 33 bles-

321 2906 89 32 sure
426 2908 49 33 de
489 2908 40 35 la
542 2902 89 41 face
645 2920 74 33 par
732 2909 119 34 balle.
867 2909 126 35 Vaste
1009 2910 100 33 cica-

320 2946 100 40 trice
431 2953 239 46 irreguliere
693 2958 40 32 et
755 2956 214 44 deprimee.
994 2957 115 33 Com-

321 2999 252 38 munication
595 3005 264 43 permanente
881 3004 49 34 de
951 3003 39 35 la
1010 3003 100 34 bou-

321 3041 73 37 che
431 3051 41 31 et
510 3051 53 33 du
601 3050 112 34 sinus
749 3050 225 35 maxillaire
1012 3059 98 26 avec

317 3084 34 47 1
351 3084 209 47 exterieur.
592 3097 154 34 Fistule
775 3097 198 35 salivaire.
1006 3096 103 46 Ope-

319 3138 153 38 rations
518 3144 277 44 reparatrices.
845 3143 133 36 Greffe
1024 3144 84 34 adi-

318 3189 122 34 Peuse
461 3187 67 46 (H.
547 3191 239 43 MORESTIN,
806 3191 106 33 Bull.
932 3195 34 30 et
982 3192 123 32 Mem.

319 3226 43 35 de
393 3233 39 34 la
462 3229 84 41 Soc.
579 3237 43 33 de
655 3236 121 44 Chir.,
809 3248 48 32 30
888 3239 220 33 novembre

324 3281 128 47 1915).

1224 511 259 33 MAUCLAIRE
1503 512 89 44 (P.).
1610 533 52 2 —
1679 511 161 37 Grande
1856 512 106 45 plaic

1174 559 49 33 de
1243 558 40 34 la
1303 558 99 34 face.
1425 558 293 36 Amelioration
1739 558 223 47 spontanee

1173 605 83 33 tres
1280 605 193 43 marquee
1501 606 118 43 (Bull.
1647 610 35 30 et
1704 608 122 32 Mem.
1854 608 43 32 de
1924 606 38 33 la

1176 651 83 34 Soc.
1282 652 44 32 de
1348 650 121 45 Chir.,
1492 663 21 22 2
1534 653 223 35 novembre
1778 654 129 44 1915).

1224 740 262 40 MAUCLAIRE
1527 747 89 45 (P.).
1647 768 52 4 -
1735 749 225 43 Microgna-

1174 793 86 35 thie
1301 794 116 44 apres
1456 805 84 24 une
1576 795 283 45 osteomyelite
1907 797 53 34 du

1174 840 225 35 maxillaire
1422 841 192 34 inferieur
1641 842 118 44 (Bull.
1780 846 33 29 et
1836 843 123 45 Mem.

1174 887 43 33 de
1238 888 39 32 la
1299 887 83 34 Soc.
1406 888 43 33 de
1473 888 120 44 Chir.,
1614 899 21 23 2
1657 900 94 23 nov.
1779 890 127 44 1915).

1225 981 130 34 PONT.
1411 1002 54 3 —
1518 982 173 34 Trousse
1747 982 215 45 d'urgence

1173 1039 103 34 pour
1318 1028 364 36 l'immobilisation
1723 1029 240 42 immediate

1174 1077 69 33 des
1262 1075 198 36 fractures
1481 1078 69 33 des
1569 1076 245 35 maxillaires
1837 1077 124 44 (Lyon

1172 1122 175 45 médical,
1377 1134 22 31 9
1426 1124 222 34 novembre
1676 1123 128 45 1915).

1224 1217 143 34 ROBIN
1388 1217 177 45 (Pierre).
1581 1238 53 2 —
1649 1218 193 44 Appareil
1857 1229 103 33 pour

1171 1263 159 36 reduire
1348 1265 40 34 la
1409 1264 263 35 constriction
1694 1266 69 33 des
1782 1265 178 34 machoi-

1172 1322 62 23 res
1263 1311 98 44 (Soc.
1389 1311 303 44 d'Odontologie,
1723 1322 45 34 14
1794 1322 166 24 novem-

1172 1358 72 34 bre
1265 1359 129 44 1915).

1224 1451 168 34 IMBERT
1415 1455 40 31 et
1477 1451 133 34 REAL.
1632 1473 52 2 —
1705 1452 254 35 Ouvre-bou-

1173 1499 73 34 che
1261 1499 282 45 automatique
1556 1509 103 35 pour
1672 1499 37 35 le
1721 1499 239 35 traitement

1173 1547 50 34 de
1256 1546 41 34 la
1332 1546 263 35 constriction
1632 1548 69 33 des
1736 1546 224 35 machoires

1175 1593 119 44 (Bull.
1321 1597 33 30 et
1377 1594 121 33 Mem.
1525 1594 43 33 de
1592 1594 39 34 la
1656 1593 83 34 Soc.
1766 1594 43 33 de
1835 1593 122 44 Chir.,

1175 1642 46 31 16
1246 1641 223 34 novembre
1496 1641 128 45 1915).

1224 1733 138 39 GROSS
1386 1735 90 46 (F.).
1496 1756 52 3 —
1566 1735 285 46 Rhinoplastie
1870 1746 89 34 par-

1172 1781 36 35 ti
1208 1781 74 35 elle
1293 1792 74 34 par
1377 1783 40 34 la
1428 1782 192 36 methode
1630 1783 194 35 itahenne
1839 1782 120 45 (Bull.

1172 1827 34 34 et
1226 1829 122 34 Mim.
1371 1830 45 33 de
1438 1830 38 33 la
1499 1830 83 34 Soc.
1607 1829 43 35 de
1674 1823 121 51 Chir.,
1820 1841 46 32 23
1890 1840 70 24 no-

1171 1876 167 36 vembre
1362 1873 129 48 1915).

1222 1970 201 33 CAVALIE.
1458 1991 53 3 —
1545 1971 76 34 Sur
1654 1983 80 23 une
1768 1971 192 36 methode

1172 2016 209 35 directrice
1406 2017 240 37 rationnelle
1673 2019 101 35 dans
1800 2019 37 34 le
1863 2018 97 35 trai-

1170 2066 158 32 tement
1350 2062 70 37 des
1440 2064 199 35 fractures
1661 2067 54 33 du
1736 2065 225 36 maxillaire

1170 2110 192 35 inferieur
1399 2111 275 45 (Odontologie,
1712 2123 48 32 30
1795 2123 165 23 novem-

1171 2157 71 34 bre
1264 2157 128 45 1915).

1221 2249 227 36 MORESTIN
1488 2250 98 47 (H.).
1621 2273 65 17 -
1708 2252 252 35 Difformites

1170 2298 279 35 consecutives
1477 2298 23 34 a
1526 2299 185 47 blessure.
1732 2301 48 33 de
1806 2300 40 34 la
1872 2300 88 34 face

1170 2356 74 34 par
1264 2346 106 34 balle
1390 2349 129 42 ayant
1539 2346 238 35 occasionne
1796 2347 40 34 la
1857 2346 102 35 frac-

1169 2396 92 30 ture
1285 2393 60 35 du
1345 2393 245 35 maxillaire
1613 2393 207 45 superieur
1844 2395 41 32 et
1910 2395 49 33 de

1169 2440 41 37 la
1227 2440 178 35 branche
1425 2443 215 32 montante
1661 2442 54 35 du
1735 2440 225 35 maxillaire

1169 2486 202 35 inferieur.
1390 2483 204 39 Profonde
1610 2488 231 44 depression
1858 2488 102 34 cica-

1171 2534 168 34 tricielle
1368 2537 40 31 et
1436 2534 218 45 asymetrie
1681 2535 155 35 faciale.
1867 2535 92 33 Per-

1171 2581 177 35 foration
1368 2581 193 46 palatine.
1584 2579 243 47 Operations
1847 2581 113 44 repa-

1170 2628 177 34 ratrices.
1379 2624 293 48 Palatoplastie
1701 2640 80 24 aux
1810 2628 150 44 depens

1171 2677 50 33 de
1244 2675 40 35 la
1307 2685 224 33 muqueuse
1556 2676 49 33 de
1629 2675 39 34 la
1690 2674 107 44 joue.
1815 2674 145 36 Greffe

1170 2721 192 45 adipeuse
1389 2721 119 45 (Bull.
1535 2725 33 30 et
1592 2722 121 33 Mem.
1740 2722 43 33 de
1809 2722 38 33 la
1872 2722 85 33 Soc.

1160 2769 53 32 de
1244 2768 121 43 Chir.,
1396 2777 49 33 30
1473 2768 220 34 novembre
1725 2768 126 45 1915).

1219 2861 227 33 MORESTIN
1486 2860 98 45 (H.).
1619 2882 53 3 —
1706 2863 253 40 Difformites

1171 2908 277 34 consecutives
1475 2907 24 35 a
1525 2901 179 45 blessure
1731 2912 50 33 de
1806 2911 40 34 la
1872 2911 88 34 face

1170 2965 74 34 par
1276 2955 118 35 balle.
1431 2955 126 37 Vaste
1592 2956 186 36 cicatrice
1811 2958 149 44 irregu-

1170 3001 95 35 liere
1293 3004 41 33 et
1362 3002 214 45 déprimée.
1608 3004 352 39 Communication

1154 3052 281 41 permanente
1472 3051 50 35 de
1556 3051 41 35 la
1632 3052 158 35 bouche
1828 3056 40 31 et
1905 3054 54 33 du

1169 3095 111 35 sinus
1317 3098 225 34 maxillaire
1579 3110 98 24 avec
1714 3099 256 37 l'extérieur.,

1168 3143 155 35 Fistule
1349 3144 198 35 salivaire.
1577 3145 243 45 Operations
1845 3146 115 45 repa-

1168 3190 178 35 ratrices.
1381 3191 134 35 Greffe
1546 3193 192 44 adipeuse
1772 3193 119 45 (Bull.
1926 3197 34 30 et

1168 3237 122 40 Mpm.
1323 3237 42 34 de
1396 3239 39 32 la
1465 3239 84 33 Soc.
1582 3239 43 33 de
1658 3239 120 44 ChÙf.,
1811 3250 48 33 30
1890 3251 69 24 no-

1170 3284 168 38 vembre
1368 3285 128 46 1915).
