2348 3876
453 424 52 42 74
842 425 56 29 LA
926 425 336 32 RESTAURATION
1291 427 405 29 MAXILLO-FACIALE

453 511 94 41 bon
571 524 87 41 que
684 510 116 42 celui
834 511 78 54 qui
944 512 80 43 eût
1058 513 71 42 été
1160 515 174 42 obtenu
1361 528 55 28 en
1448 514 189 44 laissant
1664 513 47 41 la
1736 519 164 38 nature
1931 516 158 54 opérer

455 586 363 55 spontanément.
851 588 347 53 Actuellement,
1235 591 32 41 il
1301 591 170 44 semble
1497 591 139 55 qu'on
1664 591 133 43 doive
1830 580 257 54 s'entendre

455 677 115 42 pour
598 677 56 28 ne
687 665 252 51 considérer,
979 669 359 42 conformément
1366 667 226 45 d'ailleurs
1628 683 59 27 au
1722 669 93 41 bon
1848 683 116 36 sens,
2001 682 86 41 que

455 740 40 42 le
534 739 179 45 résultat
742 740 265 54 fonctionnel
1038 749 45 38 et
1114 746 142 54 régler
1282 745 40 42 le
1355 745 266 42 traitement
1649 746 179 55 d'après
1859 760 75 28 ces
1967 746 120 41 deux

457 816 210 56 principes
667 816 42 56 :

543 893 40 55 a)
619 893 66 43 La
710 895 330 47 consolidation
1065 902 68 39 est
1158 898 250 56 préférable
1434 899 28 41 à
1485 898 45 42 la
1554 900 350 54 pseudarthrose
1930 900 26 40 à
1983 912 104 28 con-

456 969 146 43 dition
629 970 160 56 qu'elle
817 973 342 56 s'accompagne
1187 974 111 44 d'un
1325 974 189 43 articulé
1541 975 90 55 qui,
1660 976 147 42 même
1834 974 250 56 imparfait,

456 1051 175 51 permet
657 1062 88 29 une
771 1050 293 43 mastication
1091 1053 247 41 suffisante.

549 1124 36 55 b)
621 1125 66 42 La
721 1127 351 54 pseudarthrose
1109 1133 68 38 est
1214 1129 250 55 préférable
1501 1130 26 41 à
1557 1129 43 42 la
1639 1128 331 43 consolidation
2011 1125 78 56 qui

457 1201 294 46 entraînerait
781 1218 62 28 un
872 1204 189 43 articulé
1089 1210 103 51 trop
1224 1206 284 42 défectueux.

1261 1355 23 26 *

1213 1383 24 25 *
1304 1383 23 25 *

547 1513 126 41 Dans
699 1512 64 43 les
791 1526 75 28 cas
894 1514 58 39 où
982 1512 42 41 la
1051 1514 188 51 fracture
1267 1517 60 37 est
1354 1513 317 49 comminutive,
1702 1514 104 54 quel
1834 1518 68 38 est
1929 1512 41 44 le
1997 1513 93 42 rôle

460 1588 61 41 du
554 1588 277 54 chirurgien?

549 1664 38 41 Il
622 1679 46 27 se
702 1668 163 37 trouve
901 1664 78 41 des
1013 1664 276 54 chirurgiens
1323 1666 228 52 généraux
1585 1679 116 41 pour
1735 1665 94 43 dire
1865 1680 87 41 que
1986 1670 105 38 tous

460 1740 63 42 les
548 1754 75 28 cas
648 1740 188 42 doivent
861 1740 94 42 être
980 1742 156 53 opérés
1161 1745 45 37 et
1226 1740 250 55 largement
1492 1742 167 55 opérés,
1676 1746 105 38 tout
1807 1757 174 29 comme
2000 1742 38 41 il
2062 1756 32 42 y

461 1830 26 27 a
513 1816 77 42 des
615 1816 385 54 stomatologistes
1029 1830 114 42 pour
1175 1817 195 42 affirmer
1392 1817 110 55 qu'il
1531 1818 118 42 n'est
1677 1833 83 41 pas
1792 1821 54 41 de
1876 1821 214 47 fracture,

461 1891 326 43 comminutive
810 1906 59 28 ou
889 1906 105 36 non,
1019 1892 80 56 qui
1117 1907 57 28 ne
1195 1893 149 55 puisse
1366 1894 149 53 guérir
1535 1909 104 27 sans
1667 1896 249 55 opération.

548 1961 336 58 Évidemment,
914 1969 32 41 il
972 1970 102 41 faut
1103 1970 93 42 être
1225 1970 259 55 éclectique.

548 2048 68 41 De
643 2048 293 42 nombreuses
961 2048 222 42 fractures
1209 2047 349 43 comminutives
1585 2054 201 49 peuvent
1813 2050 148 54 guérir
1987 2063 106 29 sans

461 2124 318 44 intervention
787 2129 46 38 et
850 2125 160 50 même,
1030 2124 31 42 il
1079 2125 101 43 faut
1197 2125 105 43 bien
1318 2124 217 51 l'avouer,
1556 2126 77 42 des
1653 2126 258 55 opérations
1929 2127 163 42 intem-

459 2202 213 56 pestives,
705 2217 59 27 au
800 2203 141 42 début
972 2203 54 42 de
1056 2202 44 43 la
1129 2216 157 42 guerre
1315 2207 181 37 surtout
1527 2207 45 37 et
1612 2202 275 43 récemment
1917 2216 174 36 encore,

461 2271 81 53 ont
576 2280 180 43 troublé
791 2279 327 46 certainement
1152 2280 40 43 le
1226 2294 235 42 processus
1496 2282 224 54 spontané
1756 2280 338 54 d'ostéogénèse

461 2362 46 38 et
542 2357 250 43 déterminé
826 2358 78 41 des
938 2358 387 55 pseudarthroses.

547 2436 128 49 Mais,
697 2450 85 42 par
804 2439 169 45 contre,
999 2435 296 43 l'abstention
1318 2447 60 27 au
1408 2438 204 40 moment
1642 2434 183 57 propice
1856 2434 149 55 risque
2038 2433 55 42 de

460 2512 155 43 laisser
635 2529 45 28 se
701 2512 212 58 produire
935 2513 54 42 de
1009 2509 350 59 l'ostéomyélite
1379 2513 45 38 et
1446 2510 202 42 s'établir
1668 2515 121 38 cette
1808 2510 156 50 lésion,
1986 2514 105 50 trop

462 2597 193 37 souvent
684 2593 227 51 observée,
941 2595 45 38 et
1016 2605 86 41 que
1129 2589 92 42 l'on
1248 2592 111 51 peut
1388 2588 182 54 appeler
1599 2588 25 42 «
1624 2588 51 42 la
1701 2589 199 41 fracture
1928 2589 26 41 à
1981 2592 113 51 type

461 2669 263 42 médullaire
744 2685 28 26 ».

515 2739 13 54 -
549 2746 75 41 Ma
647 2745 259 43 conclusion
929 2749 69 38 est
1023 2744 90 42 donc
1113 2744 55 42 :
1195 2745 130 39 toute
1353 2740 199 42 fracture
1580 2742 267 53 présentant
1876 2755 88 27 une
1988 2754 106 41 sup-

462 2811 227 65 purationl
714 2822 78 54 qui
828 2822 38 42 a'
891 2822 224 45 tendance
1152 2821 27 41 à
1218 2821 266 52 augmenter
1520 2816 154 55 plutôt
1716 2817 107 54 qu'à
1867 2817 226 42 diminuer

462 2897 175 55 appelle
659 2898 355 42 l'intervention.
1042 2896 377 47 Naturellement,
1445 2896 121 39 cette
1591 2893 236 55 opération
1852 2894 97 41 doit
1974 2906 120 29 com-

462 2978 154 52 porter
642 2974 40 41 le
710 2974 241 44 minimum
978 2976 54 42 de
1061 2976 180 54 dégâts;
1271 2971 131 50 seuls,
1430 2970 64 42 les
1521 2971 254 53 séquestres
1803 2974 45 38 et
1877 2969 217 55 quelques

462 3051 169 57 parties
659 3051 216 42 touchées
903 3067 83 40 par
1014 3052 196 43 l'ostéite
1239 3050 189 43 doivent
1457 3048 94 41 être
1581 3047 191 49 enlevés.
1805 3048 89 40 Par
1921 3051 170 44 contre,

461 3128 30 44 il
526 3128 99 42 faut
667 3140 238 30 conserver
942 3129 362 54 soigneusement
1343 3129 153 39 toutes
1532 3125 64 42 les
1628 3123 208 55 esquilles
1864 3123 227 48 vivantes,

464 3221 76 28 car
570 3204 104 43 elles
705 3207 103 37 sont
835 3205 294 54 susceptibles
1150 3205 61 44 de
1237 3190 213 74 produire
1482 3190 369 61 ultérieurement
1885 3200 78 48 des
1987 3200 106 50 néq-

461 3282 270 53 formations
767 3291 212 39 osseuses,
