2375 3906
457 475 78 41 134
849 475 55 28 LA
933 476 337 30 RESTAURATION
1299 476 405 30 MAXILLO-FACIALE

460 562 155 50 proçhé
637 561 53 38 de
708 560 42 40 la
768 560 110 51 ligne
897 563 194 41 médiane
1111 564 72 40 des
1202 564 255 41 maxillaires
1479 576 82 40 que
1580 576 54 27 ne
1652 563 97 39 l'est
1768 563 38 39 le
1824 563 122 52 point
1968 560 120 52 supé-

460 625 121 47 rieur,
606 625 137 52 lequel
766 638 44 26 se
835 629 278 41 trouve.dans
1136 643 47 26 sa
1201 627 191 53 position
1416 629 208 51 classique
1647 632 118 36 entre
1789 629 54 39 G4
1869 632 43 35 et
1936 629 66 39 G5.
2031 625 60 39 Le

459 694 153 36 ressort
643 691 232 53 s'applique
905 693 108 41 donc
1044 708 52 26 en
1125 696 156 51 grande
1310 693 138 52 partie
1478 699 72 36 sur
1577 695 43 38 la
1649 693 208 51 gouttière
1887 694 57 39 du
1979 688 111 55 petit

459 756 221 50 fragment.
703 757 36 38 Il
758 761 63 35 est
840 757 97 40 bien
956 761 184 41 entendu
1160 771 82 40 que
1260 760 106 39 dans
1381 744 254 54 l'intervalle
1654 759 73 39 des
1745 761 168 37 séances
1938 750 154 48 d'essai

455 821 79 40 B.
569 825 121 47 porte
722 835 47 27 sa
800 824 209 50 prothèse,
1044 825 52 39 de
1128 829 112 35 sorte
1273 836 83 40 que
1366 823 295 52 l'expérience
1691 837 55 26 ne
1776 823 118 40 subit
1928 832 163 30 aucune

458 887 297 51 interruption.

542 952 152 52 Quand
711 954 214 41 l'absence
944 956 52 38 de
1015 959 96 36 tout
1129 957 275 39 mouvement
1424 954 190 40 anormal
1631 968 25 25 a
1677 955 67 38 été
1760 953 99 40 bien
1877 948 217 45 constatée

1062 1546 92 41 FIG.
1154 1546 55 41 3.
1209 1546 37 41 -
1246 1546 76 41 Vu
1347 1546 40 29 de
1410 1546 90 39 plan.

467 1725 42 35 et
547 1720 179 46 vérifiée,
762 1721 40 38 le
835 1723 300 48 porte-ressort
1170 1719 156 41 mobile
1360 1720 53 39 de
1448 1719 206 50 Jourdain
1689 1735 26 26 a
1750 1722 68 40 été
1851 1723 109 51 noyé
1996 1720 106 40 dans

467 1785 242 53 l'épaisseur
728 1786 53 38 de
799 1785 41 39 la
859 1784 226 40 vulcanite.

544 1851 78 39 B.
650 1853 123 49 porte
797 1862 46 27 sa
866 1850 199 52 prothèse
1088 1848 148 53 depuis
1260 1849 96 52 plus
1382 1849 51 39 de
1458 1849 66 40 six
1546 1849 127 48 mois;
1699 1844 30 47 il
1753 1863 107 31 nous
1892 1851 103 40 écrit
2020 1860 82 42 que

468 1927 46 29 sa
530 1913 115 41 force
658 1912 289 56 masticatrice
960 1913 79 42 fait
1058 1914 53 48 de
1127 1918 221 36 constants
1363 1916 188 50 progrès,,
1566 1915 106 52 qu'il
1683 1916 229 52 n'éprouve
1925 1916 46 40 ni
1983 1916 115 51 gêne,

468 1974 46 46 ni
533 1979 173 52 fatigue,
731 1979 44 39 ni
797 1979 194 40 douleurs
1015 1982 43 36 et
1080 1977 106 54 qu'il
1206 1994 25 26 a
1253 1980 131 51 repris
1404 1992 60 27 un
1487 1981 157 39 service
1666 1982 86 38 très
1772 1979 116 43 actif.

558 2147 68 42 De
656 2146 109 57 quoi
794 2161 46 28 se
870 2160 212 43 compose
1113 2162 48 28 ce
1192 2147 230 57 dispositif
1451 2149 56 42 de
1536 2149 240 42 recherche
1804 2147 189 45 inventé
2021 2156 84 48 par

472 2223 251 56 Jourdain?

559 2304 73 41 Un
678 2301 117 57 petit
841 2301 176 43 chariot
1056 2302 57 54 (3)
1168 2302 213 43 actionné
1425 2316 78 28 sur
1546 2301 69 44 vis
1657 2315 106 29 sans
1804 2304 63 40 fin
1916 2300 75 55 (1).
2046 2300 57 42 Ce

471 2379 191 49 chariot,
717 2379 167 55 auquel
913 2384 69 38 est
1012 2380 141 43 soudé
1180 2379 42 43 le
1250 2384 321 52 porte-ressort
1605 2378 58 56 (6)
1696 2393 112 29 avec
1837 2392 82 29 son
1947 2378 157 44 balan-

473 2456 89 43 cier
589 2457 74 55 (5),
689 2471 46 28 se
758 2456 185 56 déplace
967 2456 114 44 dans
1102 2471 64 28 un
1187 2456 109 57 plan
1320 2455 435 57 antéro-postérieur
1777 2470 77 29 sur
1874 2471 63 27 un
1960 2460 147 38 carter

474 2531 176 57 allongé
680 2533 58 55 (2)
767 2533 228 43 constitué
1020 2548 85 42 par
1128 2548 63 28 un
1216 2535 112 41 tube
1356 2534 124 41 carré
1505 2532 142 44 fermé
1673 2533 26 42 à
1724 2548 70 27 ses
1819 2532 285 45 extrémités;

472 2608 44 42 la
547 2610 148 54 partie
728 2610 259 56 supérieure
1020 2611 55 41 de
1108 2625 49 27 ce
1189 2610 113 42 tube
1332 2611 210 52 présente
1574 2624 89 27 une
1696 2609 181 43 rainure
1907 2608 197 57 longitu-

475 2684 148 43 dinale
646 2701 117 40 pour
784 2684 250 59 permettre
1054 2686 42 43 le
1129 2685 262 56 glissement
1421 2686 64 42 du
1512 2686 177 42 chariot
1712 2700 106 29 sous
1838 2686 189 43 l'action
2051 2684 54 43 de

475 2760 45 42 la
551 2761 69 42 vis
654 2777 104 28 sans
791 2765 76 41 fin.
902 2765 41 41 A
973 2762 278 44 l'extrémité
1283 2761 254 43 antérieure
1570 2776 46 29 se
1649 2767 165 39 trouve
1845 2762 46 43 la
1922 2765 97 40 tête
2052 2760 55 43 de

475 2834 70 45 vis
574 2837 57 55 (4)
660 2838 79 55 qui
761 2841 270 43 commande
1053 2839 42 42 le
1118 2842 298 41 mouvement
1441 2839 63 41 du
1526 2838 144 50 chariot
1670 2838 54 50 ;
1750 2852 58 29 on
1832 2838 180 46 obtient
2057 2848 49 30 ce

476 2920 297 39 mouvement
798 2931 59 30 au
880 2930 167 46 moyen
1072 2916 136 51 d'une
1232 2915 144 56 petite
1401 2915 171 56 pointe.
