2339 3867
478 422 50 49 78
862 433 56 28 LA
944 434 336 31 RESTAURATION
1310 435 405 29 MAXILLO-FACIALE

469 517 221 44 branches
720 523 275 40 montantes.
1031 522 176 55 Qu'une
1237 522 106 43 telle
1373 522 199 42 fracture
1602 536 56 28 ne
1690 522 89 42 soit
1809 536 83 41 pas
1922 522 177 43 réduite

459 592 414 55 immédiatement,
909 601 45 38 et
986 598 45 42 la
1063 599 331 45 consolidation
1425 613 46 28 se
1504 599 96 42 fera
1633 597 114 44 dans
1778 613 89 29 une
1899 599 200 55 position

471 671 328 45 extrêmement
822 673 196 46 vicieuse
1041 676 113 43 dont
1176 677 45 41 la
1243 676 252 43 correction
1516 690 58 28 ne
1596 690 168 41 pourra
1785 690 83 41 pas
1890 676 210 55 toujours

472 747 93 43 être
599 748 196 44 obtenue
828 752 146 43 même
1008 767 83 41 par
1123 768 62 27 un
1219 757 101 39 acte
1354 752 267 55 chirurgical
1653 752 267 56 important.

1225 932 23 24 *
1316 931 22 25 *

559 1042 54 55 Je
642 1059 57 29 ne
726 1048 215 42 voudrais
971 1049 91 71 pas
1062 1049 68 71 en
1130 1049 136 71 finir
1266 1049 113 71 avec
1379 1049 91 71 les
1470 1049 253 71 fractures
1745 1049 77 42 des
1850 1047 251 43 mâchoires

472 1135 104 29 sans
610 1136 115 30 vous
760 1126 206 54 rappeler
1001 1126 145 55 quelle
1183 1127 100 42 aide
1319 1126 228 55 précieuse
1582 1138 114 30 vous
1734 1130 243 50 apportera
2012 1139 90 28 une

653 2471 71 32 FIG.
752 2481 27 19 2.
797 2487 41 5 —
856 2469 184 29 Illustrates
1056 2478 20 19 a
1088 2467 156 30 bilateral
1260 2466 147 30 fracture
1425 2466 40 30 of
1478 2467 57 29 the
1552 2468 184 40 ascending
1749 2469 83 29 rami
1847 2478 80 20 near

728 2518 58 30 the
803 2516 97 41 angle
919 2517 33 28 in
968 2516 116 32 which
1100 2515 58 29 the
1175 2513 119 31 mouth
1312 2513 25 29 is
1352 2512 92 30 fixed
1458 2514 35 29 in
1507 2513 60 30 the
1585 2524 87 30 open
1688 2516 160 39 position.

474 2677 150 46 bonne
658 2680 322 56 radiographie.
1012 2679 40 42 Il
1088 2678 102 42 faut
1223 2674 219 45 toutefois
1472 2675 44 42 la
1548 2675 236 56 pratiquer
1808 2676 183 43 suivant
2017 2688 90 30 une

475 2756 241 55 technique
739 2753 205 60 spéciale.
966 2746 128 53 Nous
1120 2767 193 33 sommes
1338 2752 231 50 favorisés,
1597 2753 27 41 à
1650 2753 159 55 Vichy,
1836 2768 84 40 par
1939 2754 44 41 la
2007 2754 99 54 pré-

474 2844 143 36 sence,
634 2812 185 64 comme
859 2834 101 44 chef
1004 2833 62 42 du
1106 2833 161 42 Centre
1301 2830 55 41 de
1392 2828 278 54 Radiologie,
1707 2830 56 41 de
1794 2844 109 28 mon
1943 2829 93 44 ami
2063 2829 43 41 le

476 2907 64 41 Dr
563 2908 146 49 Belot,
740 2910 79 53 qui
850 2914 69 38 est
946 2911 255 55 professeur
1232 2908 54 42 de
1312 2905 249 55 radiologie
1592 2906 27 41 à
1649 2897 170 52 l'École
1851 2906 55 43 de
1938 2911 168 37 stoma-

475 2983 166 54 tologie
672 2984 56 42 de
768 2986 125 43 Paris
931 2992 45 37 et
1013 2988 78 54 qui
1132 2984 203 58 possède,
1368 2998 55 27 en
1458 2987 71 37 cet
1561 2982 130 44 ordre
1725 2984 56 41 de
1812 2983 172 50 choses,
2017 2996 90 29 une

476 3061 292 55 compétence
791 3066 130 40 toute
936 3064 309 55 particulière.

566 3139 121 41 Pour
712 3151 128 36 vous,
869 3139 31 41 il
928 3145 67 37 est
1022 3143 91 40 très
1140 3140 252 55 important
1421 3150 97 48 que
1534 3151 115 28 vous
1677 3136 223 55 désigniez
1928 3140 180 39 exacte-

476 3220 127 40 ment
634 3212 145 58 quelle
809 3215 145 52 partie
990 3217 62 42 du
1086 3215 250 44 maxillaire
1371 3228 114 28 vous
1520 3214 160 42 voulez
1714 3213 111 43 faire
1861 3212 244 46 examiner,

471 3309 84 35 ,car
583 3309 58 28 on
671 3295 151 40 centre
852 3290 116 43 alors
997 3293 242 56 l'ampoule
1269 3305 75 30 sur
1372 3306 49 28 ce
1451 3290 129 56 point
1609 3290 156 55 précis.
1799 3290 164 55 Quand
1990 3301 115 31 vous
