2339 3870
449 429 52 40 80
840 440 56 29 LA
923 440 336 33 RESTAURATION
1287 440 405 33 MAXILLO-FACIALE
1733 465 6 2 -

452 524 167 43 désirez
653 526 173 43 ensuite
859 542 88 29 une
980 531 194 54 épreuve
1206 531 222 49 nouvelle,
1463 530 225 44 n'oubliez
1720 546 82 41 pas
1835 533 248 55 d'envoyer

450 602 45 40 la
518 602 269 54 précédente
812 605 90 41 afin
928 606 139 54 qu'on
1091 608 192 55 procède
1309 608 113 41 dans
1446 608 45 40 la
1515 608 147 42 même
1687 608 212 55 position,
1928 623 50 29 ce
2003 608 80 56 qui

452 682 257 52 permettra.
729 680 56 43 de
811 681 112 52 voir,
952 698 85 41 par
1063 684 329 58 comparaison,
1420 684 268 43 l'évolution
1716 699 192 30 osseuse.

540 755 127 43 Voici
688 757 120 46 deux
830 761 216 55 épreuves
1072 763 91 68 (fig.
1187 775 28 42 4
1233 762 59 67 et
1292 762 140 67 5)roù
1451 762 65 42 les
1536 762 164 54 lésions
1722 777 201 29 osseuses
1945 777 139 42 appa-

453 832 191 44 raissent
666 849 110 30 avec
795 837 45 42 la
859 839 131 63 plus-
990 839 372 63 graridcnettèté.,
1362 839 110 63 Les
1493 839 183 57 calques
1697 854 88 41 que
1805 855 116 28 vous
1941 853 144 42 voyez

453 924 114 29 nous
587 916 103 38 sont
709 913 133 47 livrés
863 929 110 30 avec
984 904 197 69 l'épreuve
1181 904 60 69 ;
1261 916 54 43 ils
1334 917 325 54 représentent,
1682 917 178 55 d'après
1878 918 41 42 le
1933 916 152 43 radio-

454 987 161 54 logiste
632 989 243 53 lui-même,
896 981 91 73 une
987 981 366 73 interprétation
1379 994 213 57 d'autant
1618 994 101 55 plus
1745 998 159 39 exacte
1924 993 164 55 qu'elle

456 1077 27 28 a
504 1065 71 41 été
595 1065 111 44 faite
727 1081 76 28 sur
823 1068 40 43 le
885 1055 153 63 cliché,
1054 1057 211 70 toujours
1265 1057 117 70 plus
1382 1057 164 70 précis
1546 1057 94 70 que
1640 1057 213 70 l'image
1874 1070 212 57 positive.

1253 1250 371 31 *

1207 1252 84 58 *
1291 1252 85 58 *

930 1285 300 101 *
1299 1285 22 25 *

549 1451 198 54 J'aurais
775 1456 27 41 à
832 1469 49 27 ce
912 1455 119 54 sujet
1055 1455 105 43 bien
1189 1455 201 51 d'autres
1416 1448 356 48 considérations
1800 1455 28 41 à
1852 1467 116 28 vous
1993 1466 102 29 sou-

464 1531 187 48 mettre;
687 1530 44 53 je
769 1536 194 49 regrette
1000 1544 90 40 que
1124 1532 41 40 le
1196 1535 150 50 temps
1379 1530 115 41 dont
1523 1530 49 55 je
1602 1528 179 58 dispose
1808 1544 55 27 ne
1892 1544 74 28 me
2001 1542 97 42 per-

465 1608 146 40 mette
635 1620 83 41 pas
743 1606 54 43 de
827 1595 62 54 le1
889 1595 124 54 :faire
1045 1610 47 38 et
1120 1607 91 55 j'en
1236 1605 148 43 arrive
1408 1606 393 43 immédiatement
1829 1620 91 28 aux
1946 1606 152 56 greffes

466 1695 202 29 osseuses.

551 1759 56 52 Je
633 1759 63 42 les
724 1758 217 64 pratique
961 1760 113 41 dans
1101 1760 63 42 les
1192 1773 73 28 cas
1294 1759 191 43 suivants
1485 1759 43 43 :

640 1834 198 56 lorsqu'il
866 1835 131 42 existe
1024 1848 87 28 une
1133 1836 324 54 pseudarthrose
1496 1836 129 50 lâche,

640 1910 166 55 lorsque
837 1911 43 41 la
911 1911 292 51 mastication.
1219 1916 73 36 est
1308 1912 255 54 impossible
1595 1927 56 27 ou
1682 1915 82 40 très
1796 1913 184 55 difficile.

560 1985 54 54 Je
645 2000 56 28 ne
731 1987 63 44 les
822 1988 213 55 pratique

642 2064 163 56 jamais
843 2066 111 41 dans
998 2065 58 42 les
1093 2067 70 41 six
1197 2066 110 43 mois
1337 2067 77 55 qui
1444 2067 170 42 suivent
1652 2066 43 42 la
1723 2067 186 53 fracture
1941 2072 38 37 et
2007 2080 95 28 seu-

643 2141 155 43 lement
825 2144 130 54 après
987 2157 79 42 que
1104 2143 43 42 la
1181 2144 187 54 fracture
1398 2158 26 27 a
1454 2144 61 41 été
1545 2134 377 52 convenablement
1948 2144 154 42 immo-

647 2219 160 42 bilisée.
1049 2263 7 1 -

554 2297 56 54 Je
633 2289 180 63 prélève
836 2297 44 63 le
898 2284 174 67 greffon
1095 2296 394 58 ostéopériostique
1489 2296 116 58 sur
1625 2298 40 42 le
1690 2297 128 43 tibia.

555 2373 56 54 Je
634 2387 115 29 vous
773 2374 208 54 présente
1006 2372 217 56 quelques
1246 2363 217 55 résultats
1491 2373 90 55 (tig.
1610 2373 40 50 6,
1677 2385 40 43 7,
1746 2374 25 41 8
1796 2377 45 38 et
1868 2373 58 54 9).

557 2450 104 43 L'os
689 2442 258 59 néoformé,
967 2450 117 49 ainsi
1111 2465 99 41 que
1228 2463 124 43 vous,
1372 2464 175 43 pouvez
1576 2450 40 44 le
1646 2463 275 46 remarquer,
1954 2461 150 42 repro-

472 2525 101 43 duit
605 2527 266 44 exactement
871 2527 98 44 la
1001 2528 145 42 forme
1178 2531 50 38 et
1256 2524 89 45 la:
1345 2524 246 45 dimension-
1591 2524 91 45 dù
1718 2526 173 55 greffon
1924 2529 45 39 et
2003 2526 26 41 à
2061 2523 45 41 la

472 2602 126 55 place
620 2606 146 42 même
797 2607 58 40 où
879 2604 185 43 celui-ci-
1083 2597 34 49 a
1117 2597 87 49 été
1225 2597 227 60 appliqué,
1452 2597 182 60 toutes
1654 2589 258 62 conditions
1935 2584 79 72 qui
2034 2613 72 30 me

472 2680 253 54 paraissent
754 2680 250 44 d'extrême
1030 2681 284 55 importance
1351 2692 60 28 au
1441 2679 119 53 sujet
1595 2680 63 41 du
1694 2680 105 49 rôle,
1832 2680 275 41 récemment

474 2755 189 51 discuté,
695 2770 88 41 que
815 2755 105 57 joue
950 2747 359 65 l'ostéopérioste
1325 2754 122 42 dans
1466 2753 71 55 la
1537 2753 286 55 production
1837 2755 55 41 de
1915 2753 96 43 l'os.

560 2833 66 40 La
656 2817 138 69 greffe
824 2836 128 41 étant
984 2849 62 27 un
1077 2838 100 38 acte
1209 2830 382 56 essentiellement
1621 2831 279 55 chirurgical,
1933 2832 44 41 la
2006 2844 102 42 pro-

472 2907 129 42 thèse
628 2908 305 45 n'aura-t-elle
960 2912 44 42 là
1030 2911 97 43 rien
1154 2912 26 41 à
1207 2909 137 43 faire?
1377 2905 207 56 J'estime
1611 2907 61 43 le
1672 2907 247 43 contraire.
1950 2907 159 56 L'opé-

474 2983 152 43 ration
649 2985 231 51 terminée,
906 2988 44 41 la
973 2988 228 44 mâchoire
1227 2985 97 44 doit
1348 2985 95 42 être
1466 2984 297 43 immobilisée
1789 2985 113 42 dans
1925 2984 45 42 la
1992 2982 119 57 posi-

476 3060 97 42 tion
598 3060 93 42 dite
719 3061 56 41 de
803 3064 41 43 «
844 3064 168 43 bouche
1043 3066 141 41 fermée
1184 3066 61 41 »
1277 3062 139 56 qu'on
1445 3061 178 43 obtient
1643 3063 130 53 grâce
1794 3062 26 41 à
1842 3062 120 41 deux
1982 3064 131 52 gout-

478 3138 135 43 tières
649 3136 176 55 placées
853 3154 75 27 sur
966 3141 64 42 les
1070 3142 191 42 arcades
1296 3139 227 43 dentaires
1568 3143 143 38 avant
1753 3138 357 43 l'intervention.

480 3214 216 44 Pendant
720 3213 120 43 deux
878 3230 59 27 ou
977 3218 111 42 trois
1130 3218 116 42 mois
1286 3216 185 56 parfois,
1505 3215 39 41 le
1586 3216 120 53 sujet
1747 3213 170 44 restera
1948 3212 168 44 soumis

480 3306 59 30 au
570 3289 167 56 régime
764 3288 169 55 liquide
967 3306 57 28 ou
1057 3292 313 56 semi-liquide.
