2369 3891
602 634 465 78 Traitement
1122 639 130 73 des
1308 638 288 74 fistules
1654 640 373 82 salivaires

848 835 105 58 par
984 816 52 57 le
1068 836 284 59 massage
1374 830 60 42 et
1466 815 86 58 air
1583 816 195 75 chaud

952 1003 86 56 Par
1069 1016 41 44 le
1145 1001 97 71 Dr
1242 1001 97 71 P.
1339 1001 327 71 KOUINDJY,

776 1110 92 33 Chef
889 1111 43 30 du
957 1110 133 32 Service
1115 1112 41 30 de
1178 1110 279 43 physiothérapie
1482 1121 58 49 au
1545 1109 288 32 Val-de-Grâce.

575 1590 202 43 L'utilité
803 1589 65 50 du,
889 1603 212 42 massage,
1116 1594 55 39 et
1183 1591 55 41 de
1263 1590 100 42 l'air
1389 1589 150 43 chaud
1561 1589 118 43 dans
1694 1589 41 43 le
1755 1587 268 46 traitement
2048 1586 76 44 des

488 1667 140 55 plaies
659 1671 44 39 et
736 1668 77 41 des
842 1666 169 45 ulcères
1043 1680 27 27 a
1101 1668 80 40 été
1203 1665 103 56 déjà
1336 1664 198 57 prouvée
1564 1666 104 42 bien
1701 1671 142 39 avant
1879 1667 45 41 la
1953 1676 168 45 guerre.

492 1744 329 55 Quelques-uns
862 1743 58 42 de
968 1757 95 28 mes
1105 1743 220 55 collègues
1371 1742 69 56 (de
1481 1739 193 56 Munter,
1718 1744 157 50 Lanel,
1914 1741 209 46 Dausset,

488 1820 153 50 Bloch,
678 1821 102 54 etc.)
822 1824 79 38 ont
934 1819 155 54 publié
1120 1817 114 45 des
1246 1820 311 42 observations
1590 1824 274 40 concernant
1897 1820 41 42 le
1972 1818 153 44 traite-

490 1900 140 46 ment,
658 1910 82 40 par
766 1910 70 28 ces
861 1900 167 50 agents
1042 1895 260 56 physiques,
1331 1896 78 42 des
1440 1897 169 42 ulcères
1630 1897 256 56 variqueux
1910 1901 44 38 et
1979 1898 155 41 même

486 1972 83 43 des
593 1972 171 44 ulcères
788 1972 184 44 rebelles
998 1973 26 41 à
1050 1976 131 39 toute
1207 1976 129 39 autre
1368 1973 360 56 thérapeutique.
1758 1974 71 42 En
1858 1984 128 45 1905,
2011 1981 113 46 nous

489 2063 143 36 ayons
664 2052 213 53 rapporté
908 2050 28 41 à
960 2049 54 41 la
1046 2049 175 43 Société
1253 2050 54 41 de
1341 2048 349 57 kinésithérapie
1728 2065 63 27 un
1825 2064 74 28 cas
1933 2041 191 52 d'ulcère

488 2126 162 43 rebelle
686 2126 126 55 guéri
836 2140 83 40 par
944 2126 40 43 le
1020 2140 216 42 massage.
1266 2126 67 42 La
1359 2140 156 41 guerre
1549 2127 189 42 actuelle
1764 2140 116 30 nous
1907 2140 27 28 a
1959 2121 166 60 permis

489 2202 56 44 de
578 2207 230 39 constater
840 2217 93 42 que.
960 2204 64 42 les
1056 2204 149 55 plaies
1205 2204 277 55 fistuleuses
1501 2217 74 28 'ou
1608 2208 158 38 atones
1806 2204 204 42 finissent
2044 2209 81 47 par

488 2295 46 28 se
580 2281 226 42 cicatriser
849 2280 350 56 complètement
1243 2284 132 51 grâce
1420 2294 90 29 aux
1548 2294 287 30 manœuvres
1873 2277 249 45 massothé-

487 2359 209 56 rapiques
734 2358 254 44 combinées
1032 2372 109 29 avec
1183 2358 41 43 le
1269 2362 190 38 courant
1497 2358 114 42 d'air
1647 2356 160 44 chaud.
1848 2358 142 41 Notre
2028 2350 89 47 ami

484 2435 51 43 le
554 2436 62 40 Dr
645 2435 163 56 Cyriax
841 2435 70 56 (de
939 2435 214 56 Londres)
1198 2436 50 44 a
1248 2436 152 44 même
1431 2434 139 43 établi
1597 2438 103 39 tout
1729 2436 277 44 récemment
2006 2436 112 44 une

485 2513 218 43 méthode
732 2513 62 42 de-
820 2513 262 42 traitement
1118 2510 77 44 des
1233 2512 141 55 plaies
1410 2512 54 41 de
1505 2523 169 43 guerre,
1710 2512 304 54 uniquement
2042 2516 81 47 par

485 2589 40 42 le
545 2602 215 42 massage.
785 2590 126 41 Dans
932 2604 63 27 un
1016 2592 187 52 rapport
1223 2590 208 53 présenté
1451 2601 83 40 par
1554 2601 80 28 son
1656 2588 135 50 élève,
1813 2588 41 41 le
1880 2588 63 40 Dr
1954 2584 168 44 Louise

484 2667 188 50 Bennet,
713 2681 115 28 nous
867 2671 221 37 trouvons
1128 2665 78 42 des
1246 2664 312 41 observations
1599 2664 54 42 de
1698 2664 140 55 plaies
1878 2679 65 27 en
1972 2662 145 57 pleine

486 2745 297 54 suppuration
800 2756 126 31 avec
958 2743 318 55 complication
1308 2754 217 29 nerveuse
1558 2745 45 38 et
1640 2742 171 54 guéries
1844 2756 82 40 par
1956 2742 44 41 la
2030 2738 92 43 mé-

485 2811 138 51 thode
640 2821 70 42 de
741 2822 176 54 Cyriax,
949 2820 78 56 qui
1056 2821 117 41 n'est
1205 2819 127 41 autre
1365 2817 131 42 chose
1527 2818 168 54 qu'une
1723 2818 312 42 modification
2067 2813 52 43 de

485 2895 45 40 la
554 2897 213 42 méthode
792 2898 205 54 générale
1025 2898 54 41 de
1107 2896 226 54 Kellgren,
1358 2897 45 39 et
1426 2894 112 41 dans
1564 2894 191 55 laquelle
1780 2896 64 42 les
1869 2894 250 42 vibrations

486 2972 245 43 manuelles
765 2979 221 53 occupent
1019 2975 45 41 la
1096 2975 127 54 place
1256 2970 301 57 primordiale.

573 3046 127 42 Nous
735 3062 140 29 avons
912 3051 215 56 appliqué
1158 3050 63 42 les
1256 3061 288 29 manœuvres
1585 3048 441 55 massothérapiques
2061 3054 58 31 au

485 3123 263 45 traitement
772 3125 77 42 des
872 3124 228 46 cicatrices
1124 3126 54 42 de
1201 3127 44 55 la
1268 3126 98 40 face
1389 3124 77 42 des
1489 3123 164 43 blessés
1676 3125 56 42 de
1753 3135 159 44 guerre
1939 3128 43 38 et
2005 3130 114 35 nous

486 3215 142 31 avons
660 3213 65 41 pu
755 3214 115 29 nous
903 3204 277 48 convaincre,
1216 3203 27 41 à
1274 3202 173 41 mainte
1478 3201 177 54 reprise,
1691 3202 55 41 de
1784 3200 249 43 l'efficacité
2066 3196 53 42 de

485 3296 82 30 ces.
580 3289 301 39 manœuvres,
911 3284 177 38 surtout
1115 3279 161 57 quand,
1293 3292 114 28 nous
1430 3277 63 42 les
1518 3277 183 42 faisions
1725 3278 255 42 combinées
2011 3284 108 34 avec
