2464 3874
538 442 286 36 MECHANICAL
853 450 251 28 REDUCTION
1137 441 69 37 OE
1206 441 232 37 MULTIPLE
1469 445 251 33 FRACTURES
1872 455 8 21 I
1893 452 22 36 J
1915 452 23 36 [

397 520 111 47 June
531 531 107 47 30th.
664 534 246 50 Apparatus
934 534 86 40 still
1044 533 43 39 in
1111 533 196 51 position.
1390 533 190 51 Nothing
1604 539 44 34 to
1674 535 52 37 be
1751 547 94 26 seen
1872 535 77 37 but

321 588 23 25 a
378 582 125 54 slight
539 594 263 43 denudation
839 599 43 37 of
918 599 72 39 the
1026 598 186 39 alveolar
1245 597 172 52 portion
1455 611 53 25 on
1547 600 71 37 the
1653 598 116 51 jugal
1805 602 145 49 aspect

322 639 183 55 between
526 659 73 39 the
619 662 149 39 canine
789 665 85 38 and
896 664 91 38 first
1009 663 208 51 bicuspid.

396 714 220 61 Attempts
637 728 125 39 made
784 732 45 34 to
853 728 130 39 shake
1005 742 47 25 or
1073 741 125 27 move
1221 728 72 38 the
1316 728 234 50 fragments
1573 730 168 39 showed
1765 730 116 38 them
1906 733 43 34 to

321 769 50 43 be
390 786 207 55 perfectly
618 792 94 40 firm
735 794 84 38 and
840 794 155 39 caused
1017 807 55 25 no
1094 793 100 52 pain
1217 797 45 34 to
1285 793 72 38 the
1379 792 179 51 patient.

398 845 87 42 The
512 854 274 42 articulation
814 870 85 26 was
926 857 188 51 working
1140 856 221 51 normally.

398 912 58 38 As
481 918 72 40 the
577 921 167 51 patient
770 936 85 26 was
880 922 93 40 able
999 915 44 46 to
1071 924 93 38 feed
1188 922 167 40 himself
1379 922 45 39 in
1424 922 47 39 a
1497 922 167 39 natural
1690 936 95 38 way
1808 923 33 39 it
1870 937 83 26 was

323 966 181 60 decided,
527 996 54 28 on
601 992 181 34 account
803 988 45 38 of
866 988 72 39 the
957 987 83 39 loss
1060 988 44 38 of
1122 988 227 38 substance
1368 991 43 35 at
1433 988 36 37 A
1495 987 83 51 (fig.
1602 987 52 50 1),
1678 991 43 35 to
1744 987 117 40 leave
1881 990 71 37 the

322 1042 228 46 apparatus
571 1062 116 29 some
709 1051 103 41 time
833 1052 145 50 longer
998 1051 42 38 in
1064 1053 74 38 the
1158 1052 163 41 mouth.

399 1105 103 54 July
530 1115 105 40 18th.
666 1118 88 37 The
781 1122 233 46 apparatus
1043 1129 84 27 was
1155 1118 198 38 removed
1380 1117 109 39 from
1518 1117 71 38 the
1616 1117 164 39 mouth.
1865 1119 88 38 The

323 1166 268 52 articulation
616 1194 85 27 was
727 1183 108 49 good
861 1182 84 39 and
972 1183 73 38 the
1070 1183 205 38 fractures
1300 1181 254 53 completely
1577 1180 162 40 united.

408 1315 280 51 TECHNICAL
728 1336 138 30 DATA.
908 1351 58 3 —
1003 1327 93 40 The
1137 1331 248 50 apparatus
1425 1325 291 41 constructed
1757 1325 68 40 for
1864 1324 92 42 this

327 1396 95 36 case
449 1396 90 56 (fig,
565 1402 42 54 3)
634 1417 91 27 was
749 1417 27 26 a
798 1402 138 55 splint
961 1402 45 41 in
1030 1408 90 36 two
1143 1407 207 50 separate
1374 1407 139 50 parts,
1540 1416 82 27 one
1647 1402 46 41 of
1716 1401 145 41 which
1881 1402 70 53 (A)

327 1469 86 37 Was
435 1477 221 48 provided
679 1479 112 41 with
813 1493 58 27 an
895 1479 258 55 adjustable
1178 1480 83 40 bar
1287 1480 70 53 (E)
1384 1479 46 41 in
1454 1480 135 40 front.

409 1544 93 49 The
534 1555 140 42 metal
707 1555 110 42 used
850 1554 69 43 for
950 1555 176 54 casting
1158 1556 78 41 the
1269 1555 123 55 plate
1425 1569 91 28 was
1549 1554 134 43 silver
1715 1553 239 43 combined

328 1615 106 48 with
457 1640 26 28 a
506 1644 111 43 very
640 1632 131 42 small
794 1632 217 55 quantity
1035 1633 44 40 of
1104 1646 178 41 copper.

411 1699 92 48 The
545 1709 237 42 reduction
823 1723 91 28 was
956 1709 217 42 obtained
1212 1709 238 55 gradually
1492 1710 61 54 by
1593 1723 156 28 means
1790 1709 45 41 of
1876 1708 78 42 the

330 1777 153 45 Screws
511 1786 32 40 C
571 1787 92 40 and
692 1787 54 40 D.

412 1853 94 48 The
531 1866 90 38 two
647 1868 126 49 parts
799 1863 45 40 of
868 1863 92 41 this
985 1863 113 41 solid
1124 1864 138 41 metal
1287 1863 139 55 splint
1452 1877 113 28 were
1600 1864 120 41 fixed
1753 1864 96 40 into
1876 1863 79 41 the

331 1931 156 45 mouth
526 1940 91 40 and
656 1939 162 42 sealed.
918 1940 121 48 This,
1081 1940 44 40 of
1165 1954 169 35 course,
1376 1939 78 42 did
1492 1945 81 36 not
1613 1940 139 55 apply
1791 1945 48 36 to
1879 1940 77 40 the

331 1995 78 50 bar
442 2011 51 43 E.

415 2138 344 49 CONCLUSIONS.
785 2171 56 3 —
861 2146 233 54 Although
1117 2161 54 26 an
1196 2146 234 55 operative
1453 2147 235 41 reduction
1710 2147 177 41 seemed
1910 2151 48 37 at

331 2203 91 50 lirst
461 2217 260 55 inevitable,
761 2223 79 41 the
878 2223 151 41 writer
1066 2223 228 54 preferred
1332 2228 48 36 to
1420 2224 123 41 work
1583 2238 57 27 on
1678 2223 279 42 mechanical

331 2277 121 64 lines,
488 2299 91 41 and
613 2299 216 42 obtained
862 2299 221 42 excellent
1117 2300 162 41 results
1312 2300 205 54 thereby.

414 2367 93 46 The
548 2375 240 55 principles
823 2375 45 41 of
911 2376 77 40 the
1029 2379 250 50 apparatus
1322 2375 233 42 described
1589 2377 144 40 above
1769 2390 73 27 are
1878 2380 80 37 not

333 2445 107 49 new,
470 2449 84 44 but
583 2452 36 42 it
648 2457 122 37 must
799 2453 55 41 be
882 2451 190 57 pointed
1100 2457 78 36 out
1208 2453 103 40 that
1339 2453 63 54 by
1430 2452 59 42 its
1518 2467 77 27 use
1624 2458 80 36 not
1734 2453 106 54 only
1868 2467 92 27 was

333 2520 167 47 Perfect
535 2529 236 42 reduction
807 2528 217 43 obtained
1058 2529 46 41 in
1137 2534 78 39 ten
1250 2529 126 55 days,
1412 2528 194 43 without
1641 2529 214 54 suffering
1890 2530 70 43 for

332 2589 74 46 the
432 2605 192 51 patient,
654 2607 83 41 but
765 2621 26 27 a
817 2606 192 55 surgical
1036 2605 235 56 operation
1298 2620 90 27 was
1415 2605 207 42 avoided.
1711 2607 246 48 Moreover,

331 2666 75 47 the
430 2683 309 42 construction
763 2684 45 41 of
831 2683 77 42 the
932 2688 249 50 apparatus
1203 2683 36 41 is
1263 2697 110 40 very
1396 2682 178 54 simple;
1600 2682 76 41 the
1700 2682 259 53 adjustable

332 2738 121 56 band
481 2758 153 43 allows
663 2774 91 40 any
781 2759 312 43 modification
1122 2765 48 35 to
1200 2760 54 40 be
1284 2759 191 41 effected
1504 2758 194 42 without
1727 2758 230 54 loosening

335 2830 47 31 0r
405 2835 232 55 removing
663 2837 78 41 the
767 2836 152 55 splint,
948 2836 92 41 and
1064 2837 35 40 it
1127 2836 92 41 also
1246 2835 188 55 permits
1460 2835 78 41 the
1564 2836 174 41 control
1765 2836 45 41 of
1836 2837 124 54 bony

335 2906 141 49 repair
496 2916 47 37 at
567 2913 78 42 the
672 2913 94 42 side
794 2913 45 41 of
867 2913 210 42 fracture.
1165 2913 61 40 As
1255 2926 26 26 a
1309 2916 168 37 matter
1504 2912 45 41 of
1577 2912 107 49 fact,
1715 2914 77 41 the
1821 2928 140 41 appa-

334 2982 122 43 ratus
484 2988 130 56 plays
643 2991 77 41 the
750 2990 163 42 double
943 2990 90 42 role
1063 2989 45 43 of
1138 2988 234 43 reduction
1402 2989 90 42 and
1523 2990 203 42 fixation.
