2366 3891
459 464 73 49 136
848 475 57 28 LA
934 477 334 31 RESTAURATION
1298 479 404 29 MAXILLO-FACIALE

452 558 188 52 position
669 560 43 38 of
733 559 74 41 the
836 561 230 51 fragments
1087 564 57 51 (1).
1231 565 89 38 The
1346 564 103 50 only
1475 563 186 52 possible
1691 562 269 53 equilibrium
1979 562 35 38 is
2043 571 43 27 so

455 623 243 52 paradoxal,
731 636 44 27 so
804 624 111 41 little
941 627 44 39 in
1011 629 226 46 occlusion,
1268 630 97 38 that
1393 641 62 26 we
1482 630 87 38 had
1596 632 45 34 to
1656 632 6 3 -
1671 627 95 51 give
1793 627 34 40 it
1854 640 72 38 up.

537 688 89 39 The
654 693 160 36 matter
841 704 85 28 was
956 695 195 39 however
1180 698 44 35 to
1257 694 88 38 find
1373 706 146 27 means
1550 694 43 38 of
1621 692 176 52 making
1826 707 26 25 a
1880 688 210 55 prothesis

457 752 231 53 answering
722 758 46 34 to
803 756 73 38 the
910 761 82 35 two
1029 758 214 51 following
1276 757 209 39 conditions
1485 757 58 39 :
1581 762 46 33 1°
1659 757 35 39 it
1728 762 116 35 must
1881 761 84 34 rest
2000 752 91 43 well

456 817 168 53 applied
655 831 57 30 on
748 820 73 40 the
856 823 120 40 small
1010 824 240 39 untoothed
1285 824 222 49 fragment,
1546 824 216 38 whatever
1795 823 74 38 the
1901 820 187 54 position

453 884 45 37 of
526 884 73 38 the
624 882 102 50 jaw;
753 891 47 35 2°
826 887 33 38 it
885 893 118 35 must
1030 892 76 35 not
1133 888 165 40 irritate
1324 888 75 38 the
1425 888 116 38 teeth
1568 888 45 38 of
1639 889 74 37 the
1738 888 112 50 large
1877 883 209 53 fragment

453 948 61 51 by
552 948 110 41 little
701 951 239 53 oscillating
978 957 268 38 movements
1284 952 245 51 constantly
1569 952 209 52 repeated.

539 1015 207 49 Jourdain
778 1023 190 46 suggests
998 1031 52 27 us
1080 1020 75 38 the
1184 1017 147 41 classic
1366 1016 231 54 apparatus
1627 1017 106 39 with
1764 1017 75 38 the
1867 1012 225 44 unilateral

455 1091 197 29 common
680 1081 152 52 spring,
863 1088 45 33 to
936 1084 75 38 the
1037 1083 88 47 left,
1155 1085 78 39 but
1262 1084 112 38 after
1399 1083 143 52 trying
1568 1083 73 38 the
1666 1083 127 38 lower
1818 1080 204 40 insertion
2046 1078 46 39 of

457 1144 85 39 this
573 1146 142 51 spring
743 1148 61 50 by
830 1160 147 27 means
1006 1149 44 37 of
1081 1162 25 25 a
1136 1148 122 40 small
1286 1160 106 38 very
1418 1146 220 52 ingenious
1667 1146 147 40 device
1842 1145 137 40 which
2008 1141 85 43 will

457 1210 188 42 describe
669 1213 226 50 presently.
978 1213 101 40 This
1105 1212 146 41 device
1279 1212 167 48 enables
1472 1216 46 42 to
1545 1212 186 51 displace
1756 1211 44 39 in
1827 1212 73 38 the
1924 1209 164 43 mouth,

456 1274 43 39 in
527 1288 54 27 an
608 1274 374 55 antero-posterior
1006 1277 137 52 plane,
1173 1276 86 42 this
1285 1276 128 40 lower
1437 1276 203 39 insertion
1666 1276 45 39 of
1738 1276 74 38 the
1838 1275 143 51 spring
2007 1272 83 41 and

455 1341 305 51 consequently
790 1346 46 35 to
870 1342 107 40 alter
1006 1342 57 40 its
1093 1354 193 41 pressure
1316 1341 113 39 until
1459 1341 73 40 the
1563 1344 84 36 two
1681 1342 135 38 above
1846 1336 244 43 mentioned

458 1405 239 43 conditions
731 1420 69 27 are
834 1408 183 38 secured.

540 1472 89 38 Our
645 1472 121 51 point
786 1472 45 38 of
849 1471 258 53 application
1127 1471 105 40 with
1248 1472 79 38 B.
1350 1483 86 28 was
1456 1471 88 38 find
1569 1470 43 39 in
1638 1470 119 39 three
1782 1469 188 51 sittings;
1997 1469 35 38 it
2058 1466 35 38 is

459 1535 169 41 situated
628 1535 57 41 a
704 1536 111 39 little
834 1536 43 39 in
899 1537 113 38 front
1032 1537 45 37 of
1097 1535 77 40 the
1174 1535 174 40 location
1348 1535 79 40 of
1445 1535 50 45 Z4;
1517 1535 34 38 it
1571 1534 53 40 is
1624 1534 125 40 nearer
1749 1534 73 40 to
1838 1532 92 41 the
1930 1532 162 41 median

458 1599 83 39 line
566 1600 44 39 of
636 1600 73 39 the
732 1600 215 49 maxillars
974 1601 106 38 than
1104 1600 34 38 it
1165 1600 35 37 is
1226 1599 73 38 the
1325 1610 95 28 case
1445 1599 67 37 for
1536 1598 74 39 the
1634 1611 137 39 upper
1793 1598 139 53 point,
1955 1596 135 41 which

457 1664 35 38 is
524 1665 188 39 situated
742 1664 44 38 in
816 1664 57 38 its
902 1663 146 40 classic
1078 1663 187 51 position
1294 1664 192 38 between
1518 1663 50 38 L4
1601 1664 85 38 and
1717 1664 65 38 L5.
1870 1663 223 38 Therefore

460 1729 74 39 the
551 1728 169 58 springs
742 1730 123 38 bears
888 1728 44 38 in
955 1731 118 47 great
1096 1731 98 49 part
1216 1740 57 26 on
1296 1728 73 38 the
1393 1731 144 46 gutter
1558 1728 44 38 of
1626 1729 74 38 the
1722 1728 123 40 small
1867 1729 223 49 fragment.

461 1794 55 39 Of
534 1805 159 35 course,
716 1794 110 38 from
846 1805 80 27 one
945 1796 86 36 test
1052 1797 44 34 to
1119 1793 73 38 the
1211 1792 124 39 other
1351 1792 79 39 B.
1453 1791 152 41 carries
1624 1791 66 41 his
1709 1793 221 50 prothesis,
1954 1805 44 26 so
2021 1792 73 38 the

462 1858 244 52 experience
740 1859 201 50 proceeds
977 1857 182 41 without
1198 1870 85 38 any
1319 1857 297 53 interruption.

545 1923 135 39 When
700 1923 34 38 it
756 1936 84 26 was
861 1922 263 40 ascertained
1143 1922 85 40 and
1248 1921 173 41 verified
1440 1923 96 39 that
1558 1924 118 38 there
1695 1936 85 27 was
1800 1936 53 26 no
1877 1920 215 42 abnormal

463 1990 255 42 movement,
750 1987 39 38 le
818 1987 249 39 detachable
1097 1987 311 52 spring-holder
1436 1988 44 37 of
1508 1987 209 50 Jourdain
1746 2000 86 27 was
1859 1985 227 42 imbedded

461 2051 42 39 in
530 2051 75 39 the
627 2063 115 28 mass
767 2052 45 37 of
835 2051 74 39 the
932 2049 229 49 vulcanite.

537 2116 80 38 B.
648 2117 76 38 has
752 2116 106 39 been
886 2115 194 52 carrying
1096 2115 76 41 his
1200 2115 210 54 prothesis
1438 2117 67 38 for
1529 2120 117 37 more
1675 2118 105 38 than
1808 2116 64 39 six
1899 2115 192 44 months;

460 2181 54 39 he
529 2180 139 44 writes
682 2192 51 28 us
749 2180 95 40 that
860 2180 66 39 his
939 2181 275 52 masticating
1231 2182 192 51 strength
1438 2181 36 38 is
1486 2181 174 51 making
1674 2185 197 36 constant
1888 2190 204 42 progress,

462 2247 98 43 that
586 2247 54 38 he
666 2246 102 40 feels
792 2259 55 26 no
874 2246 335 48 inconvenience,
1238 2259 78 28 nor
1342 2246 172 51 fatigue,
1543 2257 80 29 nor
1648 2260 88 38 any
1757 2246 102 52 pain
1887 2248 85 38 and
1998 2243 95 41 that

461 2312 54 39 he
541 2312 76 40 has
647 2313 190 39 resumed
867 2325 54 26 an
950 2311 140 41 active
1117 2312 167 40 service.

550 2457 118 41 How
692 2455 36 43 is
749 2457 134 41 made
906 2470 61 40 up
990 2455 90 43 this
1102 2456 203 43 research
1327 2455 153 44 device
1507 2455 217 44 invented
1750 2455 63 55 by
1840 2451 247 58 Jourdain?

551 2533 40 40 A
615 2532 129 47 small
769 2531 195 56 carriage
993 2532 54 55 (3,
1078 2532 70 54 fig.
1178 2533 39 54 1)
1244 2545 141 29 worm
1411 2531 168 42 driven.

551 2606 107 45 This
687 2609 209 55 carriage,
926 2613 49 39 to
1002 2609 148 42 which
1176 2609 79 41 the
1283 2607 329 57 spring-holder
1643 2608 56 55 (6)
1733 2607 111 43 with
1870 2607 60 43 its
1959 2620 135 28 coun-

466 2684 234 55 terweight
728 2672 56 69 (5)
811 2686 168 43 travels
1000 2686 47 42 in
1070 2699 59 28 an
1152 2673 399 64 antero-posterior
1573 2684 107 55 plan
1704 2699 59 28 on
1786 2698 58 28 an
1868 2673 228 55 extended

465 2765 146 38 carter
635 2762 54 54 (2)
724 2763 278 52 constituted
1030 2763 64 54 by
1123 2776 27 27 a
1178 2774 162 42 square
1369 2761 109 42 tube
1509 2761 149 43 closed
1687 2765 47 38 at
1764 2761 60 42 its
1846 2762 138 49 -ends;
2015 2760 78 41 the

466 2849 142 40 upper
630 2841 102 50 part
758 2840 45 40 of
826 2840 91 42 this
939 2840 109 42 tube
1073 2843 202 50 presents
1299 2852 27 27 a
1347 2836 301 54 longitudinal
1670 2852 165 40 groove
1858 2842 49 38 to
1935 2832 158 47 enable

465 2907 78 50 the
574 2912 194 55 carriage
797 2920 50 36 to
878 2916 109 42 slide
1017 2916 143 41 under
1189 2916 78 40 the
1298 2912 150 43 action
1480 2913 46 41 of
1554 2912 79 43 the
1662 2928 152 28 worm.
1847 2914 97 41 The
1974 2911 119 43 head

467 2988 45 42 of
537 2987 78 41 the
663 3002 138 29 worm
833 2991 95 55 (4),
928 2991 135 55 which
1088 2991 195 43 controls
1308 2990 77 55 the
1411 2989 146 43 travel
1582 2990 47 41 of
1652 2990 79 42 the
1758 2989 194 55 carriage
1977 2989 38 42 is
2043 2992 48 38 at

459 3065 83 42 the
566 3063 121 42 front
711 3066 106 49 end;
841 3067 89 43 this
952 3069 144 42 travel
1118 3068 35 41 is
1177 3066 217 44 obtained
1413 3067 63 54 by
1497 3080 155 28 means
1676 3067 45 42 of
1744 3081 26 27 a
1792 3066 129 43 small
1944 3066 148 57 point.

525 3203 39 44 (')
578 3198 235 34 Restauriition
829 3202 296 41 maxillo-faciale,
1144 3214 54 20 no.
1218 3204 29 38 8,
1264 3202 88 31 Nov.
1373 3211 90 31 1917,
1479 3213 34 29 P,
1531 3211 72 32 377,
1620 3202 57 40 fig.
1698 3212 16 30 7
1732 3202 66 30 and
1814 3201 28 31 8.
