2351 3900
436 464 73 38 124
823 465 54 27 LA
907 466 335 29 RESTAURATION
1273 467 402 28 MAXILLO-FACIALE

434 563 112 26 even
579 549 43 40 of
654 563 25 26 a
710 551 336 50 cauterisation,
1079 555 240 51 according
1350 559 47 35 to
1430 553 77 41 the
1539 552 158 53 degree
1728 553 92 40 and
1851 551 213 43 duration

435 625 43 40 of
511 625 106 41 heat
651 627 193 54 applied.
943 631 63 40 Its
1039 632 151 40 action
1223 644 121 40 may,
1380 630 238 47 therefore,
1653 630 55 40 be
1742 629 244 54 compared
2018 632 47 36 to

437 701 101 41 that
559 702 43 40 of
622 702 76 42 the
718 705 244 43 revulsives
979 721 48 27 or
1044 708 150 42 actual
1216 707 219 42 cauteries
1454 706 191 54 (Paiutes
1662 706 49 40 de
1727 706 90 55 feu)
1839 704 229 53 currently

436 778 239 54 employed
714 780 61 55 by
812 797 213 38 surgeons
1064 785 44 40 in
1149 785 75 40 the
1264 788 248 37 treatment
1553 783 45 41 of
1636 783 199 53 salivary
1872 782 191 41 fistulae.

434 855 94 42 The
562 856 78 43 hot
674 858 66 41 air
772 860 48 49 is,
856 861 44 41 in
934 862 221 49 addition,
1191 876 57 27 an
1282 861 237 53 analgesic,
1554 860 175 42 besides
1762 860 247 52 exercising
2041 873 25 26 a

435 933 161 53 drying
624 936 150 41 action
804 952 56 27 on
890 939 76 41 the
996 940 174 41 tissues.
1265 939 39 40 It
1333 938 36 40 is
1398 937 194 55 possible
1619 938 103 40 that
1751 937 35 41 it
1822 937 141 41 calms
1988 936 77 40 the

437 1009 287 45 innervation
760 1016 44 40 of
838 1016 78 42 the
951 1017 200 54 salivary
1185 1017 173 52 glands,
1395 1016 103 48 and,
1535 1015 62 54 by
1630 1015 59 41 its
1724 1014 162 54 drying
1919 1013 147 46 effect,

438 1087 260 45 diminishes
732 1093 116 41 their
881 1108 149 40 power
1063 1094 44 41 of
1141 1093 242 48 secretion;
1417 1092 111 42 such
1560 1106 58 26 an
1651 1091 152 41 action
1835 1090 145 53 might
2013 1089 55 40 be

436 1169 242 50 compared
714 1174 47 35 to
796 1171 76 40 the
908 1171 218 40 resection
1163 1171 44 40 of
1242 1171 76 40 the
1353 1167 447 54 auriculo-temporal
1835 1181 135 27 nerve
2005 1180 64 26 re-

436 1243 153 54 cently
626 1245 234 43 described
896 1247 62 54 by
997 1248 75 40 Dr.
1115 1247 206 41 Dieulafe
1359 1246 45 40 of
1441 1245 237 42 Toulouse.

523 1320 93 41 The
641 1321 131 42 effect
799 1323 44 40 of
869 1323 76 41 the
971 1337 203 39 massage
1200 1323 35 40 is
1261 1323 86 41 due
1374 1327 45 36 to
1445 1322 59 40 its
1529 1320 278 42 mechanical
1832 1319 152 41 action
2010 1331 56 28 on

437 1395 77 42 the
543 1396 265 44 circulation
836 1399 44 41 in
910 1400 77 41 the
1016 1399 152 53 region
1196 1399 191 41 treated.
1476 1398 108 40 This
1610 1396 279 43 mechanical
1917 1395 151 41 action

438 1471 246 45 influences
720 1476 58 40 all
813 1477 127 41 three
976 1476 288 42 circulations
1299 1502 58 3 —
1391 1473 195 49 arterial,
1623 1487 173 28 venous
1831 1473 92 41 and
1956 1472 114 54 lym-

439 1550 153 52 phatic
628 1578 57 3 —
755 1552 389 53 simultaneously.
1244 1553 51 38 In
1333 1552 77 40 the
1447 1564 100 27 case
1583 1565 63 27 we
1684 1551 116 40 have
1837 1550 120 41 cited
1992 1549 77 40 the

437 1640 204 39 massage
674 1629 133 40 acted
839 1628 296 53 particularly
1168 1641 56 27 on
1257 1627 77 41 the
1365 1626 139 41 latter
1533 1652 58 3 —
1620 1627 78 41 the
1730 1625 252 56 lymphatic
2013 1650 58 4 —

438 1707 184 48 system,
656 1703 62 54 by
748 1703 301 53 encouraging
1080 1702 320 55 phagocytosis
1430 1703 92 41 and
1552 1702 200 54 drawing
1783 1703 77 41 the
1890 1701 180 42 morbid

437 1777 218 42 elements
684 1780 195 40 forward
908 1780 116 39 from
1054 1779 77 41 the
1162 1779 113 53 deep
1305 1778 162 41 tissues
1498 1782 48 37 to
1576 1779 77 41 the
1683 1779 189 41 surface.
1964 1776 107 41 This

440 1853 205 54 explains
671 1855 77 41 the
773 1855 178 54 facility
975 1855 112 41 with
1111 1855 148 41 which
1285 1854 77 42 the
1389 1869 84 40 pus
1499 1856 91 40 and
1616 1855 269 54 degenerate
1910 1855 164 41 tissues

441 1945 112 27 were
581 1930 265 43 eliminated
872 1932 144 41 under
1042 1932 78 41 the
1148 1932 152 41 action
1329 1932 45 41 of
1402 1932 77 42 the
1506 1946 204 39 massage
1739 1932 91 41 and
1857 1932 77 41 the
1963 1931 110 41 acti-

439 2008 102 53 vity
568 2008 44 40 of
640 2008 76 41 the
743 2007 141 55 living
912 2008 105 42 cells
1045 2008 280 43 stimulated.

525 2086 38 39 A
590 2085 309 41 combination
927 2086 44 40 of
996 2086 76 41 the
1099 2086 289 54 hyperaemic
1413 2087 152 41 action
1592 2087 44 40 of
1662 2086 80 40 hot
1768 2085 66 41 air
1857 2085 112 40 with
1994 2084 76 41 the

435 2160 279 42 mechanical
755 2162 152 40 action
949 2163 45 39 of
1034 2176 219 39 massage,
1297 2163 238 47 therefore,
1577 2161 262 54 ultimately
1878 2165 193 37 restores

439 2238 78 42 the
541 2238 181 42 natural
747 2239 224 41 nutrition
996 2240 43 40 of
1064 2240 78 41 the
1166 2241 134 52 edges
1325 2240 43 41 of
1393 2240 79 40 the
1495 2238 154 42 fistula
1673 2239 91 40 and
1787 2238 107 42 thus
1918 2237 156 41 assists

439 2316 118 42 their
587 2316 153 48 union,
773 2316 111 41 with
914 2316 78 42 the
1025 2316 138 42 result
1195 2317 102 41 that
1331 2316 77 41 the
1440 2315 153 42 fistula
1624 2314 140 42 closes
1795 2315 93 40 and
1918 2313 156 55 finally

439 2394 260 54 disappears
730 2394 267 53 altogether.

525 2472 134 41 From
696 2472 78 41 the
811 2471 146 42 above
994 2472 201 41 remarks
1232 2486 64 27 we
1334 2485 108 40 may
1479 2469 217 43 conclude
1732 2470 104 41 that
1873 2468 199 54 salivary

437 2546 178 43 fistulae
641 2547 164 42 should
830 2548 54 41 be
910 2549 181 41 treated
1116 2548 62 53 by
1203 2561 205 38 massage
1434 2547 91 39 and
1550 2546 81 40 hot
1657 2546 67 40 air
1748 2546 152 41 before
1926 2559 27 26 a
1978 2557 94 29 sur-

439 2623 114 52 gical
576 2625 236 53 operation
834 2625 55 41 be
913 2625 202 41 resorted
1137 2629 61 36 to.
1288 2624 37 40 If
1349 2624 126 40 these
1499 2636 228 27 measures
1751 2623 56 40 do
1831 2626 80 37 not
1935 2635 139 40 prove

439 2699 193 56 entirely
656 2701 244 43 successful
927 2702 77 41 the
1031 2700 361 55 physiotherapy
1418 2698 88 41 will
1532 2703 48 36 at
1606 2698 114 42 least
1746 2699 117 41 have
1890 2712 27 27 a
1942 2698 133 41 bene-

440 2775 115 42 ficial
594 2777 131 42 effect
764 2794 123 39 upon
926 2779 77 41 the
1042 2778 162 41 tissues
1242 2778 92 40 and
1372 2775 329 55 consequently
1737 2775 221 42 facilitate
1997 2775 78 40 the

437 2853 123 39 work
594 2844 154 51 of'the
781 2869 190 40 surgeon
1005 2855 33 40 if
1070 2868 58 27 an
1162 2854 236 54 operation
1432 2853 207 41 becomes
1672 2865 250 41 necessary.
2019 2851 52 39 In

437 2941 140 40 many
607 2942 137 36 cases,
775 2933 224 47 however,
1032 2945 49 27 as
1111 2931 46 40 in
1188 2931 103 41 that
1324 2929 234 42 described
1588 2929 160 47 above,
1782 2929 77 41 the
1890 2927 182 55 physio-

440 3004 195 54 therapy
669 3006 89 39 will
792 3008 55 42 be
881 3009 145 41 found
1059 3013 48 36 to
1144 3007 167 42 suffice.
