2369 3897
453 471 78 40 I04
844 464 55 35 LA
927 469 338 31 RESTAURATION
1293 469 403 30 MAXILLO-FACIALE

1259 664 23 25 *

1212 692 23 26 *
1304 691 22 25 *

539 855 103 43 Tels
680 861 117 46 sont,
840 858 249 50 Messieurs,
1125 857 229 56 esquissés
1392 857 27 41 à
1458 857 166 54 grands
1662 857 147 49 traits,
1851 856 236 55 quelques-

454 947 85 28 uns
569 933 95 56 des
664 933 264 56 problèmes
959 935 55 42 de
1045 935 221 54 chirurgie
1297 933 266 56 céphalique
1594 935 54 41 de
1678 948 157 41 guerre
1865 930 111 57 dont
1976 930 112 57 j'ai

455 1012 73 41 été
555 1011 203 44 heureux
787 1012 54 42 de
870 1025 115 29 vous
1014 1012 261 43 entretenir.

545 1089 45 41 Si
607 1089 166 54 grands
797 1093 80 38 ont
900 1091 71 40 été
997 1089 64 42 les
1089 1094 249 50 avantages
1367 1103 86 41 que
1481 1093 121 39 cette
1630 1089 220 54 chirurgie
1879 1102 26 28 a
1932 1087 159 43 retirés

457 1166 54 42 de
539 1179 49 28 sa
615 1166 326 42 collaboration
969 1175 109 33 avec
1104 1167 46 41 la
1175 1167 221 54 prothèse
1416 1180 86 40 que
1529 1180 115 28 nous
1670 1163 232 44 voudrons
1928 1164 160 43 certai-

455 1247 199 44 nement,
682 1242 45 41 la
754 1242 108 55 paix
889 1257 160 36 venue,
1079 1243 239 42 continuer
1345 1243 313 55 l'application
1686 1244 77 41 des
1790 1243 170 42 mêmes
1987 1254 100 44 pro-

455 1320 130 41 cédés
609 1334 91 27 aux
724 1319 236 42 affections
982 1320 514 55 médico-chirurgicales
1520 1319 79 56 qui
1621 1320 327 42 constituaient
1971 1318 117 56 jadis

458 1401 45 38 et
542 1397 79 55 qui
656 1397 351 47 redeviendront
1043 1402 132 37 notre
1214 1397 240 50 domaine.

545 1474 55 54 Je
633 1474 228 48 voudrais,
889 1474 118 41 dans
1035 1488 77 28 ma
1137 1473 235 43 deuxième
1407 1473 210 49 causerie,
1644 1487 116 28 vous
1790 1474 98 41 dire
1923 1472 168 56 quelles

458 1564 250 28 ressources
739 1551 45 41 la
815 1551 212 54 prothèse
1058 1564 117 28 nous
1206 1552 177 39 réserve
1416 1550 113 41 dans
1562 1563 48 28 ce
1643 1560 101 31 sens
1777 1554 45 38 et
1856 1550 55 42 de
1944 1548 146 56 quelle

457 1627 149 41 utilité
648 1640 114 28 nous
803 1640 97 28 sera
940 1640 69 31 en
1038 1629 129 38 outre
1214 1625 41 42 le
1299 1624 274 43 laboratoire
1618 1626 54 42 de
1716 1626 212 55 prothèse
1974 1634 116 48 pour

454 1702 305 52 l'instruction
805 1703 77 41 des
929 1702 145 42 élèves
1125 1706 45 38 et
1217 1715 115 42 pour
1380 1701 349 45 l'amélioration
1781 1704 54 41 de
1881 1701 208 44 l'arsenal

460 1779 278 54 chirurgical.
