2527 3796
504 367 223 41 PROTHÈSE
757 380 239 37 PLASTIQUE
1026 380 116 28 DANS
1170 379 79 28 LES
1278 378 301 30 MUTILATIONS
1610 382 58 26 DE
1698 382 54 27 LA
1783 381 110 28 EACE
2021 378 23 39 5

508 467 125 41 Nous
666 480 142 28 avons
840 465 199 42 diminué
1071 466 90 40 très
1192 463 314 44 notablement
1538 471 71 37 cet
1641 465 320 43 inconvénient
1994 480 54 27 en

422 542 264 57 employant
720 544 54 41 de
805 541 44 42 la
879 541 133 55 laque
1044 542 55 41 de
1129 553 192 41 garance
1354 539 200 45 dissoute
1587 543 27 41 à
1645 543 255 43 saturation
1934 544 114 41 dans

422 617 211 44 l'essence
662 617 213 44 minérale
905 622 45 38 et
979 616 132 43 l'ocre
1141 615 137 54 jaune
1307 629 55 28 en
1392 617 266 55 suspension
1690 620 113 42 dans
1832 619 40 43 le
1901 619 147 42 même

420 692 198 56 produit.

506 768 38 54 c)
570 769 231 55 Modelage
822 770 49 41 de
892 771 44 40 la
958 769 129 55 pièce.
1107 769 36 41 Il
1165 772 68 38 est
1256 766 84 43 fait
1367 781 110 29 avec
1500 771 53 41 de
1576 770 44 42 la
1641 770 87 43 cire
1747 786 76 27 sur
1840 786 63 28 un
1923 785 127 28 mou-

422 844 98 54 lage
543 844 197 55 complet
765 847 54 40 de
842 844 44 42 la
909 845 111 41 face.
1046 845 143 54 Après
1213 842 150 50 essais,
1389 842 43 43 la
1455 843 124 55 pièce
1603 861 55 27 en
1683 846 88 42 cire
1795 847 97 43 doit
1915 851 134 39 natu-

422 919 232 43 rellement
688 920 229 55 s'adapter
948 919 322 56 parfaitement
1304 919 27 41 à
1360 918 44 42 la
1435 933 118 41 peau
1584 922 331 44 environnante
1946 937 104 29 sans

422 995 43 42 la
488 996 237 55 déprimer,
751 995 86 42 soit
863 994 161 55 qu'elle
1047 994 275 43 reconstitue
1347 1010 61 27 un
1431 1009 97 36 nez,
1554 1011 87 29 une
1666 998 149 43 oreille
1839 1012 59 28 ou
1922 1003 129 38 toute

423 1076 128 37 autre
576 1070 145 56 partie
747 1072 53 41 de
824 1071 44 41 la
892 1071 113 41 face.

511 1147 45 52 d)
594 1146 251 60 Confection
882 1147 58 40 du
979 1147 152 41 moule.
1167 1147 143 55 Après
1348 1161 237 43 essayages
1623 1151 264 41 renouvelés
1925 1153 54 41 de
2010 1152 44 41 la

425 1223 136 56 pièce,
583 1237 57 28 on
660 1222 43 43 la
722 1223 148 43 moule
890 1238 55 27 en
966 1225 119 41 deux
1103 1223 169 56 parties
1291 1223 185 43 suivant
1494 1224 63 42 les
1575 1227 215 53 procédés
1810 1227 241 43 habituels.

514 1300 36 44 Il
577 1304 67 39 est
672 1305 291 50 avantageux
990 1301 54 42 de
1072 1299 149 43 couler
1246 1300 44 42 la
1315 1303 107 53 pâte
1450 1301 112 42 dans
1589 1316 61 27 un
1677 1304 169 40 moufle
1873 1317 56 27 en
1955 1303 98 43 bois

427 1392 58 28 ou
508 1378 152 43 mieux
683 1392 55 28 en
761 1377 154 50 métal,
941 1377 77 56 qui
1041 1383 116 37 reste
1181 1392 82 41 par
1285 1377 43 43 la
1350 1377 116 43 suite
1495 1377 43 43 la
1560 1377 228 56 propriété
1811 1380 61 41 du
1896 1379 156 42 blessé.

516 1458 55 42 Ce
611 1456 167 42 moufle
816 1456 207 55 présente
1062 1456 113 42 dans
1213 1469 81 28 son
1333 1454 233 43 couvercle
1604 1469 87 28 une
1730 1454 232 43 cheminée
2001 1457 55 41 de

427 1547 27 42 4
480 1535 27 41 à
533 1544 24 42 5
587 1532 279 43 millimètres
893 1534 54 42 de
976 1532 219 44 diamètre
1222 1532 79 56 qui
1328 1532 83 43 fait
1440 1531 344 56 communiquer
1811 1545 110 30 avec
1947 1531 109 43 l'ex-

429 1610 166 43 térieur
620 1610 44 44 la
691 1611 107 42 base
827 1612 54 41 de
908 1610 43 43 la
978 1611 224 56 prothèse,
1231 1615 46 38 et
1304 1623 76 30 sur
1405 1609 63 44 les
1495 1613 161 52 quatre
1684 1612 124 40 côtés
1835 1610 77 42 des
1939 1623 117 28 mor-

429 1687 137 44 taises
597 1689 55 42 de
683 1688 143 43 forme
858 1688 235 43 différente
1125 1687 77 56 qui
1233 1691 279 53 permettent
1544 1701 58 29 au
1632 1687 144 43 blessé
1807 1688 54 42 de
1892 1690 165 40 mettre

428 1780 56 28 en
509 1766 150 42 bonne
683 1765 126 56 place
833 1765 44 43 la
900 1765 338 56 contre-partie,
1264 1779 104 29 sans
1392 1779 150 29 erreur
1565 1764 208 57 possible.

517 1842 39 54 e)
594 1843 190 55 Coulage
815 1843 51 42 de
897 1844 44 40 la
972 1843 130 56 pièce.
1139 1845 120 40 Pour
1292 1842 149 43 couler
1472 1842 45 43 la
1548 1842 138 56 pièce,
1721 1856 58 28 on
1812 1856 126 28 verse
1973 1855 86 29 une

431 1919 211 54 quantité
660 1919 277 42 convenable
956 1921 54 41 de
1028 1923 107 52 pâte
1154 1919 167 43 fondue
1341 1920 112 41 dans
1471 1919 39 42 le
1528 1919 149 42 moule
1696 1918 363 56 soigneusement

431 1995 133 42 huilé.
599 1997 64 41 La
692 1996 337 55 contre-partie,
1061 1996 145 43 huilée
1237 1995 266 55 également,
1535 2000 68 37 est
1634 1994 239 57 appliquée
1905 1996 155 42 dessus

432 2076 45 37 et
503 2085 45 28 se
575 2070 139 55 dirige
739 2086 56 27 en
820 2073 151 42 bonne
995 2072 141 56 place,
1163 2071 213 43 conduite
1401 2086 84 40 par
1508 2071 63 42 les
1596 2071 250 43 mortaises.
1875 2072 184 41 L'excès

434 2148 55 41 de
515 2146 44 43 la
585 2151 107 51 pâte
720 2149 139 41 reflue
886 2162 82 40 par
994 2149 44 41 la
1064 2149 230 43 cheminée
1321 2147 27 40 à
1373 2146 270 44 l'extérieur.
1673 2148 144 55 Après
1844 2146 215 56 quelques

434 2222 212 49 minutes,
671 2223 44 41 la
737 2222 138 56 pièce,
900 2224 221 50 refroidie,
1147 2230 67 37 est
1239 2222 253 50 démoulée;
1516 2222 40 42 le
1579 2222 205 56 pédicule
1809 2224 54 41 de
1887 2222 44 43 la
1954 2224 107 41 base

434 2304 68 37 est
524 2301 157 53 coupé,
704 2298 63 43 les
787 2300 136 41 bords
944 2306 105 37 sont
1072 2300 204 56 égalisés;
1299 2298 44 42 la
1363 2297 124 56 pièce
1509 2303 67 37 est
1598 2299 127 54 prête
1748 2300 25 41 à
1795 2301 93 40 être
1911 2301 148 53 posée.

524 2453 59 41 II.
618 2453 302 49 OBJECTIONS
952 2454 212 43 D'ORDRE
1195 2461 249 40 PRATIQUE.
1477 2475 58 5 —
1566 2451 84 41 Les
1680 2451 236 54 prothèses
1945 2450 117 56 plas-

436 2528 150 57 tiques
614 2530 27 43 à
669 2530 44 43 la
740 2529 195 56 gélatine
964 2535 103 38 sont
1097 2527 378 47 essentiellement
1504 2527 274 55 éphémères.
1812 2526 37 40 Il
1878 2542 55 27 ne
1962 2526 100 43 faut

438 2623 81 42 pas
538 2612 205 53 compter
760 2621 75 29 sur
852 2623 88 28 une
959 2610 134 41 durée
1112 2606 254 57 supérieure
1385 2603 26 41 à
1429 2601 111 43 trois
1557 2602 145 54 jours;
1723 2616 75 29 car
1815 2618 54 27 en
1889 2605 176 41 admet-

439 2691 103 39 tant
566 2688 147 41 même
738 2701 87 40 que
849 2685 44 43 la
917 2685 123 57 pièce
1065 2690 116 38 reste
1207 2694 157 31 encore
1390 2678 149 48 collée,
1565 2692 71 29 ses
1659 2679 137 43 bords
1821 2679 243 43 s'éraillent

439 2768 46 39 et
509 2778 45 29 se
578 2763 206 44 salissent
808 2768 46 38 et
878 2762 44 43 la
944 2766 107 53 pâte
1076 2760 248 43 elle-même
1348 2756 112 42 tend
1482 2754 53 42 à.
1535 2754 160 42 noircir
1718 2769 59 28 au
1800 2760 184 38 contact
2009 2756 54 41 de

440 2840 43 43 la
510 2840 198 44 lumière.
735 2842 70 41 En
829 2839 170 49 réalité,
1023 2838 81 43 elle
1129 2836 96 44 doit
1248 2835 94 42 être
1364 2831 202 56 replacée
1589 2837 104 37 tous
1716 2832 63 42 les
1802 2832 137 54 jours.

529 2917 117 43 C'est
677 2916 44 42 là
752 2932 61 26 un
844 2913 321 45 inconvénient
1197 2909 174 44 sérieux
1403 2907 79 55 qui
1512 2908 170 43 semble
1714 2909 156 43 devoir
1899 2914 166 38 mettre

441 2994 200 43 obstacle
667 2995 26 41 à
717 2992 198 56 l'emploi
940 2992 54 42 de
1019 2994 120 38 cette
1163 2986 231 58 prothèse;
1419 2984 115 43 mais
1558 2989 71 39 cet
1654 2985 320 44 inconvénient
1999 2990 68 38 est

441 3070 100 55 plus
572 3074 223 51 apparent
827 3083 87 40 que
946 3067 101 43 réel.
1080 3064 128 44 Voici
1237 3068 230 37 comment
1498 3076 115 29 nous
1644 3063 204 43 arrivons
1880 3062 129 43 sinon
2040 3064 26 41 à

441 3145 41 43 le
511 3144 268 56 supprimer,
810 3146 62 40 du
899 3143 147 42 moins
1075 3144 27 40 à
1128 3141 40 43 le
1198 3138 237 44 diminuer.

536 3226 47 36 1°
615 3222 124 44 Nous
776 3224 283 37 soumettons
1093 3218 40 41 le
1167 3216 142 43 blessé
1345 3216 25 40 à
1406 3231 86 26 une
1528 3214 234 46 véritable
1762 3214 305 46 rééducation.
