2317 3850
713 396 134 55 INDEX
847 396 44 55 1
891 396 405 55 BIBLIOC^APHIQ'UE
1783 397 50 51 63

242 469 80 75 La
347 486 255 40 constriction
647 497 69 35 des
757 499 220 35 mâchoires

200 512 31 88 d
231 512 160 88 'origine
409 540 291 52 myopathique
723 547 41 33 et
787 557 72 23 son
882 546 96 36 trai-

199 560 151 77 tement
366 584 72 33 par
453 580 39 44 1
492 580 236 44 ecartement
744 595 162 40 graduel
924 604 52 24 ou

199 604 269 82 l'écartement
487 630 176 49 brusque
682 648 92 25 sous
794 639 183 36 anesthe-

200 654 53 36 sie
272 660 177 47 1()cali-,6e
474 677 64 35 (H.
559 680 236 51 MORESTTN,
819 687 103 35 Bltll.
946 691 33 31 et

200 699 116 101 Mém.
343 715 42 33 de
410 720 37 33 la
472 713 82 48 Soc.
582 730 42 34 de
652 731 118 47 Chir.,
799 744 45 33 23
871 745 106 25 mars

205 755 121 45 1915).

200 844 267 80 Traitement
467 844 72 80 de
539 844 74 80 h
631 875 260 36 constriction
909 878 69 35 des

200 892 214 95 mâchoires
439 911 140 49 (PONT,
604 914 107 49 I.yon
732 923 244 45 chirurgical,

205 944 121 46 1915).

199 1086 39 26 se
242 1036 177 76 TUmelU-
440 1057 182 39 salivaire
643 1065 50 33 de
714 1065 38 35 la
772 1065 93 45 joue
887 1076 91 24 con-

199 1080 175 78 sécutive
374 1080 39 78 ;
413 1080 98 78 une
528 1107 175 39 blessure
722 1114 53 32 du
797 1114 115 34 canal
930 1115 50 33 de

200 1101 171 107 Sténon
397 1144 64 45 (H.
508 1152 240 58 MORESTIN,
795 1160 103 34 Bull,
948 1163 33 30 et

200 1172 115 103 Altm.
347 1189 42 34 de
419 1195 37 34 la
487 1188 82 47 Soc.
601 1204 43 33 de
676 1205 119 45 Chir.,
829 1217 21 34 7
880 1207 100 35 avril

205 1227 122 48 J915).

201 1350 48 34 clo
249 1306 275 78 Présentation
556 1333 98 35 d'un
687 1347 66 25 cas
786 1340 49 33 de
867 1340 113 43 perte

201 1350 66 82 de
267 1350 242 82 Substance
529 1378 172 40 etendue
736 1387 50 32 de
819 1385 41 34 la
896 1384 83 35 ma-

201 1398 148 70 choire
349 1398 106 70 aVec
455 1398 342 70 régénérescence
822 1443 160 24 osseuse

200 1398 82 83 CJ^Qi-
309 1422 20 22 e
351 1426 97 28 avec
472 1433 325 35 regenerescence
822 1443 160 24 osseuse

200 1453 46 27 en
272 1452 129 70 bOnne
428 1472 175 40 position
623 1477 123 42 .grace
773 1477 24 35 a
825 1479 39 34 la
891 1489 88 34 pro-

200 1469 122 103 thèse
322 1469 143 103 (Roy.
501 1519 103 35 Bull.
641 1528 33 29 et
707 1526 121 34 Mem.
866 1527 41 32 de
943 1527 37 32 la

201 1535 79 43 Soc.
307 1551 43 34 de
376 1557 119 50 Chir.,
524 1576 49 24 20
598 1571 101 33 avril
727 1573 126 44 1915).

249 1635 226 57 Diffonnité
524 1664 256 38 consecutive
828 1667 23 35 a
902 1680 79 24 une

200 1685 119 77 grave
331 1695 175 67 blessure
524 1711 49 34 de
590 1711 39 36 la
647 1713 96 36 face.
764 1716 216 45 Autoplas-

201 1725 86 91 tie
287 1725 86 91 par
373 1725 258 91 décollement
653 1763 41 32 et
717 1763 120 42 greffe
861 1764 119 43 grais-

201 1780 108 38 seuse
335 1789 64 65 (H.
418 1796 235 54 MORESTIN,
680 1807 102 36 Bull,
802 1813 33 30 et
858 1811 120 34 Mem.

201 1819 40 34 de
268 1828 36 35 la
330 1836 30 39 SC
360 1836 52 39 oc.
441 1847 42 36 de
513 1849 118 48 Chir.,
664 1864 45 33 15
735 1856 86 44 juin
853 1857 124 45 1915).

201 1965 293 80 Réparation
528 1993 70 34 des
632 1998 134 42 pertes
801 2008 179 27 osseuses

201 2016 221 80 craniennes
422 2016 121 80 dans
560 2040 56 35 les
629 2043 124 44 plaies
766 2047 49 33 de
828 2056 149 34 guerre.

200 2051 107 49 Troio
324 2080 66 29 Cas
406 2080 51 55 de
473 2087 187 40 prothese
678 2092 212 36 cranienne
906 2104 74 35 par

200 2103 161 81 plaques
376 2126 253 58 métalliques
650 2137 146 45 (Pierre
812 2137 166 47 DUVAL,

200 2114 99 116 Bull.
328 2170 33 30 It
387 2172 119 39 Mem.
537 2182 42 32 de
608 2184 48 34 la
656 2184 99 34 Soc.
787 2187 42 32 de
859 2186 118 45 Chir.,

201 2204 44 28 22
273 2186 86 62 jUin
389 2223 127 45 1915).

200 2292 294 81 Traitement
521 2320 70 35 des
620 2323 238 37 difformites
887 2336 92 24 con-

199 2335 193 84 sécutives
416 2370 80 26 aux
522 2366 195 40 fractures
743 2383 97 24 avec
866 2376 114 42 perte

199 2381 49 82 e
263 2396 219 70 substance
509 2415 48 34 de
583 2416 95 35 l'arc
705 2418 200 36 anterieur
930 2423 50 34 de

199 2425 509 107 lnfprieure
728 2477 74 34 par
830 2468 38 34 ]a
898 2479 80 24 sec-

200 2475 84 51 tion
284 2475 68 51 du
372 2460 89 98 cal,
463 2503 40 53 la
520 2475 208 72 reduction
746 2514 234 36 immediate

201 2520 38 36 et
253 2527 37 38 la
306 2546 232 59 Contention
554 2554 24 36 a
599 2558 119 37 l'aide
739 2562 97 34 d'un
855 2573 124 35 appa-

200 2572 107 146 reil
307 2572 43 146 i
350 2572 43 146 £
393 2572 237 146 ry]1SLEYES
630 2572 215 146 MORESTIN,
845 2572 132 146 Bull.

199 2619 62 57 et
261 2619 103 57 Mém.
364 2619 62 57 de
426 2619 63 57 la
512 2647 82 37 Soc.
618 2653 42 33 de
683 2655 118 45 Chii,~.,
826 2667 47 31 29
892 2657 87 45 jui.n

203 2640 285 78 1915)..
512 2647 82 37 Soc.
618 2653 42 33 de
683 2655 118 45 Chir.,
826 2667 47 31 29
892 2657 87 45 juin

198 2767 239 85 Fractures
437 2767 120 85 des
588 2801 244 38 maxillaires
864 2805 114 45 supe-

198 2811 105 90 rieur
307 2831 64 87 et
371 2831 215 87 inférièur
586 2831 130 87 (G..
740 2850 248 48 GRAVIÈRE,

199 2856 251 69 Odontologie,
474 2896 49 32 30
541 2890 88 43 juin
653 2898 126 45 1915).

249 2957 223 66 du
488 2981 128 58 facial,
634 2991 54 34 du
704 2993 150 45 lingual
869 2997 54 34 et
923 2997 54 34 du

198 2957 216 143 maxillaire
445 3030 204 43 supeneur
679 3050 73 34 par
782 3043 37 34 le
849 3053 130 25 meme

198 3052 168 86 Projectile
463 3072 217 64 Tentative
728 3088 251 38 d'ameliora-

197 3092 200 46 tiondeli

197 3092 79 97 hon
276 3092 59 97 de
335 3092 59 97 la
394 3092 222 97 paralysie
634 3130 141 40 faciale
792 3147 74 34 par
883 3148 96 25 ana-

198 3141 191 50 stomoses
418 3173 258 39 rnusculaires
704 3180 73 45 .(H.
809 3183 168 35 MORES-

197 3192 81 51 TIN.,
312 3198 102 49 Bull.
414 3198 68 49 et
513 3218 120 38 Mém.
669 3226 42 33 de
745 3230 37 33 la
816 3231 82 34 Soc.
935 3232 43 33 de

199 3200 115 86 Chir.
347 3206 32 91 6
379 3206 148 91 juillet
560 3272 126 45 1915).

1099 498 223 34 MORESTIN
1356 497 96 46 (H.).
1482 518 50 3 -
1560 497 59 36 La
1646 496 188 35 constric-

1049 546 86 34 tion
1166 546 69 33 des
1260 544 437 46 machoires'd'originc
1722 554 113 34 myo-

1049 593 196 45 pathique
1287 594 41 31 et
1371 602 71 24 son
1485 592 201 35 traitement
1762 600 74 36 par

1049 640 278 34 l'écartement
1358 640 165 42 graduel
1558 650 50 23 ou
1656 639 179 33 l'écarte-

1018 688 9 4 -
1050 688 112 33 ment
1181 686 176 45 brusque
1378 697 92 24 sous
1490 686 226 36 anesthesie
1733 687 102 33 loca-

1045 734 96 42 lisee
1175 732 115 45 (Bull.
1323 736 33 31 et
1383 734 121 33 Mem.
1538 734 45 34 de
1611 734 37 34 la
1677 733 83 35 Soc.
1794 733 44 33 de

1051 780 119 45 Chir.,
1198 789 45 33 23
1272 783 106 32 mars
1406 780 126 46 1915).

1102 875 129 34 PONT.
1250 895 52 3 -
1320 874 251 36 Traitement
1593 877 50 34 de
1664 875 39 35 la
1724 885 112 24 cons-

1047 922 166 37 triction
1246 924 69 33 des
1347 923 220 34 machoires
1604 923 121 44 (Lyon
1759 922 76 34 chi-

1051 969 179 45 rurgical,
1257 970 128 44 1915).

1101 1064 224 34 MORESTIN
1358 1063 136 45 (H.).
1494 1063 45 45 -
1539 1063 158 45 Tumeur
1697 1063 138 45 sali-

1052 1112 110 35 vaire
1190 1114 49 33 de
1265 1111 39 34 la
1331 1111 93 45 jone
1444 1111 255 35 consecutive
1716 1123 23 22 a
1757 1122 79 23 une

1052 1160 175 34 blessure
1251 1160 53 33 du
1330 1158 113 35 canal
1467 1160 49 33 de
1540 1157 151 35 Stenon
1719 1158 115 44 (Bull,

1053 1210 33 33 et
1106 1206 120 33 Mem.
1253 1206 42 33 de
1318 1206 38 33 la
1378 1205 82 34 Soc.
1486 1206 46 33 de
1552 1204 121 45 Chir.,
1699 1216 21 34 7
1737 1206 100 34 avril

1056 1252 63 44 19T
1119 1252 63 44 S).

1104 1337 107 32 ROY.
1245 1356 52 4 -
1329 1335 278 35 Presentation
1640 1335 97 34 d'un
1770 1346 67 24 cas

1053 1385 49 34 de
1129 1386 112 43 perte
1269 1385 49 33 de
1347 1384 213 33 substance
1589 1383 171 33 etendue
1788 1384 50 33 de

1052 1431 38 35 la
1130 1426 202 39 machoire
1373 1440 97 25 avec
1512 1428 325 45 regenerescence

1052 1488 158 25 osseuse
1237 1488 48 25 en
1304 1477 140 34 bonne
1470 1476 174 46 position
1672 1476 115 44 grace
1813 1475 24 35 a

1052 1526 39 34 la
1124 1524 187 46 prothese
1349 1525 115 43 (Bull.
1502 1528 33 29 et
1567 1524 122 33 Mem.
1725 1524 43 32 de
1800 1525 37 32 la

1053 1573 83 33 Soc.
1160 1573 43 33 de
1227 1571 118 45 Chir.,
1369 1581 49 24 20
1438 1571 101 35 avril
1563 1571 125 45 1915).

1103 1668 224 34 MORESUN
1375 1667 95 45 (H.).
1514 1687 51 4 -
1606 1664 232 36 Difformite

1053 1716 257 34 consecutive
1342 1713 23 36 a
1397 1727 79 23 une
1510 1725 120 33 grave
1662 1714 177 34 blessure

1052 1765 51 33 de
1130 1764 39 34 la
1197 1763 97 36 face.
1326 1762 255 45 Autoplastie
1608 1772 74 35 par
1710 1761 127 34 decol-

1052 1811 150 34 lement
1223 1812 40 33 et
1284 1810 121 44 greffe
1425 1810 218 44 graisseuse
1668 1809 115 45 (Bull.
1808 1811 32 30 et

1053 1859 121 32 Mem.
1204 1857 43 33 de
1276 1858 38 33 la
1342 1857 82 33 Soc.
1456 1857 42 33 de
1528 1856 135 44 Chir.,.
1680 1865 47 34 15
1752 1855 88 45 juin

1056 1904 126 45 1915).

1104 1999 154 34 DUVAL
1295 1997 174 46 (Pierre).
1502 2004 53 18 --!.
1589 1997 248 47 Reparation

1053 2048 73 43 des
1126 2048 147 43 pertes
1288 2056 181 25 osseuses
1488 2045 232 35 craniennes
1737 2046 104 34 dans

1052 2093 56 36 les
1137 2092 123 46 plaies
1291 2094 50 33 de
1371 2103 149 33 guerre.
1552 2092 113 35 Trois
1694 2102 67 25 cas
1791 2092 51 33 de

1051 2140 187 45 prothese
1289 2140 212 35 cranienne
1552 2150 73 35 par
1675 2140 167 44 plaques

1052 2186 244 44 metalliques
1296 2186 164 44 (BMJJ.
1500 2190 33 29 et
1562 2188 121 32 Mem.
1723 2186 42 33 de
1803 2187 38 32 la

1052 2234 83 33 Soc.
1167 2233 49 33 de
1240 2232 119 45 Chir,,
1391 2244 46 24 22
1465 2233 87 44 juin
1584 2232 124 45 1915).

1102 2327 224 33 MORESTIN
1368 2327 96 45 (H.).
1499 2347 53 3 -
1586 2326 254 36 Traitement

1051 2376 70 33 des
1161 2373 238 35 difformites
1438 2374 278 34 consecutives
1755 2385 83 24 aux

1055 2421 194 34 fractures
1279 2432 97 24 avec
1405 2424 113 42 perte
1547 2423 49 33 de
1626 2421 214 35 substance

1052 2470 50 34 de
1131 2468 96 34 l'arc
1257 2467 202 35 anterieur
1490 2470 49 33 de
1568 2468 40 35 la
1637 2467 202 36 machoire

1050 2515 211 35 inferieure
1284 2526 75 34 par
1381 2516 40 33 la
1445 2515 151 34 section
1622 2516 56 33 du
1702 2515 71 43 cal,
1801 2516 39 33 la

1053 2561 208 37 reduction
1285 2561 234 36 immediate
1545 2565 41 31 et
1609 2562 41 34 la
1675 2552 163 44 conten-

1052 2610 86 41 tion
1167 2608 23 35 a
1218 2609 119 35 l'aide
1365 2606 98 37 d'un
1491 2608 179 46 appareil
1699 2607 23 35 a
1750 2609 90 44 glis-

1052 2657 117 34 sieres
1199 2655 116 45 (Bull,
1345 2660 32 30 et
1402 2657 120 32 Mem.
1552 2656 43 32 de
1622 2657 37 32 la
1686 2656 82 33 Soc.
1797 2657 44 33 de

1054 2704 118 43 Chir.,
1201 2713 48 31 29
1272 2703 87 45 juin
1388 2702 125 44 1915).

1104 2804 222 34 GRAVIERE
1351 2803 90 44 (G.).
1462 2807 52 20 —
1535 2803 213 36 Fractures
1769 2805 71 34 des

1051 2850 243 37 maxillaires
1332 2850 204 45 superieur
1573 2853 41 32 et
1651 2850 190 36 inferieur

1057 2897 271 47 (Odontologie,
1359 2907 50 33 30
1436 2898 87 45 juin
1556 2899 125 44 1915).

1101 2994 223 33 MORESTIN
1365 2992 97 45 (H.).
1499 3013 52 3 --
1588 2992 159 36 Section
1784 2994 54 33 du

1051 3040 130 43 facial,
1210 3040 56 34 du
1291 3040 151 44 lingual
1469 3042 41 32 et
1537 3042 53 33 du
1617 3040 222 34 maxillaire

1053 3087 203 46 superieur
1286 3098 74 34 par
1389 3088 37 33 le
1456 3087 150 39 meme
1617 3086 219 45 projectile.

1051 3133 216 36 Tentative
1290 3134 319 35 d'amelioration
1633 3136 51 33 de
1705 3133 39 35 la
1767 3145 71 34 pa-

1050 3181 145 45 ralysie
1245 3181 142 35 faciale
1436 3192 74 34 par
1559 3183 277 33 anastomoses

1049 3228 259 36 musculaires
1344 3227 117 45 (Bull.
1497 3231 33 30 et
1563 3229 121 33 Mem.
1721 3228 44 33 de
1799 3228 38 39 la

1050 3277 83 41 Soc.
1165 3275 42 34 de
1239 3274 118 44 Chir.,
1392 3276 22 32 6
1442 3274 131 45 juillet
1605 3273 126 46 1915).
