2380 3775
557 396 267 29 TREATMENT
854 395 54 30 OF
937 394 88 28 THE
1055 392 189 29 TRISMUS
1275 392 173 29 DURING
1478 392 135 29 SLEEP
1840 389 50 40 53

271 482 117 39 short
413 486 96 48 stay
533 487 46 34 at
603 482 73 38 the
700 481 140 51 Depot
864 480 86 39 had
972 479 206 49 unhappy
1201 488 306 40 consequences
1529 479 180 38 because
1731 479 55 38 he
1808 477 86 39 had

274 551 44 34 to
347 546 54 39 be
433 547 231 39 evacuated
693 550 44 34 to
770 558 26 25 a
824 541 194 41 venereal
1044 539 188 53 hospital
1259 544 48 42 to
1335 541 55 39 be
1419 543 166 38 treated
1615 541 65 39 for
1709 540 189 53 primary

275 609 128 41 lesion
425 612 44 38 of
489 608 186 54 syphilis.
752 609 97 39 And
866 606 112 40 since
994 607 94 38 that
1106 603 115 46 time,
1241 616 62 26 we
1322 605 110 39 have
1454 618 53 27 no
1530 617 113 28 news
1665 606 106 40 from
1793 604 102 42 him.

354 674 77 38 We
462 676 108 38 have
606 672 167 54 applied
806 673 73 39 the
913 683 117 28 same
1059 672 230 36 treatment
1323 672 45 35 to
1404 669 151 40 soldier
1588 672 82 38 R.
1705 670 103 40 with
1844 684 54 26 an

274 736 199 40 identical
499 741 242 48 apparatus,
771 737 110 39 after
906 734 145 51 failing
1078 732 104 41 with
1210 732 73 39 the
1309 738 166 34 current
1502 734 395 54 mechanotherapy

275 812 156 28 means.

356 864 89 39 The
469 863 131 39 lesion
623 876 85 26 was
732 862 43 39 in
801 863 75 40 full
900 874 189 41 progress
1112 862 121 40 when
1259 874 53 25 an
1339 861 250 40 evacuation
1614 865 120 38 order
1765 867 135 37 trans-

278 927 134 39 ferred
442 926 84 40 this
555 928 208 39 wounded
789 940 98 27 man
919 931 45 34 to
995 928 73 37 the
1096 923 175 41 inteiior
1300 929 44 34 ot
1379 927 74 38 the
1480 930 194 49 country.

372 1086 313 41 CONCLUSION.
726 1111 58 3 -
822 1085 124 42 With
985 1085 84 42 few
1108 1084 271 55 exceptions,
1420 1086 129 42 when
1589 1087 76 41 the
1705 1087 198 43 classical

283 1160 421 56 mechanotherapic
728 1165 243 38 treatment
1003 1161 45 40 of
1076 1161 78 42 the
1184 1161 183 42 trismus
1397 1161 45 42 of
1467 1162 79 42 the
1567 1163 110 53 jaws
1701 1163 113 50 fails,
1838 1178 66 28 we

284 1235 171 44 believe
487 1237 102 41 that
621 1236 36 41 it
689 1236 36 43 is
757 1237 353 54 advantageous,
1133 1237 153 43 before
1319 1251 90 41 any
1442 1237 189 55 surgical
1656 1239 248 55 operation,

288 1318 47 36 to
364 1317 117 39 treat
509 1313 77 43 the
614 1311 175 59 patient
818 1313 160 56 during
1005 1313 59 43 its
1091 1313 131 55 sleep.

373 1390 95 42 The
501 1389 226 44 muscular
760 1390 248 43 relaxation
1043 1390 199 43 incident
1277 1395 48 37 to
1361 1390 118 56 sleep
1514 1391 242 43 facilitates
1789 1406 121 28 reco-

291 1482 108 41 very
417 1470 90 41 and
527 1483 64 28 wc
611 1482 207 41 suppress
836 1468 76 42 the
933 1467 292 57 interference
1250 1468 45 41 of
1318 1467 330 56 psychological
1666 1467 245 44 influences

292 1544 145 43 which
461 1545 223 56 handicap
711 1546 76 42 the
812 1545 123 43 work
962 1545 45 42 of
1032 1545 77 51 the
1135 1544 236 56 specialist.
