2281 3859
461 387 52 54 48
854 402 53 28 LA
934 399 336 33 RESTAURATION
1297 402 404 29 MAXILLO-FACIALE

544 488 60 37 La
619 486 136 52 partie
770 487 198 40 verticale
983 490 51 38 de
1048 491 41 37 la
1104 494 177 48 potence
1297 490 47 44 B,
1362 488 73 52 qui
1451 501 42 25 se
1510 489 176 39 termine
1702 500 79 40 par
1793 501 58 26 un
1866 490 168 37 crochet
2054 488 34 43 b,

463 564 44 27 se
531 553 117 49 place
672 552 105 39 dans
801 552 178 52 l'espace
1001 556 176 49 ménagé
1201 565 108 41 pour
1333 554 75 39 elle
1433 559 117 33 entre
1572 555 41 38 la
1638 553 208 51 gouttière
1870 553 221 39 inférieure

464 619 44 38 et
508 619 60 38 la
592 622 176 46 potence
791 618 49 38 A.

546 684 110 37 Pour
678 683 219 51 appliquer
919 697 49 26 en
991 686 165 40 bouche
1178 699 47 24 ce
1246 684 224 52 dispositif,
1495 685 27 38 il
1546 684 92 39 faut
1662 685 128 50 placer
1790 685 37 50 :

546 753 44 33 10
620 748 234 51 L'appareil
879 750 57 38 du
963 750 104 39 haut
1094 763 96 27 sans
1215 764 65 25 ses
1305 754 218 47 potences;

546 818 46 34 20
621 814 59 38 La
708 815 207 48 gouttière
942 814 239 47 inférieure;

545 882 46 43 30
620 879 78 37 Le;
725 884 198 44 potences
952 880 52 38 de
1032 880 216 51 l'appareil
1277 880 57 38 du
1363 879 124 45 haut;

545 947 47 46 4°
621 943 77 38 Les
725 956 195 26 anneaux
947 944 50 39 de
1025 945 276 43 caoutchouc,
1331 956 81 37 que
1439 944 85 38 l'on
1553 943 80 38 fixe
1662 956 84 27 aux
1773 944 190 38 crochets
1989 955 100 27 avec

464 1008 72 38 des
558 1008 200 50 ligatures
779 1022 51 26 en
852 1008 42 38 fil
915 1010 52 38 de
989 1008 97 40 soie.

546 1074 55 38 Le
627 1072 133 40 blessé
787 1079 200 46 supporte
1013 1076 84 36 très
1123 1074 96 39 bien
1244 1086 65 26 ses
1334 1073 208 53 appareils
1567 1079 41 34 et
1636 1075 96 38 dort
1759 1073 108 40 bien.
1895 1075 66 38 Au
1987 1075 105 38 bout

465 1138 102 39 d'un
585 1138 107 40 mois
712 1139 52 39 de
783 1138 257 46 traitement,
1062 1138 255 40 l'ouverture
1336 1138 172 41 buccale
1527 1140 231 51 spontanée
1777 1143 63 35 est
1860 1140 52 38 de
1933 1148 48 40 15
2001 1138 90 40 mil-

464 1202 185 41 limètres
670 1209 40 34 et
732 1217 53 26 an
806 1203 88 39 dire
914 1205 56 38 du
991 1203 134 40 blessé
1146 1203 76 39 elle
1242 1204 160 39 n'avait
1424 1204 150 48 jamais
1595 1204 155 39 atteint
1771 1209 112 34 cette
1904 1203 189 51 ampleur

466 1268 146 52 depuis
638 1281 45 26 sa
707 1268 195 40 blessure.

548 1334 58 38 La
635 1333 193 51 guérison
857 1333 105 40 était
992 1347 51 25 en
1071 1347 94 26 vue.
1196 1334 406 39 Malheureusement
1632 1345 107 41 pour
1772 1334 37 39 le
1839 1335 137 38 soldat
2005 1335 89 42 C.,

465 1409 75 27 son
561 1405 123 33 court
707 1399 137 47 séjour
867 1412 54 25 au
942 1399 128 50 dépôt
1091 1398 61 39 lui
1172 1398 67 38 fut
1261 1398 177 47 funeste,
1456 1409 76 28 car
1549 1411 54 26 on
1623 1400 77 38 dut
1721 1398 208 42 l'évacuer
1948 1409 71 28 sur
2038 1410 58 28 un

468 1461 162 52 hôpital
658 1464 50 37 de
738 1463 215 38 vénériens
981 1475 112 38 pour
1121 1461 149 40 traiter
1296 1475 57 25 un
1383 1463 192 39 accident
1604 1464 195 50 primaire
1827 1463 53 38 de
1908 1462 186 52 syphilis.

467 1529 56 37 Et
548 1528 148 50 depuis
721 1540 45 26 ce
791 1527 96 48 jour
909 1539 106 27 nous
1040 1527 177 39 n'avons
1242 1526 94 51 plus
1361 1540 51 25 eu
1437 1528 52 38 de
1516 1538 63 28 ses
1603 1527 225 40 nouvelles.

549 1593 117 38 Nous
687 1604 133 28 avons
841 1591 198 52 appliqué
1061 1590 37 40 le
1118 1591 138 39 même
1276 1590 244 41 traitement
1542 1606 55 26 au
1618 1593 138 39 soldat
1780 1593 96 45 R.,
1900 1605 101 27 avec
2025 1593 74 39 des

467 1656 206 52 appareils
696 1656 251 50 identiques,
973 1657 121 50 après
1119 1654 217 40 l'insuccès
1359 1657 73 38 des
1454 1669 175 37 moyens
1652 1657 446 51 mécanothérapiques

467 1726 213 35 courants.

548 1787 60 38 La
632 1786 132 39 lésion
791 1784 266 41 s'améliorait
1084 1784 376 51 progressivement
1485 1786 219 51 lorsqu'un
1730 1789 122 39 ordre
1876 1777 222 51 d'évacua-

469 1852 90 38 tion
583 1852 48 38 fit
654 1851 135 51 partir
810 1862 47 27 ce
878 1849 134 40 blessé
1035 1861 94 27 vers
1152 1848 242 40 l'intérieur.

556 2009 320 41 CONCLUSION.
904 2032 54 4 -
980 2004 514 58 Exceptionnellement,
1536 2007 178 56 lorsque
1754 2008 38 43 le
1832 2008 267 43 traitement

468 2084 459 56 mécanothérapique
966 2083 220 55 classique
1225 2084 55 41 de
1318 2082 43 43 la
1399 2084 294 42 constriction
1732 2087 79 41 des
1848 2084 251 43 mâchoires

470 2165 182 48 échoue,
683 2176 115 28 nous
828 2174 195 43 pensons
1054 2160 110 56 qu'il
1195 2176 30 41 y
1255 2175 26 28 a
1310 2160 181 50 intérêt,
1524 2167 142 37 avant
1697 2164 55 41 de
1783 2167 151 37 tenter
1962 2162 137 54 l'opé-

469 2241 149 43 ration
644 2237 307 57 chirurgicale,
980 2240 55 42 de
1061 2238 162 43 traiter
1247 2237 38 42 le
1312 2236 145 44 blessé
1482 2240 205 53 pendant
1714 2251 81 29 son
1821 2237 218 43 sommeil.

557 2319 66 41 La
649 2316 247 44 résolution
925 2315 269 43 musculaire
1223 2314 289 43 consécutive
1541 2329 59 28 au
1628 2314 206 44 sommeil
1863 2314 168 43 facilite
2058 2313 43 41 la

469 2396 209 55 guérison
716 2400 45 37 et
800 2407 115 29 nous
954 2392 289 57 supprimons
1282 2391 341 43 l'intervention
1663 2392 295 43 d'influences
1997 2406 105 42 psy-

468 2476 187 53 chiques
681 2472 79 57 qui
784 2476 243 38 entravent
1053 2469 186 43 l'action
1264 2469 62 41 du
1351 2468 267 55 spécialiste.
