2457 3829
482 429 50 40 28
872 439 55 28 LA
953 439 335 31 RESTAURATION
1315 440 403 30 MAXILLO-FACIALE

571 525 93 41 The
693 524 234 55 operation
954 540 90 28 was
1071 528 172 42 carried
1269 533 80 37 out
1376 530 46 41 in
1451 527 91 42 this
1568 541 86 41 way
1654 541 44 41 :

572 601 156 42 Under
764 601 357 45 chloroformical
1158 605 255 43 anesthesia
1450 605 91 42 and
1578 605 117 41 after
1732 603 222 55 complete
1992 617 119 28 mus-

486 679 124 42 cular
649 678 258 54 resolution,
949 695 66 28 we
1055 687 66 37 set
1161 682 45 42 in
1247 682 125 55 place
1412 696 28 27 a
1477 681 163 42 mouth
1680 694 184 41 opener;
1906 695 65 27 we
2002 680 109 42 then

489 755 212 55 enlarged
721 755 77 42 the
823 770 103 28 area
949 758 44 41 of
1016 758 76 43 the
1115 759 237 54 sigmoidal
1373 758 175 42 hollow.
1628 757 71 42 All
1721 758 133 55 along
1877 758 76 42 the
1977 757 135 43 lower

487 833 110 53 edge
617 832 45 42 of
681 832 77 43 the
779 834 300 54 zygomatical
1099 837 175 48 arcade,
1295 849 65 28 we
1379 839 188 41 execute
1588 849 26 28 a
1634 839 248 38 cutaneous
1901 834 209 49 incision;

487 910 118 42 after
623 910 192 55 opening
829 911 45 41 of
897 912 78 42 the
992 917 91 37 two
1096 914 134 55 edges
1248 913 44 41 of
1311 912 90 42 this
1418 911 188 43 incision
1624 925 64 29 we
1707 913 133 41 reach
1856 912 77 42 the
1947 925 166 28 masse-

488 991 70 37 ter
571 986 147 43 which
734 1002 65 28 we
822 987 135 44 incise
976 990 236 55 vertically
1233 990 45 41 in
1295 990 77 41 the
1395 1003 124 29 sense
1544 990 45 41 of
1611 990 77 42 the
1710 989 145 50 fibres,
1870 988 243 43 backward

488 1065 181 54 enough
692 1079 47 27 so
765 1080 47 27 as
837 1071 79 37 not
942 1072 47 37 to
1014 1068 106 41 hurt
1145 1069 77 40 the
1248 1071 278 38 masseteran
1559 1081 156 35 nerve;
1746 1071 48 37 at
1821 1066 79 42 the
1933 1066 180 41 bottom

489 1142 45 41 of
571 1141 90 43 this
697 1143 228 42 muscular
961 1158 87 41 gap
1086 1145 91 41 and
1210 1144 278 53 backwards,
1521 1144 78 42 the
1634 1143 158 55 digital
1829 1142 284 57 exploration

491 1224 119 38 meet
636 1220 77 42 the
740 1221 114 42 neck
880 1221 45 41 of
952 1222 77 41 the
1055 1221 190 55 condyle
1273 1222 90 41 and
1388 1222 79 40 the
1492 1220 218 43 insertion
1736 1221 44 41 of
1808 1220 77 42 the
1911 1218 203 44 external

489 1298 316 55 pterygoidian
824 1312 58 28 on
909 1299 79 42 the
1015 1297 375 44 antero-internal
1417 1298 68 55 pit
1511 1298 253 43 excavated
1782 1311 58 28 on
1861 1296 92 43 this
1980 1296 135 50 neck;

492 1375 129 43 when
649 1375 186 55 guiding
857 1377 63 53 by
943 1390 26 27 a
993 1376 141 54 finger
1155 1375 111 42 with
1289 1375 78 41 the
1395 1375 104 54 help
1529 1375 45 40 of
1597 1388 27 27 a
1653 1374 169 54 rugine,
1848 1374 156 54 slowly
2026 1373 91 42 and

492 1452 156 54 slowly
674 1452 78 42 the
776 1452 142 42 entire
942 1451 316 55 pterygoidian
1282 1451 132 41 fibres
1438 1464 73 27 are
1535 1449 292 43 desinserted.

579 1529 131 41 After
739 1528 305 54 compressing
1066 1529 81 41 the
1174 1529 181 40 bottom
1380 1527 44 40 of
1452 1526 80 43 the
1560 1526 179 49 wound,
1766 1540 26 27 a
1825 1525 129 43 small
1977 1540 140 41 gauze

494 1605 212 55 drainage
735 1605 37 42 is
795 1605 135 42 made
957 1605 90 41 and
1072 1604 78 42 the
1176 1608 260 50 teguments
1461 1617 74 28 are
1562 1603 200 41 sutured.

582 1681 54 41 In
663 1680 130 42 order
819 1685 48 37 to
895 1680 149 42 insure
1072 1680 77 41 the
1176 1679 311 56 preservation
1515 1680 45 41 of
1587 1680 77 41 the
1692 1680 249 44 correction
1969 1682 45 42 of
2041 1682 78 42 the

494 1757 160 43 lateral
678 1756 246 50 deviation,
952 1772 26 27 a
1001 1756 133 56 guide
1158 1756 222 56 prepared
1402 1756 47 41 in
1473 1756 203 43 advance
1700 1772 91 29 was
1816 1763 68 38 set
1907 1757 46 43 in
1978 1759 140 55 place.

581 1834 95 42 The
705 1833 178 56 patient
914 1835 109 54 kept
1053 1833 91 43 this
1172 1833 134 56 guide
1336 1833 69 42 for
1429 1837 90 38 two
1549 1835 185 43 months
1756 1836 90 42 and
1875 1836 245 43 continued

495 1916 48 37 to
577 1911 200 54 undergo
815 1924 227 41 massages
1076 1910 45 42 of
1157 1912 78 41 the
1274 1914 218 38 masseter
1528 1911 191 44 muscles
1753 1914 91 41 and
1876 1913 163 43 attend
2071 1917 47 38 to

494 1988 241 43 dilatation
772 1988 193 55 sittings.

584 2065 121 42 Once
728 2080 27 28 a
776 2065 143 50 while,
944 2066 78 42 the
1044 2065 133 56 guide
1200 2079 91 28 was
1314 2065 138 42 taken
1476 2067 61 41 off
1560 2067 91 41 and
1673 2067 110 42 then
1805 2067 36 42 it
1864 2081 91 28 was
1978 2066 143 42 found

493 2144 103 41 that
631 2143 77 42 the
743 2142 254 43 deviations
1032 2158 112 28 were
1179 2147 81 38 not
1294 2147 242 38 recurrent.
1631 2143 131 43 After
1795 2148 91 38 two
1920 2143 199 49 months,

492 2221 79 42 the
593 2221 139 42 result
754 2235 91 28 was
867 2221 263 43 considered
1152 2236 48 28 as
1223 2220 107 42 final
1352 2221 91 41 and
1465 2221 78 42 the
1565 2220 134 55 guide
1721 2235 91 28 was
1835 2219 283 57 suppressed.

580 2298 60 41 At
675 2302 195 50 present,
905 2298 78 42 the
1016 2297 178 56 patient
1229 2311 139 41 opens
1401 2296 68 43 his
1503 2298 162 41 mouth
1698 2297 127 55 quite
1858 2297 112 50 well,
2005 2311 119 28 mas-

491 2376 164 43 ticates
683 2375 195 43 without
907 2391 26 28 a
961 2376 133 56 guide
1123 2376 91 42 and
1242 2375 82 41 has
1352 2373 115 56 fully
1494 2375 254 42 recovered.
