<?xml version='1.0' encoding='ISO-8859-1'?>
<alto xmlns:xsi="http://www.w3.org/2001/XMLSchema-instance" xmlns:xlink="http://www.w3.org/TR/xlink" xmlns="http://bibnum.bnf.fr/ns/alto_prod" ID="alto.6519970" xsi:schemaLocation="http://bibnum.bnf.fr/ns/alto_prod http://bibnum.bnf.fr/ns/alto_prod.xsd">
  <Description>
    <MeasurementUnit>pixel</MeasurementUnit>
    <sourceImageInformation>
      <fileName>00000064.tif</fileName>
    </sourceImageInformation>
    <OCRProcessing ID="OCR_1">
      <ocrProcessingStep>
        <processingDateTime>2013-04-09</processingDateTime>
        <processingStepDescription>[001_OCR_BRUT]OCR BRUT 99.800 %</processingStepDescription>
        <processingStepDescription>[002_TOTAL_CHARS]{2050}</processingStepDescription>
        <processingStepDescription>[003_TOTAL_CHARS_USED]{1977}</processingStepDescription>
        <processingStepDescription>[004_TOTAL_CHARS_SUSPECTS_USED]{0}</processingStepDescription>
        <processingStepDescription>[005_TOTAL_CHARS_UNUSED]{73}</processingStepDescription>
        <processingStepDescription>[006_TOTAL_CHARS_SUSPECTS_UNUSED]{4}</processingStepDescription>
        <processingStepDescription>[007_TOTAL_STRINGS]{445}</processingStepDescription>
        <processingStepDescription>[011_CHARS_PUNCTUATION]{61}</processingStepDescription>
        <processingStepDescription>[012_CHARS_DIGITS]{11}</processingStepDescription>
        <processingStepDescription>[013_CHARS_SUSPECT]{4}</processingStepDescription>
        <processingStepDescription>[022_CHARS_UNUSED_BY_BLOCK]{0}</processingStepDescription>
        <processingStepDescription>[111_LIGS_DETECTED_CURV]{0}</processingStepDescription>
        <processingStepSettings>OCR 99.960 %</processingStepSettings>
      </ocrProcessingStep>
    </OCRProcessing>
  </Description>
  <Styles>
    <TextStyle ID="TXT_1" FONTFAMILY="Times" FONTSIZE="12"/>
  </Styles>
  <Layout>
    <Page ID="PAG_00000064" HEIGHT="3883" WIDTH="2275" PHYSICAL_IMG_NR="1" QUALITY="OK">
    <TopMargin ID="PAG_00000064_TopMargin" HPOS="0" VPOS="0" HEIGHT="531" WIDTH="2275">
    <TextBlock ID="PAG_00000064_TB000001" STYLEREFS="TXT_1" HPOS="464" VPOS="447" HEIGHT="40" WIDTH="1243" language="en">
      <TextLine ID="PAG_00000064_TL000001" STYLEREFS="TXT_1" HPOS="464" VPOS="447" HEIGHT="40" WIDTH="1243">
        <String ID="PAG_00000064_ST000001" STYLEREFS="TXT_1" HPOS="464" VPOS="447" HEIGHT="40" WIDTH="48" WC="1" CONTENT="52"/>
        <SP ID="PAG_00000064_SP000001" HPOS="512" VPOS="450" WIDTH="343"/>
        <String ID="PAG_00000064_ST000002" STYLEREFS="TXT_1" HPOS="855" VPOS="450" HEIGHT="29" WIDTH="55" WC="1" CONTENT="LA"/>
        <SP ID="PAG_00000064_SP000002" HPOS="910" VPOS="451" WIDTH="26"/>
        <String ID="PAG_00000064_ST000003" STYLEREFS="TXT_1" HPOS="936" VPOS="451" HEIGHT="29" WIDTH="338" WC="1" CONTENT="RESTAURATION"/>
        <SP ID="PAG_00000064_SP000003" HPOS="1274" VPOS="449" WIDTH="27"/>
        <String ID="PAG_00000064_ST000004" STYLEREFS="TXT_1" HPOS="1301" VPOS="449" HEIGHT="30" WIDTH="406" WC="1" CONTENT="MAXILLO-FACIALE"/>
      </TextLine>
    </TextBlock>
    </TopMargin>
    <PrintSpace ID="PAG_00000064_PrintSpace" HPOS="460" VPOS="531" HEIGHT="2856" WIDTH="1642">
    <TextBlock ID="PAG_00000064_TB000002" STYLEREFS="TXT_1" HPOS="461" VPOS="531" HEIGHT="317" WIDTH="1637" language="en">
      <TextLine ID="PAG_00000064_TL000002" STYLEREFS="TXT_1" HPOS="545" VPOS="531" HEIGHT="54" WIDTH="1553">
        <String ID="PAG_00000064_ST000005" STYLEREFS="TXT_1" HPOS="545" VPOS="535" HEIGHT="39" WIDTH="114" WC="1" CONTENT="CASE"/>
        <SP ID="PAG_00000064_SP000004" HPOS="659" VPOS="533" WIDTH="22"/>
        <String ID="PAG_00000064_ST000006" STYLEREFS="TXT_1" HPOS="681" VPOS="533" HEIGHT="40" WIDTH="57" WC="1" CONTENT="II."/>
        <SP ID="PAG_00000064_SP000005" HPOS="738" VPOS="558" WIDTH="22"/>
        <String ID="PAG_00000064_ST000007" STYLEREFS="TXT_1" HPOS="760" VPOS="558" HEIGHT="5" WIDTH="54" WC="1" CONTENT="-"/>
        <SP ID="PAG_00000064_SP000006" HPOS="814" VPOS="534" WIDTH="73"/>
        <String ID="PAG_00000064_ST000008" STYLEREFS="TXT_1" HPOS="887" VPOS="534" HEIGHT="42" WIDTH="148" WC="1" CONTENT="Privat"/>
        <SP ID="PAG_00000064_SP000007" HPOS="1035" VPOS="537" WIDTH="21"/>
        <String ID="PAG_00000064_ST000009" STYLEREFS="TXT_1" HPOS="1056" VPOS="537" HEIGHT="39" WIDTH="74" WC="1" CONTENT="C."/>
        <SP ID="PAG_00000064_SP000008" HPOS="1130" VPOS="536" WIDTH="75"/>
        <String ID="PAG_00000064_ST000010" STYLEREFS="TXT_1" HPOS="1205" VPOS="536" HEIGHT="42" WIDTH="190" WC="1" CONTENT="Trismus"/>
        <SP ID="PAG_00000064_SP000009" HPOS="1395" VPOS="535" WIDTH="24"/>
        <String ID="PAG_00000064_ST000011" STYLEREFS="TXT_1" HPOS="1419" VPOS="535" HEIGHT="41" WIDTH="46" WC="1" CONTENT="of"/>
        <SP ID="PAG_00000064_SP000010" HPOS="1465" VPOS="534" WIDTH="25"/>
        <String ID="PAG_00000064_ST000012" STYLEREFS="TXT_1" HPOS="1490" VPOS="534" HEIGHT="40" WIDTH="73" WC="1" CONTENT="the"/>
        <SP ID="PAG_00000064_SP000011" HPOS="1563" VPOS="535" WIDTH="25"/>
        <String ID="PAG_00000064_ST000013" STYLEREFS="TXT_1" HPOS="1588" VPOS="535" HEIGHT="50" WIDTH="122" WC="1" CONTENT="jaws;"/>
        <SP ID="PAG_00000064_SP000012" HPOS="1710" VPOS="531" WIDTH="19"/>
        <String ID="PAG_00000064_ST000014" STYLEREFS="TXT_1" HPOS="1729" VPOS="531" HEIGHT="41" WIDTH="152" WC="1" CONTENT="buccal"/>
        <SP ID="PAG_00000064_SP000013" HPOS="1881" VPOS="534" WIDTH="22"/>
        <String ID="PAG_00000064_ST000015" STYLEREFS="TXT_1" HPOS="1903" VPOS="534" HEIGHT="50" WIDTH="195" WC="1" CONTENT="aperture"/>
      </TextLine>
      <TextLine ID="PAG_00000064_TL000003" STYLEREFS="TXT_1" HPOS="464" VPOS="597" HEIGHT="57" WIDTH="1632">
        <String ID="PAG_00000064_ST000016" STYLEREFS="TXT_1" HPOS="464" VPOS="601" HEIGHT="37" WIDTH="41" WC="0.91" CONTENT="oi"/>
        <SP ID="PAG_00000064_SP000014" HPOS="505" VPOS="608" WIDTH="38"/>
        <String ID="PAG_00000064_ST000017" STYLEREFS="TXT_1" HPOS="543" VPOS="608" HEIGHT="39" WIDTH="23" WC="1" CONTENT="5"/>
        <SP ID="PAG_00000064_SP000015" HPOS="566" VPOS="598" WIDTH="34"/>
        <String ID="PAG_00000064_ST000018" STYLEREFS="TXT_1" HPOS="600" VPOS="598" HEIGHT="49" WIDTH="281" WC="1" CONTENT="millimeters;"/>
        <SP ID="PAG_00000064_SP000016" HPOS="881" VPOS="600" WIDTH="36"/>
        <String ID="PAG_00000064_ST000019" STYLEREFS="TXT_1" HPOS="917" VPOS="600" HEIGHT="40" WIDTH="43" WC="1" CONTENT="in"/>
        <SP ID="PAG_00000064_SP000017" HPOS="960" VPOS="615" WIDTH="34"/>
        <String ID="PAG_00000064_ST000020" STYLEREFS="TXT_1" HPOS="994" VPOS="615" HEIGHT="39" WIDTH="286" WC="1" CONTENT="consequence"/>
        <SP ID="PAG_00000064_SP000018" HPOS="1280" VPOS="601" WIDTH="34"/>
        <String ID="PAG_00000064_ST000021" STYLEREFS="TXT_1" HPOS="1314" VPOS="601" HEIGHT="39" WIDTH="45" WC="1" CONTENT="of"/>
        <SP ID="PAG_00000064_SP000019" HPOS="1359" VPOS="614" WIDTH="35"/>
        <String ID="PAG_00000064_ST000022" STYLEREFS="TXT_1" HPOS="1394" VPOS="614" HEIGHT="26" WIDTH="53" WC="1" CONTENT="an"/>
        <SP ID="PAG_00000064_SP000020" HPOS="1447" VPOS="600" WIDTH="34"/>
        <String ID="PAG_00000064_ST000023" STYLEREFS="TXT_1" HPOS="1481" VPOS="600" HEIGHT="40" WIDTH="71" WC="1" CONTENT="old"/>
        <SP ID="PAG_00000064_SP000021" HPOS="1552" VPOS="598" WIDTH="35"/>
        <String ID="PAG_00000064_ST000024" STYLEREFS="TXT_1" HPOS="1587" VPOS="598" HEIGHT="40" WIDTH="292" WC="1" CONTENT="consolidated"/>
        <SP ID="PAG_00000064_SP000022" HPOS="1879" VPOS="597" WIDTH="36"/>
        <String ID="PAG_00000064_ST000025" STYLEREFS="TXT_1" HPOS="1915" VPOS="597" HEIGHT="39" WIDTH="181" WC="1" CONTENT="fracture"/>
      </TextLine>
      <TextLine ID="PAG_00000064_TL000004" STYLEREFS="TXT_1" HPOS="462" VPOS="658" HEIGHT="59" WIDTH="1634">
        <String ID="PAG_00000064_ST000026" STYLEREFS="TXT_1" HPOS="462" VPOS="665" HEIGHT="38" WIDTH="44" WC="1" CONTENT="of"/>
        <SP ID="PAG_00000064_SP000023" HPOS="506" VPOS="664" WIDTH="31"/>
        <String ID="PAG_00000064_ST000027" STYLEREFS="TXT_1" HPOS="537" VPOS="664" HEIGHT="39" WIDTH="74" WC="1" CONTENT="the"/>
        <SP ID="PAG_00000064_SP000024" HPOS="611" VPOS="663" WIDTH="32"/>
        <String ID="PAG_00000064_ST000028" STYLEREFS="TXT_1" HPOS="643" VPOS="663" HEIGHT="52" WIDTH="109" WC="1" CONTENT="right"/>
        <SP ID="PAG_00000064_SP000025" HPOS="752" VPOS="665" WIDTH="33"/>
        <String ID="PAG_00000064_ST000029" STYLEREFS="TXT_1" HPOS="785" VPOS="665" HEIGHT="52" WIDTH="226" WC="1" CONTENT="ascending"/>
        <SP ID="PAG_00000064_SP000026" HPOS="1011" VPOS="678" WIDTH="33"/>
        <String ID="PAG_00000064_ST000030" STYLEREFS="TXT_1" HPOS="1044" VPOS="678" HEIGHT="31" WIDTH="152" WC="1" CONTENT="ramus."/>
        <SP ID="PAG_00000064_SP000027" HPOS="1196" VPOS="666" WIDTH="90"/>
        <String ID="PAG_00000064_ST000031" STYLEREFS="TXT_1" HPOS="1286" VPOS="666" HEIGHT="40" WIDTH="89" WC="1" CONTENT="Has"/>
        <SP ID="PAG_00000064_SP000028" HPOS="1375" VPOS="667" WIDTH="29"/>
        <String ID="PAG_00000064_ST000032" STYLEREFS="TXT_1" HPOS="1404" VPOS="667" HEIGHT="50" WIDTH="244" WC="1" CONTENT="undergone"/>
        <SP ID="PAG_00000064_SP000029" HPOS="1648" VPOS="677" WIDTH="30"/>
        <String ID="PAG_00000064_ST000033" STYLEREFS="TXT_1" HPOS="1678" VPOS="677" HEIGHT="26" WIDTH="55" WC="1" CONTENT="an"/>
        <SP ID="PAG_00000064_SP000030" HPOS="1733" VPOS="662" WIDTH="32"/>
        <String ID="PAG_00000064_ST000034" STYLEREFS="TXT_1" HPOS="1765" VPOS="662" HEIGHT="51" WIDTH="112" WC="1" CONTENT="eight"/>
        <SP ID="PAG_00000064_SP000031" HPOS="1877" VPOS="658" WIDTH="32"/>
        <String ID="PAG_00000064_ST000035" STYLEREFS="TXT_1" HPOS="1909" VPOS="658" HEIGHT="44" WIDTH="187" WC="1" CONTENT="months'"/>
      </TextLine>
      <TextLine ID="PAG_00000064_TL000005" STYLEREFS="TXT_1" HPOS="462" VPOS="726" HEIGHT="53" WIDTH="1631">
        <String ID="PAG_00000064_ST000036" STYLEREFS="TXT_1" HPOS="462" VPOS="733" HEIGHT="36" WIDTH="232" WC="1" CONTENT="treatment"/>
        <SP ID="PAG_00000064_SP000032" HPOS="694" VPOS="729" WIDTH="32"/>
        <String ID="PAG_00000064_ST000037" STYLEREFS="TXT_1" HPOS="726" VPOS="729" HEIGHT="40" WIDTH="42" WC="1" CONTENT="in"/>
        <SP ID="PAG_00000064_SP000033" HPOS="768" VPOS="744" WIDTH="34"/>
        <String ID="PAG_00000064_ST000038" STYLEREFS="TXT_1" HPOS="802" VPOS="744" HEIGHT="26" WIDTH="25" WC="1" CONTENT="a"/>
        <SP ID="PAG_00000064_SP000034" HPOS="827" VPOS="731" WIDTH="30"/>
        <String ID="PAG_00000064_ST000039" STYLEREFS="TXT_1" HPOS="857" VPOS="731" HEIGHT="41" WIDTH="319" WC="1" CONTENT="maxillo-facial"/>
        <SP ID="PAG_00000064_SP000035" HPOS="1176" VPOS="736" WIDTH="31"/>
        <String ID="PAG_00000064_ST000040" STYLEREFS="TXT_1" HPOS="1207" VPOS="736" HEIGHT="35" WIDTH="154" WC="1" CONTENT="center."/>
        <SP ID="PAG_00000064_SP000036" HPOS="1361" VPOS="730" WIDTH="91"/>
        <String ID="PAG_00000064_ST000041" STYLEREFS="TXT_1" HPOS="1452" VPOS="730" HEIGHT="38" WIDTH="43" WC="1" CONTENT="Is"/>
        <SP ID="PAG_00000064_SP000037" HPOS="1495" VPOS="733" WIDTH="31"/>
        <String ID="PAG_00000064_ST000042" STYLEREFS="TXT_1" HPOS="1526" VPOS="733" HEIGHT="37" WIDTH="93" WC="1" CONTENT="sent"/>
        <SP ID="PAG_00000064_SP000038" HPOS="1619" VPOS="729" WIDTH="31"/>
        <String ID="PAG_00000064_ST000043" STYLEREFS="TXT_1" HPOS="1650" VPOS="729" HEIGHT="40" WIDTH="111" WC="1" CONTENT="back"/>
        <SP ID="PAG_00000064_SP000039" HPOS="1761" VPOS="732" WIDTH="31"/>
        <String ID="PAG_00000064_ST000044" STYLEREFS="TXT_1" HPOS="1792" VPOS="732" HEIGHT="36" WIDTH="47" WC="1" CONTENT="to"/>
        <SP ID="PAG_00000064_SP000040" HPOS="1839" VPOS="726" WIDTH="31"/>
        <String ID="PAG_00000064_ST000045" STYLEREFS="TXT_1" HPOS="1870" VPOS="726" HEIGHT="41" WIDTH="66" WC="1" CONTENT="his"/>
        <SP ID="PAG_00000064_SP000041" HPOS="1936" VPOS="727" WIDTH="31"/>
        <String ID="PAG_00000064_ST000046" STYLEREFS="TXT_1" HPOS="1967" VPOS="727" HEIGHT="52" WIDTH="126" WC="1" CONTENT="depot"/>
      </TextLine>
      <TextLine ID="PAG_00000064_TL000006" STYLEREFS="TXT_1" HPOS="461" VPOS="794" HEIGHT="54" WIDTH="535">
        <String ID="PAG_00000064_ST000047" STYLEREFS="TXT_1" HPOS="461" VPOS="807" HEIGHT="27" WIDTH="46" WC="1" CONTENT="as"/>
        <SP ID="PAG_00000064_SP000042" HPOS="507" VPOS="794" WIDTH="26"/>
        <String ID="PAG_00000064_ST000048" STYLEREFS="TXT_1" HPOS="533" VPOS="794" HEIGHT="52" WIDTH="125" WC="1" CONTENT="being"/>
        <SP ID="PAG_00000064_SP000043" HPOS="658" VPOS="808" WIDTH="26"/>
        <String ID="PAG_00000064_ST000049" STYLEREFS="TXT_1" HPOS="684" VPOS="808" HEIGHT="26" WIDTH="25" WC="1" CONTENT="a"/>
        <SP ID="PAG_00000064_SP000044" HPOS="709" VPOS="795" WIDTH="25"/>
        <String ID="PAG_00000064_ST000050" STYLEREFS="TXT_1" HPOS="734" VPOS="795" HEIGHT="53" WIDTH="262" WC="0.98" CONTENT="malingerer."/>
      </TextLine>
    </TextBlock>
    <TextBlock ID="PAG_00000064_TB000003" STYLEREFS="TXT_1" HPOS="542" VPOS="858" HEIGHT="54" WIDTH="1493" language="en">
      <TextLine ID="PAG_00000064_TL000007" STYLEREFS="TXT_1" HPOS="542" VPOS="858" HEIGHT="54" WIDTH="1493">
        <String ID="PAG_00000064_ST000051" STYLEREFS="TXT_1" HPOS="542" VPOS="860" HEIGHT="39" WIDTH="44" WC="1" CONTENT="Is"/>
        <SP ID="PAG_00000064_SP000045" HPOS="586" VPOS="861" WIDTH="26"/>
        <String ID="PAG_00000064_ST000052" STYLEREFS="TXT_1" HPOS="612" VPOS="861" HEIGHT="51" WIDTH="102" WC="1" CONTENT="kept"/>
        <SP ID="PAG_00000064_SP000046" HPOS="714" VPOS="860" WIDTH="27"/>
        <String ID="PAG_00000064_ST000053" STYLEREFS="TXT_1" HPOS="741" VPOS="860" HEIGHT="41" WIDTH="42" WC="1" CONTENT="in"/>
        <SP ID="PAG_00000064_SP000047" HPOS="783" VPOS="862" WIDTH="27"/>
        <String ID="PAG_00000064_ST000054" STYLEREFS="TXT_1" HPOS="810" VPOS="862" HEIGHT="41" WIDTH="274" WC="1" CONTENT="observation"/>
        <SP ID="PAG_00000064_SP000048" HPOS="1084" VPOS="867" WIDTH="28"/>
        <String ID="PAG_00000064_ST000055" STYLEREFS="TXT_1" HPOS="1112" VPOS="867" HEIGHT="36" WIDTH="44" WC="1" CONTENT="at"/>
        <SP ID="PAG_00000064_SP000049" HPOS="1156" VPOS="863" WIDTH="28"/>
        <String ID="PAG_00000064_ST000056" STYLEREFS="TXT_1" HPOS="1184" VPOS="863" HEIGHT="39" WIDTH="74" WC="1" CONTENT="the"/>
        <SP ID="PAG_00000064_SP000050" HPOS="1258" VPOS="860" WIDTH="23"/>
        <String ID="PAG_00000064_ST000057" STYLEREFS="TXT_1" HPOS="1281" VPOS="860" HEIGHT="43" WIDTH="322" WC="1" CONTENT="maxillo-facial"/>
        <SP ID="PAG_00000064_SP000051" HPOS="1603" VPOS="863" WIDTH="25"/>
        <String ID="PAG_00000064_ST000058" STYLEREFS="TXT_1" HPOS="1628" VPOS="863" HEIGHT="36" WIDTH="144" WC="1" CONTENT="center"/>
        <SP ID="PAG_00000064_SP000052" HPOS="1772" VPOS="858" WIDTH="24"/>
        <String ID="PAG_00000064_ST000059" STYLEREFS="TXT_1" HPOS="1796" VPOS="858" HEIGHT="41" WIDTH="44" WC="1" CONTENT="of"/>
        <SP ID="PAG_00000064_SP000053" HPOS="1840" VPOS="859" WIDTH="26"/>
        <String ID="PAG_00000064_ST000060" STYLEREFS="TXT_1" HPOS="1866" VPOS="859" HEIGHT="50" WIDTH="169" WC="1" CONTENT="Troyes."/>
      </TextLine>
    </TextBlock>
    <TextBlock ID="PAG_00000064_TB000004" STYLEREFS="TXT_1" HPOS="461" VPOS="919" HEIGHT="190" WIDTH="1637" language="en">
      <TextLine ID="PAG_00000064_TL000008" STYLEREFS="TXT_1" HPOS="542" VPOS="919" HEIGHT="58" WIDTH="1556">
        <String ID="PAG_00000064_ST000061" STYLEREFS="TXT_1" HPOS="542" VPOS="927" HEIGHT="39" WIDTH="66" WC="1" CONTENT="On"/>
        <SP ID="PAG_00000064_SP000054" HPOS="608" VPOS="928" WIDTH="28"/>
        <String ID="PAG_00000064_ST000062" STYLEREFS="TXT_1" HPOS="636" VPOS="928" HEIGHT="49" WIDTH="190" WC="1" CONTENT="entering"/>
        <SP ID="PAG_00000064_SP000055" HPOS="826" VPOS="927" WIDTH="26"/>
        <String ID="PAG_00000064_ST000063" STYLEREFS="TXT_1" HPOS="852" VPOS="927" HEIGHT="38" WIDTH="89" WC="1" CONTENT="into"/>
        <SP ID="PAG_00000064_SP000056" HPOS="941" VPOS="928" WIDTH="29"/>
        <String ID="PAG_00000064_ST000064" STYLEREFS="TXT_1" HPOS="970" VPOS="928" HEIGHT="40" WIDTH="73" WC="1" CONTENT="the"/>
        <SP ID="PAG_00000064_SP000057" HPOS="1043" VPOS="927" WIDTH="24"/>
        <String ID="PAG_00000064_ST000065" STYLEREFS="TXT_1" HPOS="1067" VPOS="927" HEIGHT="39" WIDTH="122" WC="1" CONTENT="clinic"/>
        <SP ID="PAG_00000064_SP000058" HPOS="1189" VPOS="929" WIDTH="28"/>
        <String ID="PAG_00000064_ST000066" STYLEREFS="TXT_1" HPOS="1217" VPOS="929" HEIGHT="37" WIDTH="73" WC="1" CONTENT="Dr."/>
        <SP ID="PAG_00000064_SP000059" HPOS="1290" VPOS="925" WIDTH="30"/>
        <String ID="PAG_00000064_ST000067" STYLEREFS="TXT_1" HPOS="1320" VPOS="925" HEIGHT="41" WIDTH="213" WC="1" CONTENT="Schaeffer"/>
        <SP ID="PAG_00000064_SP000060" HPOS="1533" VPOS="926" WIDTH="24"/>
        <String ID="PAG_00000064_ST000068" STYLEREFS="TXT_1" HPOS="1557" VPOS="926" HEIGHT="39" WIDTH="134" WC="1" CONTENT="found"/>
        <SP ID="PAG_00000064_SP000061" HPOS="1691" VPOS="924" WIDTH="25"/>
        <String ID="PAG_00000064_ST000069" STYLEREFS="TXT_1" HPOS="1716" VPOS="924" HEIGHT="40" WIDTH="135" WC="1" CONTENT="under"/>
        <SP ID="PAG_00000064_SP000062" HPOS="1851" VPOS="937" WIDTH="31"/>
        <String ID="PAG_00000064_ST000070" STYLEREFS="TXT_1" HPOS="1882" VPOS="937" HEIGHT="27" WIDTH="22" WC="1" CONTENT="a"/>
        <SP ID="PAG_00000064_SP000063" HPOS="1904" VPOS="919" WIDTH="28"/>
        <String ID="PAG_00000064_ST000071" STYLEREFS="TXT_1" HPOS="1932" VPOS="919" HEIGHT="55" WIDTH="166" WC="1" CONTENT="general"/>
      </TextLine>
      <TextLine ID="PAG_00000064_TL000009" STYLEREFS="TXT_1" HPOS="462" VPOS="988" HEIGHT="52" WIDTH="1634">
        <String ID="PAG_00000064_ST000072" STYLEREFS="TXT_1" HPOS="462" VPOS="989" HEIGHT="41" WIDTH="261" WC="1" CONTENT="anaesthetic"/>
        <SP ID="PAG_00000064_SP000064" HPOS="723" VPOS="992" WIDTH="24"/>
        <String ID="PAG_00000064_ST000073" STYLEREFS="TXT_1" HPOS="747" VPOS="992" HEIGHT="39" WIDTH="96" WC="1" CONTENT="that"/>
        <SP ID="PAG_00000064_SP000065" HPOS="843" VPOS="992" WIDTH="23"/>
        <String ID="PAG_00000064_ST000074" STYLEREFS="TXT_1" HPOS="866" VPOS="992" HEIGHT="39" WIDTH="74" WC="1" CONTENT="the"/>
        <SP ID="PAG_00000064_SP000066" HPOS="940" VPOS="992" WIDTH="26"/>
        <String ID="PAG_00000064_ST000075" STYLEREFS="TXT_1" HPOS="966" VPOS="992" HEIGHT="40" WIDTH="172" WC="0.99" CONTENT="trismus"/>
        <SP ID="PAG_00000064_SP000067" HPOS="1138" VPOS="993" WIDTH="31"/>
        <String ID="PAG_00000064_ST000076" STYLEREFS="TXT_1" HPOS="1169" VPOS="993" HEIGHT="38" WIDTH="44" WC="1" CONTENT="of"/>
        <SP ID="PAG_00000064_SP000068" HPOS="1213" VPOS="992" WIDTH="29"/>
        <String ID="PAG_00000064_ST000077" STYLEREFS="TXT_1" HPOS="1242" VPOS="992" HEIGHT="38" WIDTH="73" WC="1" CONTENT="the"/>
        <SP ID="PAG_00000064_SP000069" HPOS="1315" VPOS="991" WIDTH="26"/>
        <String ID="PAG_00000064_ST000078" STYLEREFS="TXT_1" HPOS="1341" VPOS="991" HEIGHT="49" WIDTH="104" WC="1" CONTENT="jaws"/>
        <SP ID="PAG_00000064_SP000070" HPOS="1445" VPOS="1003" WIDTH="27"/>
        <String ID="PAG_00000064_ST000079" STYLEREFS="TXT_1" HPOS="1472" VPOS="1003" HEIGHT="28" WIDTH="86" WC="1" CONTENT="was"/>
        <SP ID="PAG_00000064_SP000071" HPOS="1558" VPOS="988" WIDTH="26"/>
        <String ID="PAG_00000064_ST000080" STYLEREFS="TXT_1" HPOS="1584" VPOS="988" HEIGHT="42" WIDTH="274" WC="1" CONTENT="unreducible"/>
        <SP ID="PAG_00000064_SP000072" HPOS="1858" VPOS="988" WIDTH="29"/>
        <String ID="PAG_00000064_ST000081" STYLEREFS="TXT_1" HPOS="1887" VPOS="988" HEIGHT="39" WIDTH="84" WC="1" CONTENT="and"/>
        <SP ID="PAG_00000064_SP000073" HPOS="1971" VPOS="988" WIDTH="31"/>
        <String ID="PAG_00000064_ST000082" STYLEREFS="TXT_1" HPOS="2002" VPOS="988" HEIGHT="38" WIDTH="94" WC="1" CONTENT="that"/>
      </TextLine>
      <TextLine ID="PAG_00000064_TL000010" STYLEREFS="TXT_1" HPOS="461" VPOS="1054" HEIGHT="55" WIDTH="713">
        <String ID="PAG_00000064_ST000083" STYLEREFS="TXT_1" HPOS="461" VPOS="1054" HEIGHT="52" WIDTH="141" WC="1" CONTENT="privat"/>
        <SP ID="PAG_00000064_SP000074" HPOS="602" VPOS="1057" WIDTH="22"/>
        <String ID="PAG_00000064_ST000084" STYLEREFS="TXT_1" HPOS="624" VPOS="1057" HEIGHT="39" WIDTH="73" WC="1" CONTENT="C."/>
        <SP ID="PAG_00000064_SP000075" HPOS="697" VPOS="1055" WIDTH="22"/>
        <String ID="PAG_00000064_ST000085" STYLEREFS="TXT_1" HPOS="719" VPOS="1055" HEIGHT="40" WIDTH="35" WC="1" CONTENT="is"/>
        <SP ID="PAG_00000064_SP000076" HPOS="754" VPOS="1062" WIDTH="20"/>
        <String ID="PAG_00000064_ST000086" STYLEREFS="TXT_1" HPOS="774" VPOS="1062" HEIGHT="35" WIDTH="74" WC="1" CONTENT="not"/>
        <SP ID="PAG_00000064_SP000077" HPOS="848" VPOS="1072" WIDTH="22"/>
        <String ID="PAG_00000064_ST000087" STYLEREFS="TXT_1" HPOS="870" VPOS="1072" HEIGHT="25" WIDTH="25" WC="1" CONTENT="a"/>
        <SP ID="PAG_00000064_SP000078" HPOS="895" VPOS="1057" WIDTH="17"/>
        <String ID="PAG_00000064_ST000088" STYLEREFS="TXT_1" HPOS="912" VPOS="1057" HEIGHT="52" WIDTH="262" WC="1" CONTENT="malingerer."/>
      </TextLine>
    </TextBlock>
    <TextBlock ID="PAG_00000064_TB000005" STYLEREFS="TXT_1" HPOS="460" VPOS="1118" HEIGHT="121" WIDTH="1637" language="en">
      <TextLine ID="PAG_00000064_TL000011" STYLEREFS="TXT_1" HPOS="542" VPOS="1118" HEIGHT="56" WIDTH="1555">
        <String ID="PAG_00000064_ST000089" STYLEREFS="TXT_1" HPOS="542" VPOS="1121" HEIGHT="53" WIDTH="304" WC="1" CONTENT="Radiography"/>
        <SP ID="PAG_00000064_SP000079" HPOS="846" VPOS="1122" WIDTH="33"/>
        <String ID="PAG_00000064_ST000090" STYLEREFS="TXT_1" HPOS="879" VPOS="1122" HEIGHT="41" WIDTH="208" WC="1" CONTENT="disclosed"/>
        <SP ID="PAG_00000064_SP000080" HPOS="1087" VPOS="1123" WIDTH="34"/>
        <String ID="PAG_00000064_ST000091" STYLEREFS="TXT_1" HPOS="1121" VPOS="1123" HEIGHT="39" WIDTH="83" WC="1" CONTENT="five"/>
        <SP ID="PAG_00000064_SP000081" HPOS="1204" VPOS="1136" WIDTH="34"/>
        <String ID="PAG_00000064_ST000092" STYLEREFS="TXT_1" HPOS="1238" VPOS="1136" HEIGHT="26" WIDTH="48" WC="1" CONTENT="or"/>
        <SP ID="PAG_00000064_SP000082" HPOS="1286" VPOS="1122" WIDTH="35"/>
        <String ID="PAG_00000064_ST000093" STYLEREFS="TXT_1" HPOS="1321" VPOS="1122" HEIGHT="40" WIDTH="62" WC="1" CONTENT="six"/>
        <SP ID="PAG_00000064_SP000083" HPOS="1383" VPOS="1121" WIDTH="37"/>
        <String ID="PAG_00000064_ST000094" STYLEREFS="TXT_1" HPOS="1420" VPOS="1121" HEIGHT="41" WIDTH="121" WC="1" CONTENT="small"/>
        <SP ID="PAG_00000064_SP000084" HPOS="1541" VPOS="1120" WIDTH="36"/>
        <String ID="PAG_00000064_ST000095" STYLEREFS="TXT_1" HPOS="1577" VPOS="1120" HEIGHT="40" WIDTH="103" WC="1" CONTENT="shell"/>
        <SP ID="PAG_00000064_SP000085" HPOS="1680" VPOS="1119" WIDTH="35"/>
        <String ID="PAG_00000064_ST000096" STYLEREFS="TXT_1" HPOS="1715" VPOS="1119" HEIGHT="52" WIDTH="198" WC="1" CONTENT="splinters"/>
        <SP ID="PAG_00000064_SP000086" HPOS="1913" VPOS="1120" WIDTH="33"/>
        <String ID="PAG_00000064_ST000097" STYLEREFS="TXT_1" HPOS="1946" VPOS="1120" HEIGHT="38" WIDTH="43" WC="1" CONTENT="of"/>
        <SP ID="PAG_00000064_SP000087" HPOS="1989" VPOS="1118" WIDTH="36"/>
        <String ID="PAG_00000064_ST000098" STYLEREFS="TXT_1" HPOS="2025" VPOS="1118" HEIGHT="39" WIDTH="72" WC="1" CONTENT="the"/>
      </TextLine>
      <TextLine ID="PAG_00000064_TL000012" STYLEREFS="TXT_1" HPOS="460" VPOS="1185" HEIGHT="54" WIDTH="1134">
        <String ID="PAG_00000064_ST000099" STYLEREFS="TXT_1" HPOS="460" VPOS="1185" HEIGHT="40" WIDTH="83" WC="1" CONTENT="size"/>
        <SP ID="PAG_00000064_SP000088" HPOS="543" VPOS="1186" WIDTH="21"/>
        <String ID="PAG_00000064_ST000100" STYLEREFS="TXT_1" HPOS="564" VPOS="1186" HEIGHT="40" WIDTH="45" WC="1" CONTENT="of"/>
        <SP ID="PAG_00000064_SP000089" HPOS="609" VPOS="1200" WIDTH="22"/>
        <String ID="PAG_00000064_ST000101" STYLEREFS="TXT_1" HPOS="631" VPOS="1200" HEIGHT="26" WIDTH="26" WC="1" CONTENT="a"/>
        <SP ID="PAG_00000064_SP000090" HPOS="657" VPOS="1187" WIDTH="22"/>
        <String ID="PAG_00000064_ST000102" STYLEREFS="TXT_1" HPOS="679" VPOS="1187" HEIGHT="52" WIDTH="74" WC="1" CONTENT="pin"/>
        <SP ID="PAG_00000064_SP000091" HPOS="753" VPOS="1187" WIDTH="21"/>
        <String ID="PAG_00000064_ST000103" STYLEREFS="TXT_1" HPOS="774" VPOS="1187" HEIGHT="41" WIDTH="110" WC="1" CONTENT="head"/>
        <SP ID="PAG_00000064_SP000092" HPOS="884" VPOS="1190" WIDTH="23"/>
        <String ID="PAG_00000064_ST000104" STYLEREFS="TXT_1" HPOS="907" VPOS="1190" HEIGHT="38" WIDTH="213" WC="1" CONTENT="scattered"/>
        <SP ID="PAG_00000064_SP000093" HPOS="1120" VPOS="1188" WIDTH="21"/>
        <String ID="PAG_00000064_ST000105" STYLEREFS="TXT_1" HPOS="1141" VPOS="1188" HEIGHT="39" WIDTH="43" WC="1" CONTENT="in"/>
        <SP ID="PAG_00000064_SP000094" HPOS="1184" VPOS="1188" WIDTH="24"/>
        <String ID="PAG_00000064_ST000106" STYLEREFS="TXT_1" HPOS="1208" VPOS="1188" HEIGHT="40" WIDTH="74" WC="1" CONTENT="the"/>
        <SP ID="PAG_00000064_SP000095" HPOS="1282" VPOS="1186" WIDTH="22"/>
        <String ID="PAG_00000064_ST000107" STYLEREFS="TXT_1" HPOS="1304" VPOS="1186" HEIGHT="42" WIDTH="125" WC="1" CONTENT="facial"/>
        <SP ID="PAG_00000064_SP000096" HPOS="1429" VPOS="1187" WIDTH="22"/>
        <String ID="PAG_00000064_ST000108" STYLEREFS="TXT_1" HPOS="1451" VPOS="1187" HEIGHT="40" WIDTH="143" WC="1" CONTENT="tissue."/>
      </TextLine>
    </TextBlock>
    <TextBlock ID="PAG_00000064_TB000006" STYLEREFS="TXT_1" HPOS="461" VPOS="1249" HEIGHT="248" WIDTH="1635" language="en">
      <TextLine ID="PAG_00000064_TL000013" STYLEREFS="TXT_1" HPOS="541" VPOS="1249" HEIGHT="56" WIDTH="1555">
        <String ID="PAG_00000064_ST000109" STYLEREFS="TXT_1" HPOS="541" VPOS="1252" HEIGHT="40" WIDTH="91" WC="1" CONTENT="The"/>
        <SP ID="PAG_00000064_SP000097" HPOS="632" VPOS="1252" WIDTH="41"/>
        <String ID="PAG_00000064_ST000110" STYLEREFS="TXT_1" HPOS="673" VPOS="1252" HEIGHT="53" WIDTH="166" WC="1" CONTENT="patient"/>
        <SP ID="PAG_00000064_SP000098" HPOS="839" VPOS="1255" WIDTH="45"/>
        <String ID="PAG_00000064_ST000111" STYLEREFS="TXT_1" HPOS="884" VPOS="1255" HEIGHT="38" WIDTH="246" WC="1" CONTENT="underwent"/>
        <SP ID="PAG_00000064_SP000099" HPOS="1130" VPOS="1252" WIDTH="45"/>
        <String ID="PAG_00000064_ST000112" STYLEREFS="TXT_1" HPOS="1175" VPOS="1252" HEIGHT="52" WIDTH="398" WC="1" CONTENT="mechanotherapic"/>
        <SP ID="PAG_00000064_SP000100" HPOS="1573" VPOS="1254" WIDTH="47"/>
        <String ID="PAG_00000064_ST000113" STYLEREFS="TXT_1" HPOS="1620" VPOS="1254" HEIGHT="42" WIDTH="252" WC="1" CONTENT="treatment;"/>
        <SP ID="PAG_00000064_SP000101" HPOS="1872" VPOS="1249" WIDTH="46"/>
        <String ID="PAG_00000064_ST000114" STYLEREFS="TXT_1" HPOS="1918" VPOS="1249" HEIGHT="40" WIDTH="110" WC="1" CONTENT="after"/>
        <SP ID="PAG_00000064_SP000102" HPOS="2028" VPOS="1260" WIDTH="43"/>
        <String ID="PAG_00000064_ST000115" STYLEREFS="TXT_1" HPOS="2071" VPOS="1260" HEIGHT="26" WIDTH="25" WC="1" CONTENT="a"/>
      </TextLine>
      <TextLine ID="PAG_00000064_TL000014" STYLEREFS="TXT_1" HPOS="461" VPOS="1313" HEIGHT="59" WIDTH="1635">
        <String ID="PAG_00000064_ST000116" STYLEREFS="TXT_1" HPOS="461" VPOS="1318" HEIGHT="40" WIDTH="151" WC="1" CONTENT="month"/>
        <SP ID="PAG_00000064_SP000103" HPOS="612" VPOS="1319" WIDTH="37"/>
        <String ID="PAG_00000064_ST000117" STYLEREFS="TXT_1" HPOS="649" VPOS="1319" HEIGHT="38" WIDTH="73" WC="1" CONTENT="the"/>
        <SP ID="PAG_00000064_SP000104" HPOS="722" VPOS="1319" WIDTH="34"/>
        <String ID="PAG_00000064_ST000118" STYLEREFS="TXT_1" HPOS="756" VPOS="1319" HEIGHT="39" WIDTH="150" WC="1" CONTENT="buccal"/>
        <SP ID="PAG_00000064_SP000105" HPOS="906" VPOS="1318" WIDTH="33"/>
        <String ID="PAG_00000064_ST000119" STYLEREFS="TXT_1" HPOS="939" VPOS="1318" HEIGHT="54" WIDTH="183" WC="1" CONTENT="opening"/>
        <SP ID="PAG_00000064_SP000106" HPOS="1122" VPOS="1332" WIDTH="36"/>
        <String ID="PAG_00000064_ST000120" STYLEREFS="TXT_1" HPOS="1158" VPOS="1332" HEIGHT="27" WIDTH="85" WC="1" CONTENT="was"/>
        <SP ID="PAG_00000064_SP000107" HPOS="1243" VPOS="1318" WIDTH="34"/>
        <String ID="PAG_00000064_ST000121" STYLEREFS="TXT_1" HPOS="1277" VPOS="1318" HEIGHT="52" WIDTH="104" WC="1" CONTENT="only"/>
        <SP ID="PAG_00000064_SP000108" HPOS="1381" VPOS="1330" WIDTH="34"/>
        <String ID="PAG_00000064_ST000122" STYLEREFS="TXT_1" HPOS="1415" VPOS="1330" HEIGHT="40" WIDTH="25" WC="1" CONTENT="9"/>
        <SP ID="PAG_00000064_SP000109" HPOS="1440" VPOS="1316" WIDTH="35"/>
        <String ID="PAG_00000064_ST000123" STYLEREFS="TXT_1" HPOS="1475" VPOS="1316" HEIGHT="42" WIDTH="262" WC="1" CONTENT="millimeters"/>
        <SP ID="PAG_00000064_SP000110" HPOS="1737" VPOS="1317" WIDTH="35"/>
        <String ID="PAG_00000064_ST000124" STYLEREFS="TXT_1" HPOS="1772" VPOS="1317" HEIGHT="39" WIDTH="80" WC="1" CONTENT="but"/>
        <SP ID="PAG_00000064_SP000111" HPOS="1852" VPOS="1313" WIDTH="36"/>
        <String ID="PAG_00000064_ST000125" STYLEREFS="TXT_1" HPOS="1888" VPOS="1313" HEIGHT="41" WIDTH="208" WC="1" CONTENT="sufficient"/>
      </TextLine>
      <TextLine ID="PAG_00000064_TL000015" STYLEREFS="TXT_1" HPOS="463" VPOS="1379" HEIGHT="56" WIDTH="1633">
        <String ID="PAG_00000064_ST000126" STYLEREFS="TXT_1" HPOS="463" VPOS="1384" HEIGHT="50" WIDTH="163" WC="1" CONTENT="enough"/>
        <SP ID="PAG_00000064_SP000112" HPOS="626" VPOS="1388" WIDTH="33"/>
        <String ID="PAG_00000064_ST000127" STYLEREFS="TXT_1" HPOS="659" VPOS="1388" HEIGHT="34" WIDTH="45" WC="1" CONTENT="to"/>
        <SP ID="PAG_00000064_SP000113" HPOS="704" VPOS="1384" WIDTH="34"/>
        <String ID="PAG_00000064_ST000128" STYLEREFS="TXT_1" HPOS="738" VPOS="1384" HEIGHT="41" WIDTH="147" WC="1" CONTENT="enable"/>
        <SP ID="PAG_00000064_SP000114" HPOS="885" VPOS="1385" WIDTH="31"/>
        <String ID="PAG_00000064_ST000129" STYLEREFS="TXT_1" HPOS="916" VPOS="1385" HEIGHT="39" WIDTH="74" WC="1" CONTENT="the"/>
        <SP ID="PAG_00000064_SP000115" HPOS="990" VPOS="1384" WIDTH="30"/>
        <String ID="PAG_00000064_ST000130" STYLEREFS="TXT_1" HPOS="1020" VPOS="1384" HEIGHT="50" WIDTH="149" WC="1" CONTENT="taking"/>
        <SP ID="PAG_00000064_SP000116" HPOS="1169" VPOS="1383" WIDTH="31"/>
        <String ID="PAG_00000064_ST000131" STYLEREFS="TXT_1" HPOS="1200" VPOS="1383" HEIGHT="52" WIDTH="126" WC="1" CONTENT="fairly"/>
        <SP ID="PAG_00000064_SP000117" HPOS="1326" VPOS="1384" WIDTH="30"/>
        <String ID="PAG_00000064_ST000132" STYLEREFS="TXT_1" HPOS="1356" VPOS="1384" HEIGHT="50" WIDTH="109" WC="1" CONTENT="good"/>
        <SP ID="PAG_00000064_SP000118" HPOS="1465" VPOS="1381" WIDTH="32"/>
        <String ID="PAG_00000064_ST000133" STYLEREFS="TXT_1" HPOS="1497" VPOS="1381" HEIGHT="53" WIDTH="273" WC="1" CONTENT="impressions"/>
        <SP ID="PAG_00000064_SP000119" HPOS="1770" VPOS="1381" WIDTH="31"/>
        <String ID="PAG_00000064_ST000134" STYLEREFS="TXT_1" HPOS="1801" VPOS="1381" HEIGHT="37" WIDTH="44" WC="1" CONTENT="of"/>
        <SP ID="PAG_00000064_SP000120" HPOS="1845" VPOS="1379" WIDTH="32"/>
        <String ID="PAG_00000064_ST000135" STYLEREFS="TXT_1" HPOS="1877" VPOS="1379" HEIGHT="39" WIDTH="74" WC="1" CONTENT="the"/>
        <SP ID="PAG_00000064_SP000121" HPOS="1951" VPOS="1380" WIDTH="30"/>
        <String ID="PAG_00000064_ST000136" STYLEREFS="TXT_1" HPOS="1981" VPOS="1380" HEIGHT="38" WIDTH="115" WC="1" CONTENT="teeth"/>
      </TextLine>
      <TextLine ID="PAG_00000064_TL000016" STYLEREFS="TXT_1" HPOS="462" VPOS="1448" HEIGHT="49" WIDTH="319">
        <String ID="PAG_00000064_ST000137" STYLEREFS="TXT_1" HPOS="462" VPOS="1449" HEIGHT="37" WIDTH="44" WC="1" CONTENT="of"/>
        <SP ID="PAG_00000064_SP000122" HPOS="506" VPOS="1448" WIDTH="26"/>
        <String ID="PAG_00000064_ST000138" STYLEREFS="TXT_1" HPOS="532" VPOS="1448" HEIGHT="39" WIDTH="104" WC="1" CONTENT="both"/>
        <SP ID="PAG_00000064_SP000123" HPOS="636" VPOS="1449" WIDTH="29"/>
        <String ID="PAG_00000064_ST000139" STYLEREFS="TXT_1" HPOS="665" VPOS="1449" HEIGHT="48" WIDTH="116" WC="1" CONTENT="jaws."/>
      </TextLine>
    </TextBlock>
    <TextBlock ID="PAG_00000064_TB000007" STYLEREFS="TXT_1" HPOS="461" VPOS="1506" HEIGHT="186" WIDTH="1640" language="en">
      <TextLine ID="PAG_00000064_TL000017" STYLEREFS="TXT_1" HPOS="542" VPOS="1506" HEIGHT="57" WIDTH="1556">
        <String ID="PAG_00000064_ST000140" STYLEREFS="TXT_1" HPOS="542" VPOS="1512" HEIGHT="38" WIDTH="60" WC="1" CONTENT="To"/>
        <SP ID="PAG_00000064_SP000124" HPOS="602" VPOS="1512" WIDTH="33"/>
        <String ID="PAG_00000064_ST000141" STYLEREFS="TXT_1" HPOS="635" VPOS="1512" HEIGHT="38" WIDTH="72" WC="1" CONTENT="the"/>
        <SP ID="PAG_00000064_SP000125" HPOS="707" VPOS="1523" WIDTH="29"/>
        <String ID="PAG_00000064_ST000142" STYLEREFS="TXT_1" HPOS="736" VPOS="1523" HEIGHT="40" WIDTH="136" WC="1" CONTENT="upper"/>
        <SP ID="PAG_00000064_SP000126" HPOS="872" VPOS="1511" WIDTH="28"/>
        <String ID="PAG_00000064_ST000143" STYLEREFS="TXT_1" HPOS="900" VPOS="1511" HEIGHT="49" WIDTH="95" WC="1" CONTENT="jaw,"/>
        <SP ID="PAG_00000064_SP000127" HPOS="995" VPOS="1524" WIDTH="23"/>
        <String ID="PAG_00000064_ST000144" STYLEREFS="TXT_1" HPOS="1018" VPOS="1524" HEIGHT="26" WIDTH="26" WC="1" CONTENT="a"/>
        <SP ID="PAG_00000064_SP000128" HPOS="1044" VPOS="1511" WIDTH="20"/>
        <String ID="PAG_00000064_ST000145" STYLEREFS="TXT_1" HPOS="1064" VPOS="1511" HEIGHT="40" WIDTH="184" WC="1" CONTENT="German"/>
        <SP ID="PAG_00000064_SP000129" HPOS="1248" VPOS="1509" WIDTH="32"/>
        <String ID="PAG_00000064_ST000146" STYLEREFS="TXT_1" HPOS="1280" VPOS="1509" HEIGHT="40" WIDTH="128" WC="1" CONTENT="silver"/>
        <SP ID="PAG_00000064_SP000130" HPOS="1408" VPOS="1511" WIDTH="36"/>
        <String ID="PAG_00000064_ST000147" STYLEREFS="TXT_1" HPOS="1444" VPOS="1511" HEIGHT="50" WIDTH="165" WC="1" CONTENT="swaged"/>
        <SP ID="PAG_00000064_SP000131" HPOS="1609" VPOS="1510" WIDTH="30"/>
        <String ID="PAG_00000064_ST000148" STYLEREFS="TXT_1" HPOS="1639" VPOS="1510" HEIGHT="51" WIDTH="118" WC="1" CONTENT="piece"/>
        <SP ID="PAG_00000064_SP000132" HPOS="1757" VPOS="1507" WIDTH="29"/>
        <String ID="PAG_00000064_ST000149" STYLEREFS="TXT_1" HPOS="1786" VPOS="1507" HEIGHT="40" WIDTH="36" WC="1" CONTENT="is"/>
        <SP ID="PAG_00000064_SP000133" HPOS="1822" VPOS="1506" WIDTH="31"/>
        <String ID="PAG_00000064_ST000150" STYLEREFS="TXT_1" HPOS="1853" VPOS="1506" HEIGHT="54" WIDTH="169" WC="1" CONTENT="applied"/>
        <SP ID="PAG_00000064_SP000134" HPOS="2022" VPOS="1511" WIDTH="32"/>
        <String ID="PAG_00000064_ST000151" STYLEREFS="TXT_1" HPOS="2054" VPOS="1511" HEIGHT="34" WIDTH="44" WC="1" CONTENT="to"/>
      </TextLine>
      <TextLine ID="PAG_00000064_TL000018" STYLEREFS="TXT_1" HPOS="461" VPOS="1572" HEIGHT="54" WIDTH="1640">
        <String ID="PAG_00000064_ST000152" STYLEREFS="TXT_1" HPOS="461" VPOS="1587" HEIGHT="28" WIDTH="126" WC="1" CONTENT="cover"/>
        <SP ID="PAG_00000064_SP000135" HPOS="587" VPOS="1576" WIDTH="18"/>
        <String ID="PAG_00000064_ST000153" STYLEREFS="TXT_1" HPOS="605" VPOS="1576" HEIGHT="39" WIDTH="72" WC="1" CONTENT="the"/>
        <SP ID="PAG_00000064_SP000136" HPOS="677" VPOS="1578" WIDTH="20"/>
        <String ID="PAG_00000064_ST000154" STYLEREFS="TXT_1" HPOS="697" VPOS="1578" HEIGHT="38" WIDTH="183" WC="1" CONTENT="surfaces"/>
        <SP ID="PAG_00000064_SP000137" HPOS="880" VPOS="1578" WIDTH="20"/>
        <String ID="PAG_00000064_ST000155" STYLEREFS="TXT_1" HPOS="900" VPOS="1578" HEIGHT="36" WIDTH="43" WC="1" CONTENT="of"/>
        <SP ID="PAG_00000064_SP000138" HPOS="943" VPOS="1576" WIDTH="22"/>
        <String ID="PAG_00000064_ST000156" STYLEREFS="TXT_1" HPOS="965" VPOS="1576" HEIGHT="39" WIDTH="72" WC="1" CONTENT="the"/>
        <SP ID="PAG_00000064_SP000139" HPOS="1037" VPOS="1577" WIDTH="20"/>
        <String ID="PAG_00000064_ST000157" STYLEREFS="TXT_1" HPOS="1057" VPOS="1577" HEIGHT="39" WIDTH="117" WC="1" CONTENT="teeth"/>
        <SP ID="PAG_00000064_SP000140" HPOS="1174" VPOS="1576" WIDTH="20"/>
        <String ID="PAG_00000064_ST000158" STYLEREFS="TXT_1" HPOS="1194" VPOS="1576" HEIGHT="39" WIDTH="85" WC="1" CONTENT="and"/>
        <SP ID="PAG_00000064_SP000141" HPOS="1279" VPOS="1575" WIDTH="18"/>
        <String ID="PAG_00000064_ST000159" STYLEREFS="TXT_1" HPOS="1297" VPOS="1575" HEIGHT="51" WIDTH="239" WC="1" CONTENT="completed"/>
        <SP ID="PAG_00000064_SP000142" HPOS="1536" VPOS="1574" WIDTH="19"/>
        <String ID="PAG_00000064_ST000160" STYLEREFS="TXT_1" HPOS="1555" VPOS="1574" HEIGHT="41" WIDTH="102" WC="1" CONTENT="with"/>
        <SP ID="PAG_00000064_SP000143" HPOS="1657" VPOS="1572" WIDTH="21"/>
        <String ID="PAG_00000064_ST000161" STYLEREFS="TXT_1" HPOS="1678" VPOS="1572" HEIGHT="42" WIDTH="247" WC="1" CONTENT="vulcanized"/>
        <SP ID="PAG_00000064_SP000144" HPOS="1925" VPOS="1572" WIDTH="22"/>
        <String ID="PAG_00000064_ST000162" STYLEREFS="TXT_1" HPOS="1947" VPOS="1572" HEIGHT="42" WIDTH="154" WC="1" CONTENT="rubber"/>
      </TextLine>
      <TextLine ID="PAG_00000064_TL000019" STYLEREFS="TXT_1" HPOS="463" VPOS="1639" HEIGHT="53" WIDTH="1187">
        <String ID="PAG_00000064_ST000163" STYLEREFS="TXT_1" HPOS="463" VPOS="1645" HEIGHT="34" WIDTH="44" WC="1" CONTENT="to"/>
        <SP ID="PAG_00000064_SP000145" HPOS="507" VPOS="1653" WIDTH="25"/>
        <String ID="PAG_00000064_ST000164" STYLEREFS="TXT_1" HPOS="532" VPOS="1653" HEIGHT="27" WIDTH="125" WC="1" CONTENT="cover"/>
        <SP ID="PAG_00000064_SP000146" HPOS="657" VPOS="1641" WIDTH="24"/>
        <String ID="PAG_00000064_ST000165" STYLEREFS="TXT_1" HPOS="681" VPOS="1641" HEIGHT="38" WIDTH="72" WC="1" CONTENT="the"/>
        <SP ID="PAG_00000064_SP000147" HPOS="753" VPOS="1653" WIDTH="22"/>
        <String ID="PAG_00000064_ST000166" STYLEREFS="TXT_1" HPOS="775" VPOS="1653" HEIGHT="28" WIDTH="173" WC="1" CONTENT="mucosa"/>
        <SP ID="PAG_00000064_SP000148" HPOS="948" VPOS="1642" WIDTH="22"/>
        <String ID="PAG_00000064_ST000167" STYLEREFS="TXT_1" HPOS="970" VPOS="1642" HEIGHT="38" WIDTH="42" WC="1" CONTENT="of"/>
        <SP ID="PAG_00000064_SP000149" HPOS="1012" VPOS="1642" WIDTH="26"/>
        <String ID="PAG_00000064_ST000168" STYLEREFS="TXT_1" HPOS="1038" VPOS="1642" HEIGHT="37" WIDTH="73" WC="1" CONTENT="the"/>
        <SP ID="PAG_00000064_SP000150" HPOS="1111" VPOS="1639" WIDTH="23"/>
        <String ID="PAG_00000064_ST000169" STYLEREFS="TXT_1" HPOS="1134" VPOS="1639" HEIGHT="53" WIDTH="177" WC="1" CONTENT="palatial"/>
        <SP ID="PAG_00000064_SP000151" HPOS="1311" VPOS="1640" WIDTH="22"/>
        <String ID="PAG_00000064_ST000170" STYLEREFS="TXT_1" HPOS="1333" VPOS="1640" HEIGHT="40" WIDTH="121" WC="1" CONTENT="vault"/>
        <SP ID="PAG_00000064_SP000152" HPOS="1454" VPOS="1640" WIDTH="30"/>
        <String ID="PAG_00000064_ST000171" STYLEREFS="TXT_1" HPOS="1484" VPOS="1640" HEIGHT="51" WIDTH="83" WC="0.92" CONTENT="(fig."/>
        <SP ID="PAG_00000064_SP000153" HPOS="1567" VPOS="1639" WIDTH="26"/>
        <String ID="PAG_00000064_ST000172" STYLEREFS="TXT_1" HPOS="1593" VPOS="1639" HEIGHT="51" WIDTH="57" WC="1" CONTENT="2)."/>
      </TextLine>
    </TextBlock>
    <TextBlock ID="PAG_00000064_TB000008" STYLEREFS="TXT_1" HPOS="462" VPOS="1702" HEIGHT="379" WIDTH="1640" language="en">
      <TextLine ID="PAG_00000064_TL000020" STYLEREFS="TXT_1" HPOS="542" VPOS="1702" HEIGHT="54" WIDTH="1560">
        <String ID="PAG_00000064_ST000173" STYLEREFS="TXT_1" HPOS="542" VPOS="1707" HEIGHT="37" WIDTH="60" WC="1" CONTENT="To"/>
        <SP ID="PAG_00000064_SP000154" HPOS="602" VPOS="1706" WIDTH="35"/>
        <String ID="PAG_00000064_ST000174" STYLEREFS="TXT_1" HPOS="637" VPOS="1706" HEIGHT="38" WIDTH="72" WC="1" CONTENT="the"/>
        <SP ID="PAG_00000064_SP000155" HPOS="709" VPOS="1705" WIDTH="34"/>
        <String ID="PAG_00000064_ST000175" STYLEREFS="TXT_1" HPOS="743" VPOS="1705" HEIGHT="39" WIDTH="128" WC="1" CONTENT="lower"/>
        <SP ID="PAG_00000064_SP000156" HPOS="871" VPOS="1706" WIDTH="33"/>
        <String ID="PAG_00000064_ST000176" STYLEREFS="TXT_1" HPOS="904" VPOS="1706" HEIGHT="48" WIDTH="94" WC="1" CONTENT="jaw,"/>
        <SP ID="PAG_00000064_SP000157" HPOS="998" VPOS="1719" WIDTH="32"/>
        <String ID="PAG_00000064_ST000177" STYLEREFS="TXT_1" HPOS="1030" VPOS="1719" HEIGHT="25" WIDTH="25" WC="1" CONTENT="a"/>
        <SP ID="PAG_00000064_SP000158" HPOS="1055" VPOS="1705" WIDTH="34"/>
        <String ID="PAG_00000064_ST000178" STYLEREFS="TXT_1" HPOS="1089" VPOS="1705" HEIGHT="39" WIDTH="183" WC="1" CONTENT="German"/>
        <SP ID="PAG_00000064_SP000159" HPOS="1272" VPOS="1704" WIDTH="35"/>
        <String ID="PAG_00000064_ST000179" STYLEREFS="TXT_1" HPOS="1307" VPOS="1704" HEIGHT="40" WIDTH="125" WC="1" CONTENT="silver"/>
        <SP ID="PAG_00000064_SP000160" HPOS="1432" VPOS="1706" WIDTH="35"/>
        <String ID="PAG_00000064_ST000180" STYLEREFS="TXT_1" HPOS="1467" VPOS="1706" HEIGHT="50" WIDTH="165" WC="1" CONTENT="swaged"/>
        <SP ID="PAG_00000064_SP000161" HPOS="1632" VPOS="1703" WIDTH="30"/>
        <String ID="PAG_00000064_ST000181" STYLEREFS="TXT_1" HPOS="1662" VPOS="1703" HEIGHT="53" WIDTH="130" WC="1" CONTENT="splint"/>
        <SP ID="PAG_00000064_SP000162" HPOS="1792" VPOS="1705" WIDTH="29"/>
        <String ID="PAG_00000064_ST000182" STYLEREFS="TXT_1" HPOS="1821" VPOS="1705" HEIGHT="37" WIDTH="178" WC="1" CONTENT="covered"/>
        <SP ID="PAG_00000064_SP000163" HPOS="1999" VPOS="1702" WIDTH="32"/>
        <String ID="PAG_00000064_ST000183" STYLEREFS="TXT_1" HPOS="2031" VPOS="1702" HEIGHT="38" WIDTH="71" WC="1" CONTENT="the"/>
      </TextLine>
      <TextLine ID="PAG_00000064_TL000021" STYLEREFS="TXT_1" HPOS="464" VPOS="1768" HEIGHT="52" WIDTH="1638">
        <String ID="PAG_00000064_ST000184" STYLEREFS="TXT_1" HPOS="464" VPOS="1772" HEIGHT="38" WIDTH="184" WC="1" CONTENT="surfaces"/>
        <SP ID="PAG_00000064_SP000164" HPOS="648" VPOS="1771" WIDTH="21"/>
        <String ID="PAG_00000064_ST000185" STYLEREFS="TXT_1" HPOS="669" VPOS="1771" HEIGHT="38" WIDTH="43" WC="1" CONTENT="of"/>
        <SP ID="PAG_00000064_SP000165" HPOS="712" VPOS="1771" WIDTH="24"/>
        <String ID="PAG_00000064_ST000186" STYLEREFS="TXT_1" HPOS="736" VPOS="1771" HEIGHT="38" WIDTH="72" WC="1" CONTENT="the"/>
        <SP ID="PAG_00000064_SP000166" HPOS="808" VPOS="1770" WIDTH="26"/>
        <String ID="PAG_00000064_ST000187" STYLEREFS="TXT_1" HPOS="834" VPOS="1770" HEIGHT="39" WIDTH="128" WC="1" CONTENT="teeth."/>
        <SP ID="PAG_00000064_SP000167" HPOS="962" VPOS="1770" WIDTH="86"/>
        <String ID="PAG_00000064_ST000188" STYLEREFS="TXT_1" HPOS="1048" VPOS="1770" HEIGHT="38" WIDTH="40" WC="1" CONTENT="It"/>
        <SP ID="PAG_00000064_SP000168" HPOS="1088" VPOS="1770" WIDTH="27"/>
        <String ID="PAG_00000064_ST000189" STYLEREFS="TXT_1" HPOS="1115" VPOS="1770" HEIGHT="37" WIDTH="35" WC="1" CONTENT="is"/>
        <SP ID="PAG_00000064_SP000169" HPOS="1150" VPOS="1771" WIDTH="25"/>
        <String ID="PAG_00000064_ST000190" STYLEREFS="TXT_1" HPOS="1175" VPOS="1771" HEIGHT="38" WIDTH="220" WC="1" CONTENT="cemented"/>
        <SP ID="PAG_00000064_SP000170" HPOS="1395" VPOS="1774" WIDTH="25"/>
        <String ID="PAG_00000064_ST000191" STYLEREFS="TXT_1" HPOS="1420" VPOS="1774" HEIGHT="35" WIDTH="45" WC="1" CONTENT="to"/>
        <SP ID="PAG_00000064_SP000171" HPOS="1465" VPOS="1770" WIDTH="29"/>
        <String ID="PAG_00000064_ST000192" STYLEREFS="TXT_1" HPOS="1494" VPOS="1770" HEIGHT="39" WIDTH="72" WC="1" CONTENT="the"/>
        <SP ID="PAG_00000064_SP000172" HPOS="1566" VPOS="1773" WIDTH="25"/>
        <String ID="PAG_00000064_ST000193" STYLEREFS="TXT_1" HPOS="1591" VPOS="1773" HEIGHT="47" WIDTH="137" WC="1" CONTENT="gutta,"/>
        <SP ID="PAG_00000064_SP000173" HPOS="1728" VPOS="1768" WIDTH="29"/>
        <String ID="PAG_00000064_ST000194" STYLEREFS="TXT_1" HPOS="1757" VPOS="1768" HEIGHT="41" WIDTH="134" WC="1" CONTENT="which"/>
        <SP ID="PAG_00000064_SP000174" HPOS="1891" VPOS="1768" WIDTH="29"/>
        <String ID="PAG_00000064_ST000195" STYLEREFS="TXT_1" HPOS="1920" VPOS="1768" HEIGHT="40" WIDTH="131" WC="1" CONTENT="forms"/>
        <SP ID="PAG_00000064_SP000175" HPOS="2051" VPOS="1780" WIDTH="27"/>
        <String ID="PAG_00000064_ST000196" STYLEREFS="TXT_1" HPOS="2078" VPOS="1780" HEIGHT="26" WIDTH="24" WC="1" CONTENT="a"/>
      </TextLine>
      <TextLine ID="PAG_00000064_TL000022" STYLEREFS="TXT_1" HPOS="462" VPOS="1832" HEIGHT="55" WIDTH="1637">
        <String ID="PAG_00000064_ST000197" STYLEREFS="TXT_1" HPOS="462" VPOS="1834" HEIGHT="40" WIDTH="176" WC="1" CONTENT="cushion"/>
        <SP ID="PAG_00000064_SP000176" HPOS="638" VPOS="1848" WIDTH="27"/>
        <String ID="PAG_00000064_ST000198" STYLEREFS="TXT_1" HPOS="665" VPOS="1848" HEIGHT="25" WIDTH="55" WC="1" CONTENT="on"/>
        <SP ID="PAG_00000064_SP000177" HPOS="720" VPOS="1835" WIDTH="27"/>
        <String ID="PAG_00000064_ST000199" STYLEREFS="TXT_1" HPOS="747" VPOS="1835" HEIGHT="39" WIDTH="71" WC="1" CONTENT="the"/>
        <SP ID="PAG_00000064_SP000178" HPOS="818" VPOS="1835" WIDTH="25"/>
        <String ID="PAG_00000064_ST000200" STYLEREFS="TXT_1" HPOS="843" VPOS="1835" HEIGHT="38" WIDTH="113" WC="1" CONTENT="front"/>
        <SP ID="PAG_00000064_SP000179" HPOS="956" VPOS="1836" WIDTH="24"/>
        <String ID="PAG_00000064_ST000201" STYLEREFS="TXT_1" HPOS="980" VPOS="1836" HEIGHT="38" WIDTH="115" WC="1" CONTENT="teeth"/>
        <SP ID="PAG_00000064_SP000180" HPOS="1095" VPOS="1834" WIDTH="23"/>
        <String ID="PAG_00000064_ST000202" STYLEREFS="TXT_1" HPOS="1118" VPOS="1834" HEIGHT="52" WIDTH="149" WC="1" CONTENT="(which"/>
        <SP ID="PAG_00000064_SP000181" HPOS="1267" VPOS="1846" WIDTH="17"/>
        <String ID="PAG_00000064_ST000203" STYLEREFS="TXT_1" HPOS="1284" VPOS="1846" HEIGHT="28" WIDTH="107" WC="1" CONTENT="were"/>
        <SP ID="PAG_00000064_SP000182" HPOS="1391" VPOS="1834" WIDTH="15"/>
        <String ID="PAG_00000064_ST000204" STYLEREFS="TXT_1" HPOS="1406" VPOS="1834" HEIGHT="53" WIDTH="166" WC="1" CONTENT="painful"/>
        <SP ID="PAG_00000064_SP000183" HPOS="1572" VPOS="1834" WIDTH="16"/>
        <String ID="PAG_00000064_ST000205" STYLEREFS="TXT_1" HPOS="1588" VPOS="1834" HEIGHT="52" WIDTH="137" WC="1" CONTENT="owing"/>
        <SP ID="PAG_00000064_SP000184" HPOS="1725" VPOS="1838" WIDTH="18"/>
        <String ID="PAG_00000064_ST000206" STYLEREFS="TXT_1" HPOS="1743" VPOS="1838" HEIGHT="35" WIDTH="45" WC="1" CONTENT="to"/>
        <SP ID="PAG_00000064_SP000185" HPOS="1788" VPOS="1835" WIDTH="19"/>
        <String ID="PAG_00000064_ST000207" STYLEREFS="TXT_1" HPOS="1807" VPOS="1835" HEIGHT="38" WIDTH="73" WC="1" CONTENT="the"/>
        <SP ID="PAG_00000064_SP000186" HPOS="1880" VPOS="1832" WIDTH="17"/>
        <String ID="PAG_00000064_ST000208" STYLEREFS="TXT_1" HPOS="1897" VPOS="1832" HEIGHT="54" WIDTH="202" WC="1" CONTENT="applying"/>
      </TextLine>
      <TextLine ID="PAG_00000064_TL000023" STYLEREFS="TXT_1" HPOS="462" VPOS="1899" HEIGHT="54" WIDTH="1635">
        <String ID="PAG_00000064_ST000209" STYLEREFS="TXT_1" HPOS="462" VPOS="1901" HEIGHT="37" WIDTH="44" WC="1" CONTENT="of"/>
        <SP ID="PAG_00000064_SP000187" HPOS="506" VPOS="1899" WIDTH="18"/>
        <String ID="PAG_00000064_ST000210" STYLEREFS="TXT_1" HPOS="524" VPOS="1899" HEIGHT="40" WIDTH="170" WC="1" CONTENT="various"/>
        <SP ID="PAG_00000064_SP000188" HPOS="694" VPOS="1899" WIDTH="28"/>
        <String ID="PAG_00000064_ST000211" STYLEREFS="TXT_1" HPOS="722" VPOS="1899" HEIGHT="52" WIDTH="198" WC="1" CONTENT="devices),"/>
        <SP ID="PAG_00000064_SP000189" HPOS="920" VPOS="1899" WIDTH="34"/>
        <String ID="PAG_00000064_ST000212" STYLEREFS="TXT_1" HPOS="954" VPOS="1899" HEIGHT="51" WIDTH="148" WC="1" CONTENT="taking"/>
        <SP ID="PAG_00000064_SP000190" HPOS="1102" VPOS="1899" WIDTH="30"/>
        <String ID="PAG_00000064_ST000213" STYLEREFS="TXT_1" HPOS="1132" VPOS="1899" HEIGHT="41" WIDTH="110" WC="1" CONTENT="their"/>
        <SP ID="PAG_00000064_SP000191" HPOS="1242" VPOS="1899" WIDTH="29"/>
        <String ID="PAG_00000064_ST000214" STYLEREFS="TXT_1" HPOS="1271" VPOS="1899" HEIGHT="53" WIDTH="252" WC="1" CONTENT="supporting"/>
        <SP ID="PAG_00000064_SP000192" HPOS="1523" VPOS="1899" WIDTH="29"/>
        <String ID="PAG_00000064_ST000215" STYLEREFS="TXT_1" HPOS="1552" VPOS="1899" HEIGHT="54" WIDTH="121" WC="1" CONTENT="point"/>
        <SP ID="PAG_00000064_SP000193" HPOS="1673" VPOS="1899" WIDTH="27"/>
        <String ID="PAG_00000064_ST000216" STYLEREFS="TXT_1" HPOS="1700" VPOS="1899" HEIGHT="52" WIDTH="258" WC="1" CONTENT="exclusively"/>
        <SP ID="PAG_00000064_SP000194" HPOS="1958" VPOS="1900" WIDTH="34"/>
        <String ID="PAG_00000064_ST000217" STYLEREFS="TXT_1" HPOS="1992" VPOS="1900" HEIGHT="38" WIDTH="105" WC="1" CONTENT="from"/>
      </TextLine>
      <TextLine ID="PAG_00000064_TL000024" STYLEREFS="TXT_1" HPOS="462" VPOS="1963" HEIGHT="53" WIDTH="1635">
        <String ID="PAG_00000064_ST000218" STYLEREFS="TXT_1" HPOS="462" VPOS="1965" HEIGHT="40" WIDTH="129" WC="1" CONTENT="them."/>
        <SP ID="PAG_00000064_SP000195" HPOS="591" VPOS="1966" WIDTH="85"/>
        <String ID="PAG_00000064_ST000219" STYLEREFS="TXT_1" HPOS="676" VPOS="1966" HEIGHT="38" WIDTH="66" WC="1" CONTENT="On"/>
        <SP ID="PAG_00000064_SP000196" HPOS="742" VPOS="1967" WIDTH="22"/>
        <String ID="PAG_00000064_ST000220" STYLEREFS="TXT_1" HPOS="764" VPOS="1967" HEIGHT="38" WIDTH="102" WC="1" CONTENT="each"/>
        <SP ID="PAG_00000064_SP000197" HPOS="866" VPOS="1964" WIDTH="22"/>
        <String ID="PAG_00000064_ST000221" STYLEREFS="TXT_1" HPOS="888" VPOS="1964" HEIGHT="40" WIDTH="88" WC="1" CONTENT="side"/>
        <SP ID="PAG_00000064_SP000198" HPOS="976" VPOS="1967" WIDTH="18"/>
        <String ID="PAG_00000064_ST000222" STYLEREFS="TXT_1" HPOS="994" VPOS="1967" HEIGHT="37" WIDTH="42" WC="1" CONTENT="of"/>
        <SP ID="PAG_00000064_SP000199" HPOS="1036" VPOS="1966" WIDTH="24"/>
        <String ID="PAG_00000064_ST000223" STYLEREFS="TXT_1" HPOS="1060" VPOS="1966" HEIGHT="38" WIDTH="118" WC="1" CONTENT="these"/>
        <SP ID="PAG_00000064_SP000200" HPOS="1178" VPOS="1964" WIDTH="21"/>
        <String ID="PAG_00000064_ST000224" STYLEREFS="TXT_1" HPOS="1199" VPOS="1964" HEIGHT="52" WIDTH="164" WC="1" CONTENT="splints,"/>
        <SP ID="PAG_00000064_SP000201" HPOS="1363" VPOS="1970" WIDTH="24"/>
        <String ID="PAG_00000064_ST000225" STYLEREFS="TXT_1" HPOS="1387" VPOS="1970" HEIGHT="34" WIDTH="44" WC="1" CONTENT="at"/>
        <SP ID="PAG_00000064_SP000202" HPOS="1431" VPOS="1966" WIDTH="32"/>
        <String ID="PAG_00000064_ST000226" STYLEREFS="TXT_1" HPOS="1463" VPOS="1966" HEIGHT="38" WIDTH="73" WC="1" CONTENT="the"/>
        <SP ID="PAG_00000064_SP000203" HPOS="1536" VPOS="1965" WIDTH="26"/>
        <String ID="PAG_00000064_ST000227" STYLEREFS="TXT_1" HPOS="1562" VPOS="1965" HEIGHT="40" WIDTH="107" WC="1" CONTENT="level"/>
        <SP ID="PAG_00000064_SP000204" HPOS="1669" VPOS="1967" WIDTH="25"/>
        <String ID="PAG_00000064_ST000228" STYLEREFS="TXT_1" HPOS="1694" VPOS="1967" HEIGHT="37" WIDTH="42" WC="1" CONTENT="of"/>
        <SP ID="PAG_00000064_SP000205" HPOS="1736" VPOS="1966" WIDTH="28"/>
        <String ID="PAG_00000064_ST000229" STYLEREFS="TXT_1" HPOS="1764" VPOS="1966" HEIGHT="38" WIDTH="74" WC="1" CONTENT="the"/>
        <SP ID="PAG_00000064_SP000206" HPOS="1838" VPOS="1963" WIDTH="18"/>
        <String ID="PAG_00000064_ST000230" STYLEREFS="TXT_1" HPOS="1856" VPOS="1963" HEIGHT="53" WIDTH="241" WC="1" CONTENT="premolars,"/>
      </TextLine>
      <TextLine ID="PAG_00000064_TL000025" STYLEREFS="TXT_1" HPOS="462" VPOS="2028" HEIGHT="53" WIDTH="1489">
        <String ID="PAG_00000064_ST000231" STYLEREFS="TXT_1" HPOS="462" VPOS="2031" HEIGHT="38" WIDTH="19" WC="1" CONTENT="I"/>
        <SP ID="PAG_00000064_SP000207" HPOS="481" VPOS="2031" WIDTH="22"/>
        <String ID="PAG_00000064_ST000232" STYLEREFS="TXT_1" HPOS="503" VPOS="2031" HEIGHT="39" WIDTH="109" WC="1" CONTENT="have"/>
        <SP ID="PAG_00000064_SP000208" HPOS="612" VPOS="2029" WIDTH="27"/>
        <String ID="PAG_00000064_ST000233" STYLEREFS="TXT_1" HPOS="639" VPOS="2029" HEIGHT="41" WIDTH="85" WC="1" CONTENT="had"/>
        <SP ID="PAG_00000064_SP000209" HPOS="724" VPOS="2028" WIDTH="30"/>
        <String ID="PAG_00000064_ST000234" STYLEREFS="TXT_1" HPOS="754" VPOS="2028" HEIGHT="53" WIDTH="149" WC="1" CONTENT="placed"/>
        <SP ID="PAG_00000064_SP000210" HPOS="903" VPOS="2033" WIDTH="31"/>
        <String ID="PAG_00000064_ST000235" STYLEREFS="TXT_1" HPOS="934" VPOS="2033" HEIGHT="35" WIDTH="84" WC="1" CONTENT="two"/>
        <SP ID="PAG_00000064_SP000211" HPOS="1018" VPOS="2029" WIDTH="31"/>
        <String ID="PAG_00000064_ST000236" STYLEREFS="TXT_1" HPOS="1049" VPOS="2029" HEIGHT="40" WIDTH="188" WC="1" CONTENT="inverted"/>
        <SP ID="PAG_00000064_SP000212" HPOS="1237" VPOS="2030" WIDTH="35"/>
        <String ID="PAG_00000064_ST000237" STYLEREFS="TXT_1" HPOS="1272" VPOS="2030" HEIGHT="40" WIDTH="226" WC="1" CONTENT="standards"/>
        <SP ID="PAG_00000064_SP000213" HPOS="1498" VPOS="2031" WIDTH="30"/>
        <String ID="PAG_00000064_ST000238" STYLEREFS="TXT_1" HPOS="1528" VPOS="2031" HEIGHT="38" WIDTH="44" WC="1" CONTENT="of"/>
        <SP ID="PAG_00000064_SP000214" HPOS="1572" VPOS="2030" WIDTH="27"/>
        <String ID="PAG_00000064_ST000239" STYLEREFS="TXT_1" HPOS="1599" VPOS="2030" HEIGHT="41" WIDTH="185" WC="1" CONTENT="German"/>
        <SP ID="PAG_00000064_SP000215" HPOS="1784" VPOS="2028" WIDTH="31"/>
        <String ID="PAG_00000064_ST000240" STYLEREFS="TXT_1" HPOS="1815" VPOS="2028" HEIGHT="40" WIDTH="136" WC="1" CONTENT="silver."/>
      </TextLine>
    </TextBlock>
    <TextBlock ID="PAG_00000064_TB000009" STYLEREFS="TXT_1" HPOS="463" VPOS="2094" HEIGHT="185" WIDTH="1639" language="en">
      <TextLine ID="PAG_00000064_TL000026" STYLEREFS="TXT_1" HPOS="541" VPOS="2094" HEIGHT="54" WIDTH="1560">
        <String ID="PAG_00000064_ST000241" STYLEREFS="TXT_1" HPOS="541" VPOS="2094" HEIGHT="41" WIDTH="213" WC="1" CONTENT="Standard"/>
        <SP ID="PAG_00000064_SP000216" HPOS="754" VPOS="2096" WIDTH="19"/>
        <String ID="PAG_00000064_ST000242" STYLEREFS="TXT_1" HPOS="773" VPOS="2096" HEIGHT="38" WIDTH="37" WC="1" CONTENT="A"/>
        <SP ID="PAG_00000064_SP000217" HPOS="810" VPOS="2095" WIDTH="19"/>
        <String ID="PAG_00000064_ST000243" STYLEREFS="TXT_1" HPOS="829" VPOS="2095" HEIGHT="38" WIDTH="45" WC="1" CONTENT="of"/>
        <SP ID="PAG_00000064_SP000218" HPOS="874" VPOS="2095" WIDTH="19"/>
        <String ID="PAG_00000064_ST000244" STYLEREFS="TXT_1" HPOS="893" VPOS="2095" HEIGHT="41" WIDTH="73" WC="1" CONTENT="the"/>
        <SP ID="PAG_00000064_SP000219" HPOS="966" VPOS="2094" WIDTH="19"/>
        <String ID="PAG_00000064_ST000245" STYLEREFS="TXT_1" HPOS="985" VPOS="2094" HEIGHT="42" WIDTH="126" WC="1" CONTENT="lower"/>
        <SP ID="PAG_00000064_SP000220" HPOS="1111" VPOS="2094" WIDTH="19"/>
        <String ID="PAG_00000064_ST000246" STYLEREFS="TXT_1" HPOS="1130" VPOS="2094" HEIGHT="54" WIDTH="130" WC="1" CONTENT="splint"/>
        <SP ID="PAG_00000064_SP000221" HPOS="1260" VPOS="2095" WIDTH="22"/>
        <String ID="PAG_00000064_ST000247" STYLEREFS="TXT_1" HPOS="1282" VPOS="2095" HEIGHT="38" WIDTH="18" WC="1" CONTENT="I"/>
        <SP ID="PAG_00000064_SP000222" HPOS="1300" VPOS="2108" WIDTH="21"/>
        <String ID="PAG_00000064_ST000248" STYLEREFS="TXT_1" HPOS="1321" VPOS="2108" HEIGHT="27" WIDTH="139" WC="1" CONTENT="comes"/>
        <SP ID="PAG_00000064_SP000223" HPOS="1460" VPOS="2095" WIDTH="21"/>
        <String ID="PAG_00000064_ST000249" STYLEREFS="TXT_1" HPOS="1481" VPOS="2095" HEIGHT="40" WIDTH="123" WC="1" CONTENT="down"/>
        <SP ID="PAG_00000064_SP000224" HPOS="1604" VPOS="2096" WIDTH="21"/>
        <String ID="PAG_00000064_ST000250" STYLEREFS="TXT_1" HPOS="1625" VPOS="2096" HEIGHT="39" WIDTH="89" WC="1" CONTENT="first"/>
        <SP ID="PAG_00000064_SP000225" HPOS="1714" VPOS="2094" WIDTH="20"/>
        <String ID="PAG_00000064_ST000251" STYLEREFS="TXT_1" HPOS="1734" VPOS="2094" HEIGHT="51" WIDTH="224" WC="1" CONTENT="vertically"/>
        <SP ID="PAG_00000064_SP000226" HPOS="1958" VPOS="2094" WIDTH="18"/>
        <String ID="PAG_00000064_ST000252" STYLEREFS="TXT_1" HPOS="1976" VPOS="2094" HEIGHT="50" WIDTH="125" WC="1" CONTENT="along"/>
      </TextLine>
      <TextLine ID="PAG_00000064_TL000027" STYLEREFS="TXT_1" HPOS="464" VPOS="2159" HEIGHT="54" WIDTH="1638">
        <String ID="PAG_00000064_ST000253" STYLEREFS="TXT_1" HPOS="464" VPOS="2162" HEIGHT="39" WIDTH="70" WC="1" CONTENT="the"/>
        <SP ID="PAG_00000064_SP000227" HPOS="534" VPOS="2174" WIDTH="16"/>
        <String ID="PAG_00000064_ST000254" STYLEREFS="TXT_1" HPOS="550" VPOS="2174" HEIGHT="39" WIDTH="112" WC="1" CONTENT="gum,"/>
        <SP ID="PAG_00000064_SP000228" HPOS="662" VPOS="2161" WIDTH="22"/>
        <String ID="PAG_00000064_ST000255" STYLEREFS="TXT_1" HPOS="684" VPOS="2161" HEIGHT="39" WIDTH="101" WC="1" CONTENT="then"/>
        <SP ID="PAG_00000064_SP000229" HPOS="785" VPOS="2159" WIDTH="18"/>
        <String ID="PAG_00000064_ST000256" STYLEREFS="TXT_1" HPOS="803" VPOS="2159" HEIGHT="40" WIDTH="33" WC="1" CONTENT="it"/>
        <SP ID="PAG_00000064_SP000230" HPOS="836" VPOS="2161" WIDTH="19"/>
        <String ID="PAG_00000064_ST000257" STYLEREFS="TXT_1" HPOS="855" VPOS="2161" HEIGHT="40" WIDTH="120" WC="1" CONTENT="takes"/>
        <SP ID="PAG_00000064_SP000231" HPOS="975" VPOS="2174" WIDTH="18"/>
        <String ID="PAG_00000064_ST000258" STYLEREFS="TXT_1" HPOS="993" VPOS="2174" HEIGHT="26" WIDTH="24" WC="1" CONTENT="a"/>
        <SP ID="PAG_00000064_SP000232" HPOS="1017" VPOS="2173" WIDTH="17"/>
        <String ID="PAG_00000064_ST000259" STYLEREFS="TXT_1" HPOS="1034" VPOS="2173" HEIGHT="29" WIDTH="129" WC="1" CONTENT="curve"/>
        <SP ID="PAG_00000064_SP000233" HPOS="1163" VPOS="2165" WIDTH="17"/>
        <String ID="PAG_00000064_ST000260" STYLEREFS="TXT_1" HPOS="1180" VPOS="2165" HEIGHT="35" WIDTH="45" WC="1" CONTENT="to"/>
        <SP ID="PAG_00000064_SP000234" HPOS="1225" VPOS="2161" WIDTH="19"/>
        <String ID="PAG_00000064_ST000261" STYLEREFS="TXT_1" HPOS="1244" VPOS="2161" HEIGHT="40" WIDTH="122" WC="1" CONTENT="allow"/>
        <SP ID="PAG_00000064_SP000235" HPOS="1366" VPOS="2160" WIDTH="16"/>
        <String ID="PAG_00000064_ST000262" STYLEREFS="TXT_1" HPOS="1382" VPOS="2160" HEIGHT="41" WIDTH="33" WC="1" CONTENT="it"/>
        <SP ID="PAG_00000064_SP000236" HPOS="1415" VPOS="2165" WIDTH="22"/>
        <String ID="PAG_00000064_ST000263" STYLEREFS="TXT_1" HPOS="1437" VPOS="2165" HEIGHT="35" WIDTH="45" WC="1" CONTENT="to"/>
        <SP ID="PAG_00000064_SP000237" HPOS="1482" VPOS="2162" WIDTH="21"/>
        <String ID="PAG_00000064_ST000264" STYLEREFS="TXT_1" HPOS="1503" VPOS="2162" HEIGHT="40" WIDTH="155" WC="1" CONTENT="ascend"/>
        <SP ID="PAG_00000064_SP000238" HPOS="1658" VPOS="2175" WIDTH="17"/>
        <String ID="PAG_00000064_ST000265" STYLEREFS="TXT_1" HPOS="1675" VPOS="2175" HEIGHT="25" WIDTH="46" WC="1" CONTENT="as"/>
        <SP ID="PAG_00000064_SP000239" HPOS="1721" VPOS="2160" WIDTH="17"/>
        <String ID="PAG_00000064_ST000266" STYLEREFS="TXT_1" HPOS="1738" VPOS="2160" HEIGHT="52" WIDTH="98" WC="1" CONTENT="high"/>
        <SP ID="PAG_00000064_SP000240" HPOS="1836" VPOS="2173" WIDTH="19"/>
        <String ID="PAG_00000064_ST000267" STYLEREFS="TXT_1" HPOS="1855" VPOS="2173" HEIGHT="27" WIDTH="47" WC="1" CONTENT="as"/>
        <SP ID="PAG_00000064_SP000241" HPOS="1902" VPOS="2159" WIDTH="17"/>
        <String ID="PAG_00000064_ST000268" STYLEREFS="TXT_1" HPOS="1919" VPOS="2159" HEIGHT="54" WIDTH="183" WC="1" CONTENT="possible"/>
      </TextLine>
      <TextLine ID="PAG_00000064_TL000028" STYLEREFS="TXT_1" HPOS="463" VPOS="2225" HEIGHT="54" WIDTH="1577">
        <String ID="PAG_00000064_ST000269" STYLEREFS="TXT_1" HPOS="463" VPOS="2225" HEIGHT="40" WIDTH="38" WC="1" CONTENT="in"/>
        <SP ID="PAG_00000064_SP000242" HPOS="501" VPOS="2227" WIDTH="24"/>
        <String ID="PAG_00000064_ST000270" STYLEREFS="TXT_1" HPOS="525" VPOS="2227" HEIGHT="39" WIDTH="71" WC="1" CONTENT="the"/>
        <SP ID="PAG_00000064_SP000243" HPOS="596" VPOS="2225" WIDTH="20"/>
        <String ID="PAG_00000064_ST000271" STYLEREFS="TXT_1" HPOS="616" VPOS="2225" HEIGHT="41" WIDTH="148" WC="1" CONTENT="buccal"/>
        <SP ID="PAG_00000064_SP000244" HPOS="764" VPOS="2225" WIDTH="18"/>
        <String ID="PAG_00000064_ST000272" STYLEREFS="TXT_1" HPOS="782" VPOS="2225" HEIGHT="40" WIDTH="209" WC="1" CONTENT="vestibule"/>
        <SP ID="PAG_00000064_SP000245" HPOS="991" VPOS="2227" WIDTH="19"/>
        <String ID="PAG_00000064_ST000273" STYLEREFS="TXT_1" HPOS="1010" VPOS="2227" HEIGHT="39" WIDTH="44" WC="1" CONTENT="of"/>
        <SP ID="PAG_00000064_SP000246" HPOS="1054" VPOS="2228" WIDTH="20"/>
        <String ID="PAG_00000064_ST000274" STYLEREFS="TXT_1" HPOS="1074" VPOS="2228" HEIGHT="39" WIDTH="69" WC="1" CONTENT="the"/>
        <SP ID="PAG_00000064_SP000247" HPOS="1143" VPOS="2237" WIDTH="21"/>
        <String ID="PAG_00000064_ST000275" STYLEREFS="TXT_1" HPOS="1164" VPOS="2237" HEIGHT="42" WIDTH="134" WC="1" CONTENT="upper"/>
        <SP ID="PAG_00000064_SP000248" HPOS="1298" VPOS="2226" WIDTH="18"/>
        <String ID="PAG_00000064_ST000276" STYLEREFS="TXT_1" HPOS="1316" VPOS="2226" HEIGHT="50" WIDTH="94" WC="1" CONTENT="jaw,"/>
        <SP ID="PAG_00000064_SP000249" HPOS="1410" VPOS="2227" WIDTH="23"/>
        <String ID="PAG_00000064_ST000277" STYLEREFS="TXT_1" HPOS="1433" VPOS="2227" HEIGHT="39" WIDTH="136" WC="1" CONTENT="where"/>
        <SP ID="PAG_00000064_SP000250" HPOS="1569" VPOS="2225" WIDTH="18"/>
        <String ID="PAG_00000064_ST000278" STYLEREFS="TXT_1" HPOS="1587" VPOS="2225" HEIGHT="40" WIDTH="33" WC="1" CONTENT="it"/>
        <SP ID="PAG_00000064_SP000251" HPOS="1620" VPOS="2226" WIDTH="22"/>
        <String ID="PAG_00000064_ST000279" STYLEREFS="TXT_1" HPOS="1642" VPOS="2226" HEIGHT="39" WIDTH="102" WC="1" CONTENT="ends"/>
        <SP ID="PAG_00000064_SP000252" HPOS="1744" VPOS="2225" WIDTH="20"/>
        <String ID="PAG_00000064_ST000280" STYLEREFS="TXT_1" HPOS="1764" VPOS="2225" HEIGHT="40" WIDTH="42" WC="1" CONTENT="in"/>
        <SP ID="PAG_00000064_SP000253" HPOS="1806" VPOS="2238" WIDTH="20"/>
        <String ID="PAG_00000064_ST000281" STYLEREFS="TXT_1" HPOS="1826" VPOS="2238" HEIGHT="26" WIDTH="25" WC="1" CONTENT="a"/>
        <SP ID="PAG_00000064_SP000254" HPOS="1851" VPOS="2226" WIDTH="18"/>
        <String ID="PAG_00000064_ST000282" STYLEREFS="TXT_1" HPOS="1869" VPOS="2226" HEIGHT="39" WIDTH="115" WC="1" CONTENT="hook"/>
        <SP ID="PAG_00000064_SP000255" HPOS="1984" VPOS="2237" WIDTH="18"/>
        <String ID="PAG_00000064_ST000283" STYLEREFS="TXT_1" HPOS="2002" VPOS="2237" HEIGHT="26" WIDTH="38" WC="1" CONTENT="a."/>
      </TextLine>
    </TextBlock>
    <TextBlock ID="PAG_00000064_TB000010" STYLEREFS="TXT_1" HPOS="463" VPOS="2290" HEIGHT="185" WIDTH="1638" language="en">
      <TextLine ID="PAG_00000064_TL000029" STYLEREFS="TXT_1" HPOS="544" VPOS="2290" HEIGHT="54" WIDTH="1557">
        <String ID="PAG_00000064_ST000284" STYLEREFS="TXT_1" HPOS="544" VPOS="2292" HEIGHT="40" WIDTH="212" WC="1" CONTENT="Standard"/>
        <SP ID="PAG_00000064_SP000256" HPOS="756" VPOS="2293" WIDTH="26"/>
        <String ID="PAG_00000064_ST000285" STYLEREFS="TXT_1" HPOS="782" VPOS="2293" HEIGHT="38" WIDTH="35" WC="1" CONTENT="B"/>
        <SP ID="PAG_00000064_SP000257" HPOS="817" VPOS="2292" WIDTH="29"/>
        <String ID="PAG_00000064_ST000286" STYLEREFS="TXT_1" HPOS="846" VPOS="2292" HEIGHT="38" WIDTH="34" WC="1" CONTENT="is"/>
        <SP ID="PAG_00000064_SP000258" HPOS="880" VPOS="2293" WIDTH="27"/>
        <String ID="PAG_00000064_ST000287" STYLEREFS="TXT_1" HPOS="907" VPOS="2293" HEIGHT="39" WIDTH="125" WC="1" CONTENT="made"/>
        <SP ID="PAG_00000064_SP000259" HPOS="1032" VPOS="2298" WIDTH="27"/>
        <String ID="PAG_00000064_ST000288" STYLEREFS="TXT_1" HPOS="1059" VPOS="2298" HEIGHT="34" WIDTH="45" WC="1" CONTENT="to"/>
        <SP ID="PAG_00000064_SP000260" HPOS="1104" VPOS="2295" WIDTH="28"/>
        <String ID="PAG_00000064_ST000289" STYLEREFS="TXT_1" HPOS="1132" VPOS="2295" HEIGHT="38" WIDTH="54" WC="1" CONTENT="be"/>
        <SP ID="PAG_00000064_SP000261" HPOS="1186" VPOS="2293" WIDTH="26"/>
        <String ID="PAG_00000064_ST000290" STYLEREFS="TXT_1" HPOS="1212" VPOS="2293" HEIGHT="39" WIDTH="111" WC="1" CONTENT="fixed"/>
        <SP ID="PAG_00000064_SP000262" HPOS="1323" VPOS="2296" WIDTH="29"/>
        <String ID="PAG_00000064_ST000291" STYLEREFS="TXT_1" HPOS="1352" VPOS="2296" HEIGHT="36" WIDTH="44" WC="1" CONTENT="to"/>
        <SP ID="PAG_00000064_SP000263" HPOS="1396" VPOS="2293" WIDTH="30"/>
        <String ID="PAG_00000064_ST000292" STYLEREFS="TXT_1" HPOS="1426" VPOS="2293" HEIGHT="39" WIDTH="73" WC="1" CONTENT="the"/>
        <SP ID="PAG_00000064_SP000264" HPOS="1499" VPOS="2304" WIDTH="26"/>
        <String ID="PAG_00000064_ST000293" STYLEREFS="TXT_1" HPOS="1525" VPOS="2304" HEIGHT="40" WIDTH="135" WC="1" CONTENT="upper"/>
        <SP ID="PAG_00000064_SP000265" HPOS="1660" VPOS="2295" WIDTH="26"/>
        <String ID="PAG_00000064_ST000294" STYLEREFS="TXT_1" HPOS="1686" VPOS="2295" HEIGHT="49" WIDTH="231" WC="1" CONTENT="apparatus"/>
        <SP ID="PAG_00000064_SP000266" HPOS="1917" VPOS="2290" WIDTH="28"/>
        <String ID="PAG_00000064_ST000295" STYLEREFS="TXT_1" HPOS="1945" VPOS="2290" HEIGHT="39" WIDTH="27" WC="1" CONTENT="S"/>
        <SP ID="PAG_00000064_SP000267" HPOS="1972" VPOS="2290" WIDTH="29"/>
        <String ID="PAG_00000064_ST000296" STYLEREFS="TXT_1" HPOS="2001" VPOS="2290" HEIGHT="52" WIDTH="58" WC="1" CONTENT="by"/>
        <SP ID="PAG_00000064_SP000268" HPOS="2059" VPOS="2301" WIDTH="18"/>
        <String ID="PAG_00000064_ST000297" STYLEREFS="TXT_1" HPOS="2077" VPOS="2301" HEIGHT="27" WIDTH="24" WC="1" CONTENT="a"/>
      </TextLine>
      <TextLine ID="PAG_00000064_TL000030" STYLEREFS="TXT_1" HPOS="463" VPOS="2355" HEIGHT="56" WIDTH="1636">
        <String ID="PAG_00000064_ST000298" STYLEREFS="TXT_1" HPOS="463" VPOS="2358" HEIGHT="42" WIDTH="233" WC="1" CONTENT="horizontal"/>
        <SP ID="PAG_00000064_SP000269" HPOS="696" VPOS="2357" WIDTH="25"/>
        <String ID="PAG_00000064_ST000299" STYLEREFS="TXT_1" HPOS="721" VPOS="2357" HEIGHT="40" WIDTH="106" WC="1" CONTENT="lock."/>
        <SP ID="PAG_00000064_SP000270" HPOS="827" VPOS="2358" WIDTH="82"/>
        <String ID="PAG_00000064_ST000300" STYLEREFS="TXT_1" HPOS="909" VPOS="2358" HEIGHT="39" WIDTH="100" WC="1" CONTENT="This"/>
        <SP ID="PAG_00000064_SP000271" HPOS="1009" VPOS="2358" WIDTH="24"/>
        <String ID="PAG_00000064_ST000301" STYLEREFS="TXT_1" HPOS="1033" VPOS="2358" HEIGHT="39" WIDTH="35" WC="1" CONTENT="is"/>
        <SP ID="PAG_00000064_SP000272" HPOS="1068" VPOS="2361" WIDTH="25"/>
        <String ID="PAG_00000064_ST000302" STYLEREFS="TXT_1" HPOS="1093" VPOS="2361" HEIGHT="50" WIDTH="78" WC="1" CONTENT="put"/>
        <SP ID="PAG_00000064_SP000273" HPOS="1171" VPOS="2357" WIDTH="26"/>
        <String ID="PAG_00000064_ST000303" STYLEREFS="TXT_1" HPOS="1197" VPOS="2357" HEIGHT="39" WIDTH="43" WC="1" CONTENT="in"/>
        <SP ID="PAG_00000064_SP000274" HPOS="1240" VPOS="2357" WIDTH="25"/>
        <String ID="PAG_00000064_ST000304" STYLEREFS="TXT_1" HPOS="1265" VPOS="2357" HEIGHT="52" WIDTH="118" WC="1" CONTENT="place"/>
        <SP ID="PAG_00000064_SP000275" HPOS="1383" VPOS="2359" WIDTH="25"/>
        <String ID="PAG_00000064_ST000305" STYLEREFS="TXT_1" HPOS="1408" VPOS="2359" HEIGHT="49" WIDTH="59" WC="1" CONTENT="by"/>
        <SP ID="PAG_00000064_SP000276" HPOS="1467" VPOS="2357" WIDTH="24"/>
        <String ID="PAG_00000064_ST000306" STYLEREFS="TXT_1" HPOS="1491" VPOS="2357" HEIGHT="53" WIDTH="180" WC="1" CONTENT="pushing"/>
        <SP ID="PAG_00000064_SP000277" HPOS="1671" VPOS="2356" WIDTH="25"/>
        <String ID="PAG_00000064_ST000307" STYLEREFS="TXT_1" HPOS="1696" VPOS="2356" HEIGHT="39" WIDTH="32" WC="1" CONTENT="it"/>
        <SP ID="PAG_00000064_SP000278" HPOS="1728" VPOS="2357" WIDTH="27"/>
        <String ID="PAG_00000064_ST000308" STYLEREFS="TXT_1" HPOS="1755" VPOS="2357" HEIGHT="38" WIDTH="109" WC="1" CONTENT="from"/>
        <SP ID="PAG_00000064_SP000279" HPOS="1864" VPOS="2355" WIDTH="26"/>
        <String ID="PAG_00000064_ST000309" STYLEREFS="TXT_1" HPOS="1890" VPOS="2355" HEIGHT="41" WIDTH="73" WC="1" CONTENT="the"/>
        <SP ID="PAG_00000064_SP000280" HPOS="1963" VPOS="2356" WIDTH="25"/>
        <String ID="PAG_00000064_ST000310" STYLEREFS="TXT_1" HPOS="1988" VPOS="2356" HEIGHT="38" WIDTH="111" WC="1" CONTENT="fiont"/>
      </TextLine>
      <TextLine ID="PAG_00000064_TL000031" STYLEREFS="TXT_1" HPOS="463" VPOS="2421" HEIGHT="54" WIDTH="1233">
        <String ID="PAG_00000064_ST000311" STYLEREFS="TXT_1" HPOS="463" VPOS="2430" HEIGHT="35" WIDTH="44" WC="1" CONTENT="to"/>
        <SP ID="PAG_00000064_SP000281" HPOS="507" VPOS="2425" WIDTH="28"/>
        <String ID="PAG_00000064_ST000312" STYLEREFS="TXT_1" HPOS="535" VPOS="2425" HEIGHT="40" WIDTH="42" WC="1" CONTENT="in"/>
        <SP ID="PAG_00000064_SP000282" HPOS="577" VPOS="2436" WIDTH="30"/>
        <String ID="PAG_00000064_ST000313" STYLEREFS="TXT_1" HPOS="607" VPOS="2436" HEIGHT="28" WIDTH="160" WC="1" CONTENT="arrears"/>
        <SP ID="PAG_00000064_SP000283" HPOS="767" VPOS="2422" WIDTH="25"/>
        <String ID="PAG_00000064_ST000314" STYLEREFS="TXT_1" HPOS="792" VPOS="2422" HEIGHT="41" WIDTH="43" WC="1" CONTENT="in"/>
        <SP ID="PAG_00000064_SP000284" HPOS="835" VPOS="2437" WIDTH="27"/>
        <String ID="PAG_00000064_ST000315" STYLEREFS="TXT_1" HPOS="862" VPOS="2437" HEIGHT="26" WIDTH="25" WC="1" CONTENT="a"/>
        <SP ID="PAG_00000064_SP000285" HPOS="887" VPOS="2436" WIDTH="24"/>
        <String ID="PAG_00000064_ST000316" STYLEREFS="TXT_1" HPOS="911" VPOS="2436" HEIGHT="28" WIDTH="97" WC="1" CONTENT="case"/>
        <SP ID="PAG_00000064_SP000286" HPOS="1008" VPOS="2437" WIDTH="28"/>
        <String ID="PAG_00000064_ST000317" STYLEREFS="TXT_1" HPOS="1036" VPOS="2437" HEIGHT="38" WIDTH="23" WC="0.92" CONTENT="g"/>
        <SP ID="PAG_00000064_SP000287" HPOS="1059" VPOS="2423" WIDTH="25"/>
        <String ID="PAG_00000064_ST000318" STYLEREFS="TXT_1" HPOS="1084" VPOS="2423" HEIGHT="40" WIDTH="191" WC="1" CONTENT="soldered"/>
        <SP ID="PAG_00000064_SP000288" HPOS="1275" VPOS="2436" WIDTH="25"/>
        <String ID="PAG_00000064_ST000319" STYLEREFS="TXT_1" HPOS="1300" VPOS="2436" HEIGHT="25" WIDTH="55" WC="1" CONTENT="on"/>
        <SP ID="PAG_00000064_SP000289" HPOS="1355" VPOS="2426" WIDTH="28"/>
        <String ID="PAG_00000064_ST000320" STYLEREFS="TXT_1" HPOS="1383" VPOS="2426" HEIGHT="35" WIDTH="43" WC="1" CONTENT="to"/>
        <SP ID="PAG_00000064_SP000290" HPOS="1426" VPOS="2423" WIDTH="29"/>
        <String ID="PAG_00000064_ST000321" STYLEREFS="TXT_1" HPOS="1455" VPOS="2423" HEIGHT="39" WIDTH="72" WC="1" CONTENT="the"/>
        <SP ID="PAG_00000064_SP000291" HPOS="1527" VPOS="2421" WIDTH="27"/>
        <String ID="PAG_00000064_ST000322" STYLEREFS="TXT_1" HPOS="1554" VPOS="2421" HEIGHT="53" WIDTH="142" WC="1" CONTENT="splint."/>
      </TextLine>
    </TextBlock>
    <TextBlock ID="PAG_00000064_TB000011" STYLEREFS="TXT_1" HPOS="463" VPOS="2482" HEIGHT="177" WIDTH="1636" language="en">
      <TextLine ID="PAG_00000064_TL000032" STYLEREFS="TXT_1" HPOS="544" VPOS="2482" HEIGHT="56" WIDTH="1555">
        <String ID="PAG_00000064_ST000323" STYLEREFS="TXT_1" HPOS="544" VPOS="2488" HEIGHT="40" WIDTH="89" WC="1" CONTENT="The"/>
        <SP ID="PAG_00000064_SP000292" HPOS="633" VPOS="2485" WIDTH="23"/>
        <String ID="PAG_00000064_ST000324" STYLEREFS="TXT_1" HPOS="656" VPOS="2485" HEIGHT="41" WIDTH="176" WC="1" CONTENT="vertical"/>
        <SP ID="PAG_00000064_SP000293" HPOS="832" VPOS="2490" WIDTH="24"/>
        <String ID="PAG_00000064_ST000325" STYLEREFS="TXT_1" HPOS="856" VPOS="2490" HEIGHT="48" WIDTH="97" WC="1" CONTENT="part"/>
        <SP ID="PAG_00000064_SP000294" HPOS="953" VPOS="2487" WIDTH="25"/>
        <String ID="PAG_00000064_ST000326" STYLEREFS="TXT_1" HPOS="978" VPOS="2487" HEIGHT="38" WIDTH="44" WC="1" CONTENT="of"/>
        <SP ID="PAG_00000064_SP000295" HPOS="1022" VPOS="2486" WIDTH="25"/>
        <String ID="PAG_00000064_ST000327" STYLEREFS="TXT_1" HPOS="1047" VPOS="2486" HEIGHT="40" WIDTH="205" WC="1" CONTENT="standard"/>
        <SP ID="PAG_00000064_SP000296" HPOS="1252" VPOS="2486" WIDTH="21"/>
        <String ID="PAG_00000064_ST000328" STYLEREFS="TXT_1" HPOS="1273" VPOS="2486" HEIGHT="44" WIDTH="50" WC="1" CONTENT="B,"/>
        <SP ID="PAG_00000064_SP000297" HPOS="1323" VPOS="2483" WIDTH="27"/>
        <String ID="PAG_00000064_ST000329" STYLEREFS="TXT_1" HPOS="1350" VPOS="2483" HEIGHT="41" WIDTH="136" WC="1" CONTENT="which"/>
        <SP ID="PAG_00000064_SP000298" HPOS="1486" VPOS="2487" WIDTH="27"/>
        <String ID="PAG_00000064_ST000330" STYLEREFS="TXT_1" HPOS="1513" VPOS="2487" HEIGHT="37" WIDTH="102" WC="1" CONTENT="ends"/>
        <SP ID="PAG_00000064_SP000299" HPOS="1615" VPOS="2483" WIDTH="26"/>
        <String ID="PAG_00000064_ST000331" STYLEREFS="TXT_1" HPOS="1641" VPOS="2483" HEIGHT="40" WIDTH="101" WC="1" CONTENT="with"/>
        <SP ID="PAG_00000064_SP000300" HPOS="1742" VPOS="2497" WIDTH="28"/>
        <String ID="PAG_00000064_ST000332" STYLEREFS="TXT_1" HPOS="1770" VPOS="2497" HEIGHT="26" WIDTH="25" WC="1" CONTENT="a"/>
        <SP ID="PAG_00000064_SP000301" HPOS="1795" VPOS="2484" WIDTH="24"/>
        <String ID="PAG_00000064_ST000333" STYLEREFS="TXT_1" HPOS="1819" VPOS="2484" HEIGHT="40" WIDTH="112" WC="1" CONTENT="hook"/>
        <SP ID="PAG_00000064_SP000302" HPOS="1931" VPOS="2482" WIDTH="30"/>
        <String ID="PAG_00000064_ST000334" STYLEREFS="TXT_1" HPOS="1961" VPOS="2482" HEIGHT="46" WIDTH="33" WC="1" CONTENT="b,"/>
        <SP ID="PAG_00000064_SP000303" HPOS="1994" VPOS="2494" WIDTH="26"/>
        <String ID="PAG_00000064_ST000335" STYLEREFS="TXT_1" HPOS="2020" VPOS="2494" HEIGHT="28" WIDTH="79" WC="1" CONTENT="can"/>
      </TextLine>
      <TextLine ID="PAG_00000064_TL000033" STYLEREFS="TXT_1" HPOS="463" VPOS="2546" HEIGHT="60" WIDTH="1636">
        <String ID="PAG_00000064_ST000336" STYLEREFS="TXT_1" HPOS="463" VPOS="2556" HEIGHT="38" WIDTH="52" WC="1" CONTENT="be"/>
        <SP ID="PAG_00000064_SP000304" HPOS="515" VPOS="2553" WIDTH="25"/>
        <String ID="PAG_00000064_ST000337" STYLEREFS="TXT_1" HPOS="540" VPOS="2553" HEIGHT="53" WIDTH="149" WC="1" CONTENT="placed"/>
        <SP ID="PAG_00000064_SP000305" HPOS="689" VPOS="2551" WIDTH="25"/>
        <String ID="PAG_00000064_ST000338" STYLEREFS="TXT_1" HPOS="714" VPOS="2551" HEIGHT="41" WIDTH="42" WC="1" CONTENT="in"/>
        <SP ID="PAG_00000064_SP000306" HPOS="756" VPOS="2552" WIDTH="27"/>
        <String ID="PAG_00000064_ST000339" STYLEREFS="TXT_1" HPOS="783" VPOS="2552" HEIGHT="40" WIDTH="73" WC="1" CONTENT="the"/>
        <SP ID="PAG_00000064_SP000307" HPOS="856" VPOS="2564" WIDTH="26"/>
        <String ID="PAG_00000064_ST000340" STYLEREFS="TXT_1" HPOS="882" VPOS="2564" HEIGHT="41" WIDTH="124" WC="1" CONTENT="space"/>
        <SP ID="PAG_00000064_SP000308" HPOS="1006" VPOS="2550" WIDTH="25"/>
        <String ID="PAG_00000064_ST000341" STYLEREFS="TXT_1" HPOS="1031" VPOS="2550" HEIGHT="53" WIDTH="206" WC="1" CONTENT="provided"/>
        <SP ID="PAG_00000064_SP000309" HPOS="1237" VPOS="2550" WIDTH="18"/>
        <String ID="PAG_00000064_ST000342" STYLEREFS="TXT_1" HPOS="1255" VPOS="2550" HEIGHT="39" WIDTH="64" WC="1" CONTENT="for"/>
        <SP ID="PAG_00000064_SP000310" HPOS="1319" VPOS="2549" WIDTH="16"/>
        <String ID="PAG_00000064_ST000343" STYLEREFS="TXT_1" HPOS="1335" VPOS="2549" HEIGHT="38" WIDTH="34" WC="1" CONTENT="it"/>
        <SP ID="PAG_00000064_SP000311" HPOS="1369" VPOS="2550" WIDTH="26"/>
        <String ID="PAG_00000064_ST000344" STYLEREFS="TXT_1" HPOS="1395" VPOS="2550" HEIGHT="39" WIDTH="189" WC="1" CONTENT="between"/>
        <SP ID="PAG_00000064_SP000312" HPOS="1584" VPOS="2549" WIDTH="28"/>
        <String ID="PAG_00000064_ST000345" STYLEREFS="TXT_1" HPOS="1612" VPOS="2549" HEIGHT="40" WIDTH="73" WC="1" CONTENT="the"/>
        <SP ID="PAG_00000064_SP000313" HPOS="1685" VPOS="2549" WIDTH="25"/>
        <String ID="PAG_00000064_ST000346" STYLEREFS="TXT_1" HPOS="1710" VPOS="2549" HEIGHT="39" WIDTH="124" WC="1" CONTENT="lower"/>
        <SP ID="PAG_00000064_SP000314" HPOS="1834" VPOS="2547" WIDTH="26"/>
        <String ID="PAG_00000064_ST000347" STYLEREFS="TXT_1" HPOS="1860" VPOS="2547" HEIGHT="53" WIDTH="129" WC="1" CONTENT="splint"/>
        <SP ID="PAG_00000064_SP000315" HPOS="1989" VPOS="2546" WIDTH="27"/>
        <String ID="PAG_00000064_ST000348" STYLEREFS="TXT_1" HPOS="2016" VPOS="2546" HEIGHT="41" WIDTH="83" WC="1" CONTENT="and"/>
      </TextLine>
      <TextLine ID="PAG_00000064_TL000034" STYLEREFS="TXT_1" HPOS="466" VPOS="2618" HEIGHT="41" WIDTH="393">
        <String ID="PAG_00000064_ST000349" STYLEREFS="TXT_1" HPOS="466" VPOS="2620" HEIGHT="38" WIDTH="72" WC="1" CONTENT="the"/>
        <SP ID="PAG_00000064_SP000316" HPOS="538" VPOS="2618" WIDTH="33"/>
        <String ID="PAG_00000064_ST000350" STYLEREFS="TXT_1" HPOS="571" VPOS="2618" HEIGHT="41" WIDTH="204" WC="1" CONTENT="standard"/>
        <SP ID="PAG_00000064_SP000317" HPOS="775" VPOS="2618" WIDTH="35"/>
        <String ID="PAG_00000064_ST000351" STYLEREFS="TXT_1" HPOS="810" VPOS="2618" HEIGHT="39" WIDTH="49" WC="1" CONTENT="A."/>
      </TextLine>
    </TextBlock>
    <TextBlock ID="PAG_00000064_TB000012" STYLEREFS="TXT_1" HPOS="466" VPOS="2678" HEIGHT="383" WIDTH="1632" language="en">
      <TextLine ID="PAG_00000064_TL000035" STYLEREFS="TXT_1" HPOS="544" VPOS="2678" HEIGHT="56" WIDTH="1338">
        <String ID="PAG_00000064_ST000352" STYLEREFS="TXT_1" HPOS="544" VPOS="2685" HEIGHT="39" WIDTH="59" WC="1" CONTENT="To"/>
        <SP ID="PAG_00000064_SP000318" HPOS="603" VPOS="2684" WIDTH="24"/>
        <String ID="PAG_00000064_ST000353" STYLEREFS="TXT_1" HPOS="627" VPOS="2684" HEIGHT="50" WIDTH="145" WC="1" CONTENT="adjust"/>
        <SP ID="PAG_00000064_SP000319" HPOS="772" VPOS="2683" WIDTH="25"/>
        <String ID="PAG_00000064_ST000354" STYLEREFS="TXT_1" HPOS="797" VPOS="2683" HEIGHT="40" WIDTH="85" WC="1" CONTENT="this"/>
        <SP ID="PAG_00000064_SP000320" HPOS="882" VPOS="2682" WIDTH="24"/>
        <String ID="PAG_00000064_ST000355" STYLEREFS="TXT_1" HPOS="906" VPOS="2682" HEIGHT="41" WIDTH="146" WC="1" CONTENT="device"/>
        <SP ID="PAG_00000064_SP000321" HPOS="1052" VPOS="2681" WIDTH="24"/>
        <String ID="PAG_00000064_ST000356" STYLEREFS="TXT_1" HPOS="1076" VPOS="2681" HEIGHT="41" WIDTH="43" WC="1" CONTENT="in"/>
        <SP ID="PAG_00000064_SP000322" HPOS="1119" VPOS="2681" WIDTH="25"/>
        <String ID="PAG_00000064_ST000357" STYLEREFS="TXT_1" HPOS="1144" VPOS="2681" HEIGHT="39" WIDTH="72" WC="1" CONTENT="the"/>
        <SP ID="PAG_00000064_SP000323" HPOS="1216" VPOS="2681" WIDTH="22"/>
        <String ID="PAG_00000064_ST000358" STYLEREFS="TXT_1" HPOS="1238" VPOS="2681" HEIGHT="44" WIDTH="164" WC="1" CONTENT="mouth,"/>
        <SP ID="PAG_00000064_SP000324" HPOS="1402" VPOS="2678" WIDTH="26"/>
        <String ID="PAG_00000064_ST000359" STYLEREFS="TXT_1" HPOS="1428" VPOS="2678" HEIGHT="41" WIDTH="33" WC="1" CONTENT="it"/>
        <SP ID="PAG_00000064_SP000325" HPOS="1461" VPOS="2684" WIDTH="24"/>
        <String ID="PAG_00000064_ST000360" STYLEREFS="TXT_1" HPOS="1485" VPOS="2684" HEIGHT="35" WIDTH="115" WC="1" CONTENT="must"/>
        <SP ID="PAG_00000064_SP000326" HPOS="1600" VPOS="2681" WIDTH="26"/>
        <String ID="PAG_00000064_ST000361" STYLEREFS="TXT_1" HPOS="1626" VPOS="2681" HEIGHT="37" WIDTH="52" WC="1" CONTENT="be"/>
        <SP ID="PAG_00000064_SP000327" HPOS="1678" VPOS="2678" WIDTH="22"/>
        <String ID="PAG_00000064_ST000362" STYLEREFS="TXT_1" HPOS="1700" VPOS="2678" HEIGHT="54" WIDTH="141" WC="0.98" CONTENT="placed"/>
        <SP ID="PAG_00000064_SP000328" HPOS="1841" VPOS="2678" WIDTH="1"/>
        <String ID="PAG_00000064_ST000363" STYLEREFS="TXT_1" HPOS="1841" VPOS="2678" HEIGHT="54" WIDTH="41" WC="0.98" CONTENT=":"/>
      </TextLine>
      <TextLine ID="PAG_00000064_TL000036" STYLEREFS="TXT_1" HPOS="545" VPOS="2744" HEIGHT="58" WIDTH="1193">
        <String ID="PAG_00000064_ST000364" STYLEREFS="TXT_1" HPOS="545" VPOS="2755" HEIGHT="34" WIDTH="12" WC="0.00" TYPE="illegible" CONTENT="i"/>
        <SP ID="PAG_00000064_SP000329" HPOS="557" VPOS="2755" WIDTH="1"/>
        <String ID="PAG_00000064_ST000365" STYLEREFS="TXT_1" HPOS="557" VPOS="2755" HEIGHT="34" WIDTH="33" WC="0.00" TYPE="illegible" CONTENT="-:)"/>
        <SP ID="PAG_00000064_SP000330" HPOS="590" VPOS="2750" WIDTH="28"/>
        <String ID="PAG_00000064_ST000366" STYLEREFS="TXT_1" HPOS="618" VPOS="2750" HEIGHT="40" WIDTH="88" WC="1" CONTENT="The"/>
        <SP ID="PAG_00000064_SP000331" HPOS="706" VPOS="2761" WIDTH="28"/>
        <String ID="PAG_00000064_ST000367" STYLEREFS="TXT_1" HPOS="734" VPOS="2761" HEIGHT="41" WIDTH="134" WC="1" CONTENT="upper"/>
        <SP ID="PAG_00000064_SP000332" HPOS="868" VPOS="2752" WIDTH="34"/>
        <String ID="PAG_00000064_ST000368" STYLEREFS="TXT_1" HPOS="902" VPOS="2752" HEIGHT="49" WIDTH="244" WC="1" CONTENT="apparatus,"/>
        <SP ID="PAG_00000064_SP000333" HPOS="1146" VPOS="2745" WIDTH="39"/>
        <String ID="PAG_00000064_ST000369" STYLEREFS="TXT_1" HPOS="1185" VPOS="2745" HEIGHT="41" WIDTH="181" WC="0.99" CONTENT="without"/>
        <SP ID="PAG_00000064_SP000334" HPOS="1366" VPOS="2744" WIDTH="35"/>
        <String ID="PAG_00000064_ST000370" STYLEREFS="TXT_1" HPOS="1401" VPOS="2744" HEIGHT="39" WIDTH="57" WC="1" CONTENT="its"/>
        <SP ID="PAG_00000064_SP000335" HPOS="1458" VPOS="2744" WIDTH="34"/>
        <String ID="PAG_00000064_ST000371" STYLEREFS="TXT_1" HPOS="1492" VPOS="2744" HEIGHT="47" WIDTH="246" WC="1" CONTENT="standards;"/>
      </TextLine>
      <TextLine ID="PAG_00000064_TL000037" STYLEREFS="TXT_1" HPOS="543" VPOS="2814" HEIGHT="53" WIDTH="496">
        <String ID="PAG_00000064_ST000372" STYLEREFS="TXT_1" HPOS="543" VPOS="2821" HEIGHT="35" WIDTH="49" WC="0.95" CONTENT="20"/>
        <SP ID="PAG_00000064_SP000336" HPOS="592" VPOS="2817" WIDTH="25"/>
        <String ID="PAG_00000064_ST000373" STYLEREFS="TXT_1" HPOS="617" VPOS="2817" HEIGHT="39" WIDTH="88" WC="1" CONTENT="The"/>
        <SP ID="PAG_00000064_SP000337" HPOS="705" VPOS="2815" WIDTH="29"/>
        <String ID="PAG_00000064_ST000374" STYLEREFS="TXT_1" HPOS="734" VPOS="2815" HEIGHT="40" WIDTH="126" WC="1" CONTENT="lower"/>
        <SP ID="PAG_00000064_SP000338" HPOS="860" VPOS="2814" WIDTH="30"/>
        <String ID="PAG_00000064_ST000375" STYLEREFS="TXT_1" HPOS="890" VPOS="2814" HEIGHT="53" WIDTH="149" WC="1" CONTENT="splint;"/>
      </TextLine>
      <TextLine ID="PAG_00000064_TL000038" STYLEREFS="TXT_1" HPOS="544" VPOS="2878" HEIGHT="52" WIDTH="1037">
        <String ID="PAG_00000064_ST000376" STYLEREFS="TXT_1" HPOS="544" VPOS="2886" HEIGHT="43" WIDTH="45" WC="1" CONTENT="3"/>
        <SP ID="PAG_00000064_SP000339" HPOS="589" VPOS="2882" WIDTH="27"/>
        <String ID="PAG_00000064_ST000377" STYLEREFS="TXT_1" HPOS="616" VPOS="2882" HEIGHT="39" WIDTH="88" WC="1" CONTENT="The"/>
        <SP ID="PAG_00000064_SP000340" HPOS="704" VPOS="2882" WIDTH="30"/>
        <String ID="PAG_00000064_ST000378" STYLEREFS="TXT_1" HPOS="734" VPOS="2882" HEIGHT="40" WIDTH="227" WC="1" CONTENT="standards"/>
        <SP ID="PAG_00000064_SP000341" HPOS="961" VPOS="2882" WIDTH="27"/>
        <String ID="PAG_00000064_ST000379" STYLEREFS="TXT_1" HPOS="988" VPOS="2882" HEIGHT="37" WIDTH="43" WC="1" CONTENT="of"/>
        <SP ID="PAG_00000064_SP000342" HPOS="1031" VPOS="2880" WIDTH="32"/>
        <String ID="PAG_00000064_ST000380" STYLEREFS="TXT_1" HPOS="1063" VPOS="2880" HEIGHT="39" WIDTH="73" WC="1" CONTENT="the"/>
        <SP ID="PAG_00000064_SP000343" HPOS="1136" VPOS="2888" WIDTH="28"/>
        <String ID="PAG_00000064_ST000381" STYLEREFS="TXT_1" HPOS="1164" VPOS="2888" HEIGHT="42" WIDTH="135" WC="1" CONTENT="upper"/>
        <SP ID="PAG_00000064_SP000344" HPOS="1299" VPOS="2878" WIDTH="30"/>
        <String ID="PAG_00000064_ST000382" STYLEREFS="TXT_1" HPOS="1329" VPOS="2878" HEIGHT="50" WIDTH="252" WC="1" CONTENT="apparatus;"/>
      </TextLine>
      <TextLine ID="PAG_00000064_TL000039" STYLEREFS="TXT_1" HPOS="544" VPOS="2941" HEIGHT="56" WIDTH="1554">
        <String ID="PAG_00000064_ST000383" STYLEREFS="TXT_1" HPOS="544" VPOS="2950" HEIGHT="44" WIDTH="48" WC="1" CONTENT="4"/>
        <SP ID="PAG_00000064_SP000345" HPOS="592" VPOS="2947" WIDTH="27"/>
        <String ID="PAG_00000064_ST000384" STYLEREFS="TXT_1" HPOS="619" VPOS="2947" HEIGHT="39" WIDTH="88" WC="1" CONTENT="The"/>
        <SP ID="PAG_00000064_SP000346" HPOS="707" VPOS="2947" WIDTH="30"/>
        <String ID="PAG_00000064_ST000385" STYLEREFS="TXT_1" HPOS="737" VPOS="2947" HEIGHT="39" WIDTH="156" WC="0.89" CONTENT="rubber"/>
        <SP ID="PAG_00000064_SP000347" HPOS="893" VPOS="2946" WIDTH="27"/>
        <String ID="PAG_00000064_ST000386" STYLEREFS="TXT_1" HPOS="920" VPOS="2946" HEIGHT="51" WIDTH="123" WC="1" CONTENT="rings,"/>
        <SP ID="PAG_00000064_SP000348" HPOS="1043" VPOS="2946" WIDTH="34"/>
        <String ID="PAG_00000064_ST000387" STYLEREFS="TXT_1" HPOS="1077" VPOS="2946" HEIGHT="38" WIDTH="93" WC="1" CONTENT="that"/>
        <SP ID="PAG_00000064_SP000349" HPOS="1170" VPOS="2955" WIDTH="33"/>
        <String ID="PAG_00000064_ST000388" STYLEREFS="TXT_1" HPOS="1203" VPOS="2955" HEIGHT="27" WIDTH="70" WC="1" CONTENT="are"/>
        <SP ID="PAG_00000064_SP000350" HPOS="1273" VPOS="2941" WIDTH="30"/>
        <String ID="PAG_00000064_ST000389" STYLEREFS="TXT_1" HPOS="1303" VPOS="2941" HEIGHT="39" WIDTH="112" WC="1" CONTENT="fixed"/>
        <SP ID="PAG_00000064_SP000351" HPOS="1415" VPOS="2945" WIDTH="29"/>
        <String ID="PAG_00000064_ST000390" STYLEREFS="TXT_1" HPOS="1444" VPOS="2945" HEIGHT="35" WIDTH="44" WC="1" CONTENT="to"/>
        <SP ID="PAG_00000064_SP000352" HPOS="1488" VPOS="2941" WIDTH="32"/>
        <String ID="PAG_00000064_ST000391" STYLEREFS="TXT_1" HPOS="1520" VPOS="2941" HEIGHT="39" WIDTH="133" WC="1" CONTENT="hooks"/>
        <SP ID="PAG_00000064_SP000353" HPOS="1653" VPOS="2942" WIDTH="30"/>
        <String ID="PAG_00000064_ST000392" STYLEREFS="TXT_1" HPOS="1683" VPOS="2942" HEIGHT="50" WIDTH="59" WC="1" CONTENT="by"/>
        <SP ID="PAG_00000064_SP000354" HPOS="1742" VPOS="2952" WIDTH="28"/>
        <String ID="PAG_00000064_ST000393" STYLEREFS="TXT_1" HPOS="1770" VPOS="2952" HEIGHT="29" WIDTH="146" WC="1" CONTENT="means"/>
        <SP ID="PAG_00000064_SP000355" HPOS="1916" VPOS="2942" WIDTH="29"/>
        <String ID="PAG_00000064_ST000394" STYLEREFS="TXT_1" HPOS="1945" VPOS="2942" HEIGHT="39" WIDTH="44" WC="1" CONTENT="of"/>
        <SP ID="PAG_00000064_SP000356" HPOS="1989" VPOS="2941" WIDTH="30"/>
        <String ID="PAG_00000064_ST000395" STYLEREFS="TXT_1" HPOS="2019" VPOS="2941" HEIGHT="39" WIDTH="79" WC="1" CONTENT="silk"/>
      </TextLine>
      <TextLine ID="PAG_00000064_TL000040" STYLEREFS="TXT_1" HPOS="466" VPOS="3009" HEIGHT="52" WIDTH="395">
        <String ID="PAG_00000064_ST000396" STYLEREFS="TXT_1" HPOS="466" VPOS="3009" HEIGHT="39" WIDTH="149" WC="1" CONTENT="thread"/>
        <SP ID="PAG_00000064_SP000357" HPOS="615" VPOS="3009" WIDTH="34"/>
        <String ID="PAG_00000064_ST000397" STYLEREFS="TXT_1" HPOS="649" VPOS="3009" HEIGHT="52" WIDTH="212" WC="1" CONTENT="ligatures."/>
      </TextLine>
    </TextBlock>
    <TextBlock ID="PAG_00000064_TB000013" STYLEREFS="TXT_1" HPOS="461" VPOS="3067" HEIGHT="245" WIDTH="1639" language="en">
      <TextLine ID="PAG_00000064_TL000041" STYLEREFS="TXT_1" HPOS="544" VPOS="3067" HEIGHT="57" WIDTH="1556">
        <String ID="PAG_00000064_ST000398" STYLEREFS="TXT_1" HPOS="544" VPOS="3071" HEIGHT="39" WIDTH="88" WC="1" CONTENT="The"/>
        <SP ID="PAG_00000064_SP000358" HPOS="632" VPOS="3073" WIDTH="16"/>
        <String ID="PAG_00000064_ST000399" STYLEREFS="TXT_1" HPOS="648" VPOS="3073" HEIGHT="51" WIDTH="166" WC="1" CONTENT="patient"/>
        <SP ID="PAG_00000064_SP000359" HPOS="814" VPOS="3074" WIDTH="17"/>
        <String ID="PAG_00000064_ST000400" STYLEREFS="TXT_1" HPOS="831" VPOS="3074" HEIGHT="41" WIDTH="199" WC="1" CONTENT="tolerates"/>
        <SP ID="PAG_00000064_SP000360" HPOS="1030" VPOS="3071" WIDTH="17"/>
        <String ID="PAG_00000064_ST000401" STYLEREFS="TXT_1" HPOS="1047" VPOS="3071" HEIGHT="41" WIDTH="66" WC="1" CONTENT="his"/>
        <SP ID="PAG_00000064_SP000361" HPOS="1113" VPOS="3073" WIDTH="16"/>
        <String ID="PAG_00000064_ST000402" STYLEREFS="TXT_1" HPOS="1129" VPOS="3073" HEIGHT="51" WIDTH="233" WC="1" CONTENT="apparatus"/>
        <SP ID="PAG_00000064_SP000362" HPOS="1362" VPOS="3067" WIDTH="17"/>
        <String ID="PAG_00000064_ST000403" STYLEREFS="TXT_1" HPOS="1379" VPOS="3067" HEIGHT="54" WIDTH="133" WC="1" CONTENT="easily"/>
        <SP ID="PAG_00000064_SP000363" HPOS="1512" VPOS="3069" WIDTH="18"/>
        <String ID="PAG_00000064_ST000404" STYLEREFS="TXT_1" HPOS="1530" VPOS="3069" HEIGHT="39" WIDTH="84" WC="1" CONTENT="and"/>
        <SP ID="PAG_00000064_SP000364" HPOS="1614" VPOS="3067" WIDTH="20"/>
        <String ID="PAG_00000064_ST000405" STYLEREFS="TXT_1" HPOS="1634" VPOS="3067" HEIGHT="53" WIDTH="135" WC="1" CONTENT="sleeps"/>
        <SP ID="PAG_00000064_SP000365" HPOS="1769" VPOS="3068" WIDTH="19"/>
        <String ID="PAG_00000064_ST000406" STYLEREFS="TXT_1" HPOS="1788" VPOS="3068" HEIGHT="41" WIDTH="103" WC="1" CONTENT="well."/>
        <SP ID="PAG_00000064_SP000366" HPOS="1891" VPOS="3069" WIDTH="87"/>
        <String ID="PAG_00000064_ST000407" STYLEREFS="TXT_1" HPOS="1978" VPOS="3069" HEIGHT="40" WIDTH="122" WC="1" CONTENT="After"/>
      </TextLine>
      <TextLine ID="PAG_00000064_TL000042" STYLEREFS="TXT_1" HPOS="462" VPOS="3134" HEIGHT="55" WIDTH="1632">
        <String ID="PAG_00000064_ST000408" STYLEREFS="TXT_1" HPOS="462" VPOS="3150" HEIGHT="27" WIDTH="80" WC="1" CONTENT="one"/>
        <SP ID="PAG_00000064_SP000367" HPOS="542" VPOS="3139" WIDTH="21"/>
        <String ID="PAG_00000064_ST000409" STYLEREFS="TXT_1" HPOS="563" VPOS="3139" HEIGHT="38" WIDTH="189" WC="1" CONTENT="month's"/>
        <SP ID="PAG_00000064_SP000368" HPOS="752" VPOS="3144" WIDTH="21"/>
        <String ID="PAG_00000064_ST000410" STYLEREFS="TXT_1" HPOS="773" VPOS="3144" HEIGHT="44" WIDTH="244" WC="1" CONTENT="treatment,"/>
        <SP ID="PAG_00000064_SP000369" HPOS="1017" VPOS="3140" WIDTH="25"/>
        <String ID="PAG_00000064_ST000411" STYLEREFS="TXT_1" HPOS="1042" VPOS="3140" HEIGHT="38" WIDTH="73" WC="1" CONTENT="the"/>
        <SP ID="PAG_00000064_SP000370" HPOS="1115" VPOS="3137" WIDTH="20"/>
        <String ID="PAG_00000064_ST000412" STYLEREFS="TXT_1" HPOS="1135" VPOS="3137" HEIGHT="42" WIDTH="150" WC="1" CONTENT="buccal"/>
        <SP ID="PAG_00000064_SP000371" HPOS="1285" VPOS="3139" WIDTH="22"/>
        <String ID="PAG_00000064_ST000413" STYLEREFS="TXT_1" HPOS="1307" VPOS="3139" HEIGHT="50" WIDTH="195" WC="1" CONTENT="aperture"/>
        <SP ID="PAG_00000064_SP000372" HPOS="1502" VPOS="3149" WIDTH="22"/>
        <String ID="PAG_00000064_ST000414" STYLEREFS="TXT_1" HPOS="1524" VPOS="3149" HEIGHT="27" WIDTH="84" WC="1" CONTENT="was"/>
        <SP ID="PAG_00000064_SP000373" HPOS="1608" VPOS="3144" WIDTH="29"/>
        <String ID="PAG_00000064_ST000415" STYLEREFS="TXT_1" HPOS="1637" VPOS="3144" HEIGHT="41" WIDTH="49" WC="1" CONTENT="15"/>
        <SP ID="PAG_00000064_SP000374" HPOS="1686" VPOS="3134" WIDTH="28"/>
        <String ID="PAG_00000064_ST000416" STYLEREFS="TXT_1" HPOS="1714" VPOS="3134" HEIGHT="41" WIDTH="261" WC="1" CONTENT="millimeters"/>
        <SP ID="PAG_00000064_SP000375" HPOS="1975" VPOS="3136" WIDTH="22"/>
        <String ID="PAG_00000064_ST000417" STYLEREFS="TXT_1" HPOS="1997" VPOS="3136" HEIGHT="44" WIDTH="97" WC="1" CONTENT="and,"/>
      </TextLine>
      <TextLine ID="PAG_00000064_TL000043" STYLEREFS="TXT_1" HPOS="462" VPOS="3200" HEIGHT="55" WIDTH="1634">
        <String ID="PAG_00000064_ST000418" STYLEREFS="TXT_1" HPOS="462" VPOS="3201" HEIGHT="52" WIDTH="222" WC="1" CONTENT="according"/>
        <SP ID="PAG_00000064_SP000376" HPOS="684" VPOS="3208" WIDTH="21"/>
        <String ID="PAG_00000064_ST000419" STYLEREFS="TXT_1" HPOS="705" VPOS="3208" HEIGHT="34" WIDTH="45" WC="1" CONTENT="to"/>
        <SP ID="PAG_00000064_SP000377" HPOS="750" VPOS="3205" WIDTH="23"/>
        <String ID="PAG_00000064_ST000420" STYLEREFS="TXT_1" HPOS="773" VPOS="3205" HEIGHT="40" WIDTH="72" WC="1" CONTENT="the"/>
        <SP ID="PAG_00000064_SP000378" HPOS="845" VPOS="3210" WIDTH="22"/>
        <String ID="PAG_00000064_ST000421" STYLEREFS="TXT_1" HPOS="867" VPOS="3210" HEIGHT="36" WIDTH="229" WC="1" CONTENT="statement"/>
        <SP ID="PAG_00000064_SP000379" HPOS="1096" VPOS="3205" WIDTH="23"/>
        <String ID="PAG_00000064_ST000422" STYLEREFS="TXT_1" HPOS="1119" VPOS="3205" HEIGHT="39" WIDTH="43" WC="1" CONTENT="of"/>
        <SP ID="PAG_00000064_SP000380" HPOS="1162" VPOS="3204" WIDTH="22"/>
        <String ID="PAG_00000064_ST000423" STYLEREFS="TXT_1" HPOS="1184" VPOS="3204" HEIGHT="39" WIDTH="73" WC="1" CONTENT="the"/>
        <SP ID="PAG_00000064_SP000381" HPOS="1257" VPOS="3200" WIDTH="21"/>
        <String ID="PAG_00000064_ST000424" STYLEREFS="TXT_1" HPOS="1278" VPOS="3200" HEIGHT="55" WIDTH="177" WC="1" CONTENT="patient,"/>
        <SP ID="PAG_00000064_SP000382" HPOS="1455" VPOS="3212" WIDTH="25"/>
        <String ID="PAG_00000064_ST000425" STYLEREFS="TXT_1" HPOS="1480" VPOS="3212" HEIGHT="28" WIDTH="128" WC="1" CONTENT="never"/>
        <SP ID="PAG_00000064_SP000383" HPOS="1608" VPOS="3202" WIDTH="20"/>
        <String ID="PAG_00000064_ST000426" STYLEREFS="TXT_1" HPOS="1628" VPOS="3202" HEIGHT="39" WIDTH="85" WC="1" CONTENT="had"/>
        <SP ID="PAG_00000064_SP000384" HPOS="1713" VPOS="3200" WIDTH="22"/>
        <String ID="PAG_00000064_ST000427" STYLEREFS="TXT_1" HPOS="1735" VPOS="3200" HEIGHT="40" WIDTH="84" WC="1" CONTENT="this"/>
        <SP ID="PAG_00000064_SP000385" HPOS="1819" VPOS="3200" WIDTH="24"/>
        <String ID="PAG_00000064_ST000428" STYLEREFS="TXT_1" HPOS="1843" VPOS="3200" HEIGHT="41" WIDTH="128" WC="1" CONTENT="result"/>
        <SP ID="PAG_00000064_SP000386" HPOS="1971" VPOS="3202" WIDTH="21"/>
        <String ID="PAG_00000064_ST000429" STYLEREFS="TXT_1" HPOS="1992" VPOS="3202" HEIGHT="39" WIDTH="104" WC="1" CONTENT="been"/>
      </TextLine>
      <TextLine ID="PAG_00000064_TL000044" STYLEREFS="TXT_1" HPOS="461" VPOS="3267" HEIGHT="45" WIDTH="914">
        <String ID="PAG_00000064_ST000430" STYLEREFS="TXT_1" HPOS="461" VPOS="3269" HEIGHT="42" WIDTH="203" WC="1" CONTENT="obtained"/>
        <SP ID="PAG_00000064_SP000387" HPOS="664" VPOS="3267" WIDTH="27"/>
        <String ID="PAG_00000064_ST000431" STYLEREFS="TXT_1" HPOS="691" VPOS="3267" HEIGHT="41" WIDTH="106" WC="1" CONTENT="from"/>
        <SP ID="PAG_00000064_SP000388" HPOS="797" VPOS="3271" WIDTH="27"/>
        <String ID="PAG_00000064_ST000432" STYLEREFS="TXT_1" HPOS="824" VPOS="3271" HEIGHT="38" WIDTH="72" WC="1" CONTENT="the"/>
        <SP ID="PAG_00000064_SP000389" HPOS="896" VPOS="3270" WIDTH="27"/>
        <String ID="PAG_00000064_ST000433" STYLEREFS="TXT_1" HPOS="923" VPOS="3270" HEIGHT="42" WIDTH="101" WC="1" CONTENT="time"/>
        <SP ID="PAG_00000064_SP000390" HPOS="1024" VPOS="3271" WIDTH="25"/>
        <String ID="PAG_00000064_ST000434" STYLEREFS="TXT_1" HPOS="1049" VPOS="3271" HEIGHT="40" WIDTH="45" WC="1" CONTENT="of"/>
        <SP ID="PAG_00000064_SP000391" HPOS="1094" VPOS="3269" WIDTH="24"/>
        <String ID="PAG_00000064_ST000435" STYLEREFS="TXT_1" HPOS="1118" VPOS="3269" HEIGHT="43" WIDTH="65" WC="1" CONTENT="his"/>
        <SP ID="PAG_00000064_SP000392" HPOS="1183" VPOS="3268" WIDTH="25"/>
        <String ID="PAG_00000064_ST000436" STYLEREFS="TXT_1" HPOS="1208" VPOS="3268" HEIGHT="41" WIDTH="167" WC="1" CONTENT="wound."/>
      </TextLine>
    </TextBlock>
    <TextBlock ID="PAG_00000064_TB000014" STYLEREFS="TXT_1" HPOS="545" VPOS="3331" HEIGHT="56" WIDTH="1556" language="en">
      <TextLine ID="PAG_00000064_TL000045" STYLEREFS="TXT_1" HPOS="545" VPOS="3331" HEIGHT="56" WIDTH="1556">
        <String ID="PAG_00000064_ST000437" STYLEREFS="TXT_1" HPOS="545" VPOS="3337" HEIGHT="47" WIDTH="218" WC="1" CONTENT="Recovery"/>
        <SP ID="PAG_00000064_SP000393" HPOS="763" VPOS="3346" WIDTH="45"/>
        <String ID="PAG_00000064_ST000438" STYLEREFS="TXT_1" HPOS="808" VPOS="3346" HEIGHT="26" WIDTH="84" WC="1" CONTENT="was"/>
        <SP ID="PAG_00000064_SP000394" HPOS="892" VPOS="3334" WIDTH="45"/>
        <String ID="PAG_00000064_ST000439" STYLEREFS="TXT_1" HPOS="937" VPOS="3334" HEIGHT="40" WIDTH="42" WC="1" CONTENT="in"/>
        <SP ID="PAG_00000064_SP000395" HPOS="979" VPOS="3336" WIDTH="52"/>
        <String ID="PAG_00000064_ST000440" STYLEREFS="TXT_1" HPOS="1031" VPOS="3336" HEIGHT="51" WIDTH="124" WC="1" CONTENT="sight."/>
        <SP ID="PAG_00000064_SP000396" HPOS="1155" VPOS="3332" WIDTH="103"/>
        <String ID="PAG_00000064_ST000441" STYLEREFS="TXT_1" HPOS="1258" VPOS="3332" HEIGHT="52" WIDTH="332" WC="1" CONTENT="Unfortunately"/>
        <SP ID="PAG_00000064_SP000397" HPOS="1590" VPOS="3333" WIDTH="40"/>
        <String ID="PAG_00000064_ST000442" STYLEREFS="TXT_1" HPOS="1630" VPOS="3333" HEIGHT="38" WIDTH="64" WC="1" CONTENT="for"/>
        <SP ID="PAG_00000064_SP000398" HPOS="1694" VPOS="3331" WIDTH="40"/>
        <String ID="PAG_00000064_ST000443" STYLEREFS="TXT_1" HPOS="1734" VPOS="3331" HEIGHT="54" WIDTH="142" WC="1" CONTENT="privat"/>
        <SP ID="PAG_00000064_SP000399" HPOS="1876" VPOS="3335" WIDTH="47"/>
        <String ID="PAG_00000064_ST000444" STYLEREFS="TXT_1" HPOS="1923" VPOS="3335" HEIGHT="38" WIDTH="71" WC="1" CONTENT="C."/>
        <SP ID="PAG_00000064_SP000400" HPOS="1994" VPOS="3331" WIDTH="43"/>
        <String ID="PAG_00000064_ST000445" STYLEREFS="TXT_1" HPOS="2037" VPOS="3331" HEIGHT="41" WIDTH="64" WC="1" CONTENT="his"/>
      </TextLine>
    </TextBlock>
    </PrintSpace>
    </Page>
  </Layout>
</alto>