2440 3859
760 481 284 30 EXTRA-ORAL
1072 479 254 31 EXPANSION
1357 478 165 31 DEVICE
1903 474 54 46 59

334 544 46 41 to
403 548 55 46 be
480 565 166 41 moved
668 580 131 43 away
821 569 91 42 and
932 561 85 49 the
1036 581 133 41 cusps
1192 567 46 41 of
1249 566 90 41 the
1362 579 144 41 upper
1528 565 126 43 teeth
1674 557 49 51 in
1738 566 77 42 the
1835 579 122 29 same

332 617 247 61 horizontal
606 640 120 55 plan.

417 750 182 54 ACTION
627 777 66 30 OF
711 780 95 30 THE
835 781 188 31 DEVICE.
1051 775 60 23 ----.:
1134 767 95 55 Fig.
1260 780 24 29 2
1310 766 275 55 illustrating
1607 767 83 42 .the
1709 768 248 54 apparatus

333 829 137 54 ready
502 838 48 40 to
583 840 56 44 be
672 849 85 51 put
790 845 46 45 in
870 846 140 57 place,
1047 845 175 43 should.
1240 843 100 56 give
1375 858 26 27 a
1436 843 222 43 sufficient
1697 840 103 46 idea
1834 843 57 42 of
1891 843 76 42 its

335 910 241 48 operation.

1051 2487 6 3 -
1075 2480 83 32 FIG.
1158 2480 50 32 6.

420 2621 172 67 During
617 2637 77 44 the
717 2640 99 43 first
841 2642 125 55 days,
993 2642 78 43 the
1096 2644 247 54 apparatus
1367 2639 96 55 was
1463 2639 219 55 working
1706 2638 111 44 with
1836 2639 152 44 three

337 2694 160 50 rubber
520 2707 175 53 washers
695 2707 88 53 4n
808 2719 111 42 each
928 2719 145 51 slide;
1099 2719 77 42 the
1200 2731 149 42 power
1374 2717 248 54 developed
1644 2716 133 55 being
1797 2716 164 42 almost

336 2776 154 55 nearly
520 2785 77 44 the
629 2805 123 31 same
769 2799 63 37 at
857 2796 83 42 the
972 2797 122 40 front
1126 2795 92 42 and
1248 2793 77 42 the
1355 2793 119 42 back
1504 2793 91 41 and
1625 2793 78 42 the
1727 2791 237 57 spreading

339 2851 88 40 Was
452 2862 204 55 parallel;
686 2870 90 43 this
802 2876 262 40 movement
1094 2887 90 28 was
1212 2869 187 44 allowed
1427 2873 48 38 to
1505 2869 211 43 continue
1744 2868 115 44 until
1886 2869 76 43 the

337 2920 124 51 teeth
484 2937 46 40 of
554 2941 77 43 the
655 2946 119 44 back
796 2954 103 51 part
925 2950 45 42 of
995 2951 78 41 the
1098 2951 224 53 fragment
1347 2960 126 29 came
1505 2947 97 42 into
1638 2951 182 39 contact
1853 2946 110 43 with

336 2995 79 47 the
444 3020 344 59 corresponding
816 3041 144 41 upper
988 3026 137 44 teeth.

420 3081 130 50 After
574 3096 91 44 this
689 3100 98 43 first
811 3103 157 53 period
992 3103 46 41 of
1062 3102 282 54 adjustment
1368 3100 64 55 by
1452 3100 254 54 tightening
1731 3114 137 28 screw
1894 3111 67 37 10,

340 3147 108 52 slide
471 3162 26 40 6
521 3172 151 56 acting
695 3190 58 28 on
777 3179 78 43 the
878 3180 118 42 back
1018 3183 105 52 part
1146 3189 90 31 was
1259 3176 179 50 locked;
1464 3177 107 41 thus
1595 3190 91 40 any
1702 3179 262 39 movement

338 3234 45 33 ln
412 3232 89 49 this
530 3252 103 46 part
663 3252 46 41 of
738 3255 78 42 the
846 3256 224 55 fragment
1099 3269 92 29 was
1218 3253 217 42 rendered
1463 3251 269 57 impossible.

422 3310 62 46 As
511 3315 109 53 slide
647 3338 25 45 5
703 3330 82 46 has
812 3333 231 44 remained
1071 3333 102 49 free,
1206 3331 77 42 the
1312 3328 245 58 expansion
1585 3327 262 57 proceeded,
1869 3329 94 43 but
