2293 3847
471 451 49 41 42
863 454 55 28 LA
943 454 338 30 RESTAURATION
1308 452 406 31 MAXILLO-FACIALE

561 540 109 40 OBS.
716 538 84 42 III.
843 564 58 4 -
941 540 125 53 Jules
1105 542 128 48 Bo.,
1279 540 107 52 13th
1415 539 219 43 batallion
1669 537 47 42 of
1744 538 78 41 the
1855 537 252 42 chasseurs.

476 610 238 42 Wounded
740 615 48 36 at
818 611 143 54 Ypres
989 612 119 53 June
1138 613 79 42 8th
1248 612 109 53 igi8
1385 612 62 55 by
1474 626 27 28 a
1528 611 154 42 bullet.

559 681 62 41 As
642 694 107 28 soon
772 696 49 27 as
840 681 55 43 he
916 696 91 29 was
1027 683 237 48 wounded,
1286 683 55 41 he
1363 696 125 28 came
1508 686 48 37 to
1578 682 77 41 the
1677 679 266 43 ambulance
1964 679 144 42 where

471 742 78 52 the
580 752 338 43 maxillo-facial
950 754 166 43 service
1148 754 46 42 of
1225 755 76 41 the
1334 752 176 44 district
1542 767 91 28 was
1664 750 236 57 operating
1931 752 91 41 and
2053 751 56 41 he

472 837 91 27 was
596 822 309 58 immediately
937 824 305 44 immobilized
1273 824 46 42 in
1353 825 117 53 good
1504 822 195 57 position
1733 822 69 43 his
1835 823 114 42 both
1982 836 126 28 man-

474 893 141 43 dibles
638 893 132 55 being
795 895 93 43 tied
910 897 207 54 together
1139 896 45 43 in
1208 897 130 41 order
1361 901 47 37 to
1433 895 136 42 avoid
1593 895 248 54 secondary
1861 892 243 44 deviation.

559 964 84 43 His
677 965 137 43 lesion
850 981 82 28 can
967 968 54 41 be
1057 968 241 56 compared
1331 966 110 42 with
1477 966 77 42 the
1588 980 84 28 one
1707 965 45 41 of
1787 966 77 41 the
1898 963 209 56 previous

474 1036 252 43 observation
726 1036 64 43 :
820 1038 195 43 fracture
1042 1039 46 41 of
1114 1039 77 42 the
1218 1039 80 42 left
1325 1038 128 54 angle
1479 1037 111 43 with
1617 1050 180 30 osseous
1823 1036 101 48 loss,
1953 1040 155 38 exten-

474 1106 106 56 ding
604 1108 114 42 from
742 1108 113 43 level
879 1109 45 42 of
947 1109 80 42 left
1052 1110 164 42 second
1238 1108 208 43 maxillar
1469 1114 47 37 to
1540 1108 114 42 neck
1678 1109 45 40 of
1747 1106 211 54 condyle;
1983 1106 126 42 teeth

474 1178 108 43 that
603 1178 241 51 remained,
874 1180 114 42 from
1015 1179 118 56 right
1161 1180 122 42 third
1308 1180 143 42 molar
1477 1184 47 38 to
1552 1179 81 43 left
1660 1178 96 43 first
1782 1177 155 43 molar.

562 1251 196 42 October
784 1252 94 51 5th,
906 1251 167 55 setting
1099 1251 47 42 of
1171 1266 27 28 a
1224 1252 178 41 shutter
1428 1255 248 51 apparatus
1701 1248 185 55 bearing
1913 1262 58 28 on
1997 1247 114 43 cica-

476 1321 144 43 tricial
655 1327 123 50 stay;
815 1323 169 54 perfect
1020 1323 246 49 tolerance;
1304 1322 77 42 the
1416 1321 287 55 equilibrium
1739 1320 47 43 of
1820 1320 77 43 the
1933 1320 107 41 arch
2075 1318 35 41 is

474 1392 310 56 immediately
823 1394 200 42 restored
1062 1394 92 41 and
1193 1394 77 40 the
1310 1392 290 42 mastication
1641 1391 210 56 capacity
1889 1390 220 43 increases

475 1463 89 42 still
592 1477 124 29 more
745 1463 177 55 rapidly
952 1464 111 41 than
1092 1463 45 41 in
1168 1463 77 42 the
1274 1462 210 56 previous
1512 1475 122 36 case;
1665 1476 26 27 a
1720 1462 85 42 few
1834 1462 113 53 days
1976 1460 135 43 after-

475 1534 159 49 wards,
667 1534 76 42 the
773 1534 175 54 patient
978 1548 92 27 was
1100 1533 99 42 able
1229 1538 47 37 to
1307 1532 170 42 receive
1513 1547 26 27 a
1568 1532 174 42 normal
1778 1531 330 42 alimentation.

1001 1920 222 42 LEGENDES
1250 1930 78 31 DES
1352 1930 227 32 PLANCHES

726 2063 65 30 Cas
813 2067 81 36 type
919 2064 40 29 de
984 2063 144 30 fracture
1154 2063 40 29 de
1219 2063 120 40 Tangle
1364 2072 82 20 avec
1472 2066 95 37 perte
1592 2063 40 29 de
1661 2064 189 30 substance.

672 2122 153 41 (Typical
850 2132 73 20 case
949 2122 41 30 of
1007 2132 17 20 a
1049 2122 145 30 fracture
1219 2121 41 30 of
1278 2122 58 30 the
1361 2122 98 40 angle
1485 2124 36 29 of
1544 2124 57 30 the
1626 2124 169 30 mandible
1820 2124 86 30 with

1146 2170 66 30 loss
1235 2169 41 30 of
1296 2170 116 38 bone.)

600 2288 149 31 Planche
771 2288 29 32 I.
817 2306 46 5 -
880 2287 72 32 FIG.
982 2298 26 20 I.
1029 2306 31 5 -
1081 2288 200 31 Deviations
1303 2287 179 32 observees
1504 2288 16 30 a
1543 2290 32 29 la
1596 2290 86 29 suite
1708 2289 40 30 de
1771 2289 31 30 la
1829 2287 117 31 lesion.
1966 2288 59 29 Les

559 2341 157 26 contours
734 2346 161 21 normaux
911 2340 76 27 sont
1004 2335 155 42 indiques
1175 2346 42 20 en
1232 2336 91 30 bleu.
1343 2335 59 31 Les
1417 2335 127 31 fleches
1559 2340 171 27 montrent
1745 2336 31 29 la
1794 2335 172 31 deviation
1984 2335 40 30 de

558 2385 31 30 la
606 2385 90 40 ligne
713 2383 165 32 mediane.

597 2444 216 39 (Deviations
841 2444 166 31 observed
1035 2444 184 41 following
1243 2443 57 30 the
1329 2442 122 41 injury.
1516 2442 70 31 The
1616 2442 126 31 normal
1779 2442 145 30 outlines
1955 2450 71 21 ares

560 2493 171 30 indicated
748 2493 32 29 in
795 2492 90 31 blue.
938 2492 70 30 The
1025 2502 127 21 arrows
1167 2492 98 29 show
1282 2490 58 30 the
1359 2490 172 30 deviation
1549 2490 40 30 of
1601 2490 57 30 the
1676 2489 127 31 middle
1820 2489 96 39 line.)

581 2570 71 31 FIG.
652 2570 57 31 2.
730 2588 33 5 -
789 2570 110 31 Meme
923 2581 54 19 cas
1000 2569 95 42 apres
1115 2568 177 31 reduction
1317 2568 58 29 des
1398 2567 186 41 fragments
1606 2578 41 19 en
1670 2568 148 40 position
1841 2565 160 31 normale.

659 2623 109 37 (Same
793 2634 73 20 case
890 2623 87 30 after
999 2623 178 30 reduction
1201 2621 40 30 of
1260 2620 58 30 the
1344 2620 183 40 fragments
1548 2621 32 28 in
1601 2620 127 30 normal
1752 2620 177 39 position.)

604 2742 147 32 Planche
773 2743 46 30 II.
843 2760 34 5 -
904 2742 72 30 FIG.
1002 2752 27 30 3.
1049 2758 40 6 -
1112 2741 111 30 Meme
1246 2749 53 20 cas
1322 2748 82 20 avec
1427 2748 45 20 un
1495 2738 150 40 appareil
1668 2749 16 19 a
1709 2739 94 29 volet
1826 2748 40 20 en
1890 2738 94 40 place

854 2789 110 41 (Same
988 2799 74 21 case
1086 2788 89 32 with
1197 2787 130 30 shutter
1350 2789 179 36 apparatus
1552 2786 34 29 in
1607 2785 124 40 place.)

877 2868 71 30 FIG.
976 2877 28 29 4.
1023 2885 41 6 -
1086 2866 162 42 Appareil
1270 2864 17 31 a
1310 2864 94 31 volet
1427 2864 40 30 de
1491 2864 31 30 la
1544 2863 107 41 figure
1676 2874 28 30 3.

938 2920 153 41 (Shutter
1113 2909 178 51 apparatus
1315 2916 40 31 of
1374 2917 58 30 the
1454 2915 107 42 figure
1587 2916 45 41 3.)
