2515 3772
641 406 311 30 DISINSERTION
983 405 54 29 OF
1065 403 59 29 AN
1155 400 236 30 EXTERNAL
1420 394 330 36 PTERYGOIDIAN
1962 400 51 40 27

392 490 133 42 could
559 492 55 41 be
649 505 117 37 seen,
798 490 199 54 through
1031 488 77 41 the
1139 499 103 40 rays
1276 485 77 41 the
1388 484 218 56 integrity
1641 487 45 41 of
1722 487 77 41 the
1835 498 181 30 osseous

392 566 350 54 sub-condylian
770 565 188 54 regions.

479 641 94 40 The
611 642 261 53 pathogeny
911 639 44 41 of
992 637 91 42 this
1122 634 272 44 anatomical
1433 636 268 55 disposition
1740 638 132 41 could
1911 636 107 54 only

395 715 54 40 be
483 715 104 41 held
619 717 61 52 by
713 717 77 39 the
825 714 266 55 disposition
1125 713 44 40 of
1202 711 77 41 the
1313 710 118 54 right
1465 713 203 41 external
1702 713 315 55 pterygoïdian

396 790 181 41 muscle.
672 791 61 40 As
768 805 37 33 a.
828 795 169 37 matter
1031 789 44 41 of
1110 789 106 47 fact,
1254 786 372 57 physiologically
1660 789 36 41 it
1731 789 35 42 is
1801 790 107 54 only
1942 790 77 41 the

398 864 191 42 isolated
630 865 284 42 contraction
956 865 45 41 of
1043 863 90 42 this
1173 861 168 43 muscle
1383 863 104 41 that
1529 877 84 28 can
1655 866 197 54 produce
1893 866 126 41 these

400 940 254 42 deviations
680 941 44 40 of
747 941 78 41 the
849 939 186 42 maxilla
1058 944 49 37 to
1132 939 77 41 the
1234 938 81 41 left
1340 939 91 41 and
1455 939 229 43 forwards.

486 1016 140 41 These
651 1015 253 41 deviations
928 1029 111 27 were
1064 1014 255 54 persistent,
1345 1014 189 43 difficult
1558 1021 47 36 to
1630 1018 161 41 reduce
1814 1019 61 53 by
1899 1019 123 40 hand

402 1104 201 40 pressure
641 1105 56 26 on
735 1091 77 40 the
851 1090 228 42 mandible
1118 1091 90 40 and
1245 1094 273 50 reappeared
1568 1106 48 27 as
1666 1107 109 27 soon
1813 1108 48 26 as
1895 1094 125 41 these

401 1166 183 42 manual
637 1181 224 39 pressures
915 1167 170 41 ceased.
1180 1166 106 41 This
1340 1171 266 50 permanent
1659 1167 200 42 attitude
1914 1169 110 42 thus

404 1242 218 42 observed
664 1257 91 28 was
797 1243 45 41 in
893 1243 57 41 all
993 1242 212 43 evidence
1243 1243 257 54 dependent
1548 1257 123 41 upon
1708 1244 77 42 the
1818 1245 207 53 patholo-

404 1318 114 56 gical
544 1325 117 38 state
690 1320 44 42 of
760 1320 78 43 the
862 1320 169 44 muscle
1056 1320 46 43 in
1129 1334 153 36 cause;
1309 1320 91 43 this
1426 1320 167 43 muscle
1620 1325 122 37 must
1769 1321 116 41 have
1912 1322 113 41 been

405 1398 332 48 contractured,
770 1398 239 49 retracted,
1042 1397 221 44 sclerosed
1291 1397 45 42 in
1368 1398 130 42 order
1527 1398 104 41 that
1661 1397 78 42 the
1770 1396 256 42 deviations

405 1475 134 43 could
562 1476 182 55 happen
769 1475 91 42 and
885 1476 61 41 fix
970 1475 286 43 themselves.
1341 1474 309 44 Continuance
1677 1475 43 40 of
1745 1473 79 43 the
1849 1474 178 41 mecha-

406 1551 118 43 nical
567 1557 249 38 treatment
851 1553 45 41 of
939 1552 86 43 the
1057 1553 185 42 trismus
1277 1552 79 44 did
1392 1557 81 38 not
1507 1552 131 55 bring
1673 1566 90 41 any
1802 1551 224 55 improve-

408 1634 126 37 ment
561 1631 243 41 whatever.

498 1706 125 50 Now,
656 1707 77 42 the
763 1707 165 55 largest
971 1710 44 40 of
1052 1710 77 41 the
1169 1708 256 56 projectiles
1455 1723 63 27 we
1558 1709 91 42 had
1672 1707 237 42 extracted
1939 1705 93 44 had

411 1783 113 43 been
546 1783 179 43 located
747 1784 45 42 in
822 1785 77 42 the
930 1785 118 55 right
1079 1785 203 43 external
1312 1785 317 55 pterygoidian
1649 1784 183 49 muscle,
1855 1783 177 56 against

411 1856 58 43 its
494 1859 195 43 anterior
715 1861 111 49 face,
856 1876 107 27 near
994 1861 59 43 its
1082 1862 509 55 pheno-pterygoïdian
1617 1861 230 42 insertion.
1939 1860 94 41 The

413 1947 209 40 presence
654 1937 44 40 of
729 1936 92 42 this
858 1938 232 54 projectile
1126 1939 90 42 had
1252 1937 219 57 certainly
1505 1937 165 42 caused
1705 1937 204 53 sclerotic
1944 1936 91 42 and

413 2010 227 43 retractile
692 2011 163 43 lesions
905 2013 110 42 with
1065 2029 27 27 a
1142 2011 319 45 contractured
1499 2018 119 38 state
1655 2014 44 41 of
1736 2014 77 42 the
1851 2013 182 42 muscle.

495 2086 141 42 These
676 2087 161 43 lesions
869 2090 165 41 caused
1069 2092 77 41 the
1182 2089 270 56 production
1488 2090 45 42 in
1571 2104 26 27 a
1633 2095 267 49 permanent
1936 2104 101 39 way

414 2161 46 41 of
496 2163 78 41 the
619 2162 254 44 deviations
909 2166 145 41 which
1095 2182 73 27 are
1210 2167 78 41 the
1321 2166 138 41 result
1493 2167 45 40 of
1570 2167 77 41 the
1681 2166 269 55 physiology
1979 2167 57 42 it-

395 2237 103 41 self
534 2239 45 41 of
619 2239 77 42 the
737 2241 168 41 muscle
947 2242 262 43 considered
1242 2242 46 41 in
1327 2256 26 27 a
1394 2246 118 37 state
1543 2243 45 40 of
1608 2242 192 43 isolated
1834 2247 204 37 contrac-

418 2312 110 42 tion.
656 2316 141 41 These
833 2317 307 44 contractions
1183 2321 166 40 cannot
1393 2317 55 41 be
1491 2317 230 53 produced
1757 2332 49 27 as
1843 2317 105 54 long
1990 2332 48 27 as

420 2388 76 42 the
525 2392 127 41 teeth
681 2405 73 28 are
792 2392 44 42 in
867 2393 291 44 articulation
1190 2397 62 52 by
1282 2392 150 42 action
1462 2392 44 41 of
1541 2392 76 43 the
1655 2393 227 54 elevating
1919 2407 116 27 mus-

420 2466 107 50 cles;
567 2467 93 43 also
704 2468 76 43 the
824 2475 286 39 contracture
1153 2486 90 27 was
1281 2474 81 37 not
1405 2468 183 42 evident
1635 2483 48 27 as
1729 2469 105 53 long
1873 2484 49 27 as
1962 2470 77 41 the

420 2544 184 44 trismus
625 2546 196 51 existed;
849 2548 77 43 the
954 2548 184 43 trismus
1165 2562 108 29 once
1297 2546 150 48 cured,
1472 2545 77 42 the
1577 2544 291 56 satisfactory
1896 2546 144 42 occlu-

422 2623 96 43 sion
557 2639 91 28 was
688 2625 102 50 lost,
839 2626 77 43 the
963 2628 427 40 retro-contracture
1443 2622 44 41 of
1525 2621 77 42 the
1647 2622 204 41 external
1891 2627 150 51 ptery-

422 2701 181 54 goïdian
628 2702 168 43 muscle
824 2703 303 56 outweighing
1148 2703 77 40 the
1252 2698 151 43 action
1430 2698 45 41 of
1501 2698 77 41 the
1606 2698 298 53 antagonists,
1932 2699 111 42 then

423 2778 77 42 the
531 2778 159 42 lateral
722 2779 230 42 deviation
987 2793 91 27 was
1110 2775 241 57 produced.

512 2854 41 41 If
575 2868 80 27 our
675 2855 270 54 pathogenic
966 2853 268 55 conception
1255 2864 90 27 was
1367 2848 124 55 quite
1514 2855 184 43 correct,
1721 2851 78 42 the
1821 2851 223 42 cessation

425 2929 45 40 of
507 2930 76 42 the
619 2935 286 38 contracture
943 2932 45 41 of
1024 2931 76 41 the
1137 2929 119 53 right
1292 2926 203 42 external
1532 2927 315 55 pterygoidian
1884 2928 162 42 should

427 3004 115 42 have
570 3006 197 54 brought
801 3008 77 40 the
909 3008 133 41 lower
1069 3007 88 54 jaw
1178 3010 48 37 to
1248 3003 59 42 its
1329 3007 120 38 state
1471 3002 43 43 of
1540 3003 286 55 equilibrium
1858 3005 91 41 and
1969 3005 78 42 the

429 3078 87 43 line
544 3082 44 39 of
617 3082 223 42 occlusion
868 3088 48 36 to
944 3084 58 42 its
1029 3082 173 43 normal
1229 3084 133 38 state.

516 3156 106 41 This
653 3156 35 42 is
719 3158 100 41 how
848 3173 64 27 we
944 3160 90 41 had
1064 3160 75 40 the
1170 3158 101 41 idea
1300 3157 45 41 of
1374 3157 240 54 executing
1644 3158 78 41 the
1753 3157 295 43 desinsertion

432 3230 152 43 dental
617 3233 44 42 of
689 3233 77 43 the
795 3234 240 56 condylian
1064 3234 88 42 end
1180 3233 44 42 of
1252 3232 91 42 this
1371 3232 181 44 muscle.
