2604 3880
494 418 49 40 14
881 416 53 28 LA
960 417 333 29 RESTAURATION
1321 413 401 31 MAXILLO-FACIALE

573 500 276 39 Destruction
867 502 52 38 de
936 500 77 39 l'os
1029 503 172 39 malaire
1220 503 160 50 gauche
1399 505 42 35 et
1460 501 73 38 des
1551 512 46 26 os
1616 510 172 40 propres
1808 498 57 37 du
1883 509 89 25 nez.
1995 498 123 36 Perte

495 567 53 37 de
568 564 101 40 l'œil
688 565 160 51 gauche
870 578 83 26 non
976 567 180 40 énucléé.

577 631 35 37 A
627 629 185 47 l'entrée,
827 643 54 26 on
899 635 193 36 constate
1111 646 83 26 une
1211 635 113 49 large
1343 633 110 51 plaie
1473 632 52 38 de
1542 633 42 37 la
1604 631 97 46 joue
1721 627 173 51 gauche,
1911 638 84 26 non
2015 625 105 38 cica-

498 693 137 46 trisée,
662 695 25 37 à
712 695 220 40 concavité
958 697 246 47 antérieure,
1233 698 239 39 s'étendant
1500 697 51 38 de
1577 692 152 52 l'angle
1755 697 171 34 externe
1953 691 52 38 de
2031 688 92 40 l'or-

499 760 89 38 bite
609 761 25 37 à
654 761 43 38 la
719 760 271 40 commissure
1010 763 152 40 labiale
1184 764 194 50 gauches.
1405 764 57 36 Le
1485 761 117 39 sinus
1622 756 235 43 maxillaire
1878 757 161 50 gauche
2062 762 62 31 est

497 828 233 48 largement
757 831 149 34 ouvert
935 840 51 25 en
1012 835 132 33 avant
1173 834 42 34 et
1242 827 299 49 communique
1569 837 102 27 avec
1698 821 243 41 l'extérieur
1965 832 78 40 par
2067 832 60 28 un

501 890 141 39 orifice
663 891 52 38 de
736 902 22 27 2
782 890 266 42 centimètres
1071 894 51 39 de
1145 894 218 39 diamètre.

585 956 59 39 La
662 955 117 50 paroi
797 956 303 41 sinuso-nasale
1117 960 161 49 gauche
1296 963 62 34 est
1377 957 197 44 détruite,
1595 954 106 40 ainsi
1719 967 81 37 que
1818 953 59 39 les
1895 965 45 25 os
1958 961 174 42 propres

508 1022 56 39 du
585 1033 86 26 nez.

588 1086 33 38 A
646 1088 42 37 la
711 1086 137 52 partie
870 1100 208 38 moyenne
1101 1090 58 39 du
1183 1103 89 32 nez,
1297 1103 59 26 un
1380 1088 220 40 deuxième
1625 1085 140 40 orifice
1789 1085 51 39 de
1864 1093 22 40 5
1914 1084 24 38 à
1964 1083 23 37 6
2012 1079 122 42 milli-

509 1153 155 38 mètres
678 1152 52 39 de
745 1151 205 40 diamètre
965 1153 77 40 fait
1058 1154 321 51 communiquer
1392 1154 39 39 la
1448 1153 140 40 cavité
1604 1151 141 41 nasale
1762 1163 103 27 avec
1882 1147 250 41 l'extérieur.

591 1217 203 50 Intégrité
816 1218 52 38 de
889 1218 41 39 la
952 1218 137 52 partie
1111 1219 173 40 buccale
1306 1219 60 39 du
1386 1217 236 43 maxillaire
1643 1216 227 51 supérieur.

592 1292 47 40 15
664 1283 229 51 septembre.
920 1285 243 39 Fermeture
1185 1285 210 51 complète
1418 1285 52 38 de
1493 1284 40 39 la
1557 1284 110 50 plaie
1690 1282 161 44 nasale;
1877 1277 261 54 application

512 1340 128 47 d'une
661 1348 197 51 prothèse
878 1349 213 51 plastique
1114 1363 51 25 en
1187 1351 229 39 attendant
1438 1362 84 26 une
1544 1348 287 39 intervention
1853 1341 286 52 chirurgicale.

596 1414 51 39 26
664 1414 220 38 novembre.
905 1415 275 39 L'ouverture
1199 1416 238 39 sinusienne
1456 1415 98 37 s'est
1572 1411 380 53 progressivement
1973 1408 169 38 rétrécie

518 1483 41 34 et
583 1492 51 25 ne
655 1490 163 28 mesure
839 1480 95 49 plus
955 1492 82 37 que
1061 1491 20 26 1
1106 1481 249 38 centimètre
1376 1481 52 37 de
1451 1480 217 38 diamètre.

599 1544 94 38 W.
718 1548 63 33 est
805 1544 183 49 rapatrié
1009 1544 107 38 dans
1137 1544 38 38 le
1195 1550 178 34 courant
1396 1545 52 39 de
1470 1544 232 43 décembre,
1728 1544 131 36 avant
1874 1551 91 37 que
1987 1537 155 39 l'inter-

520 1609 174 38 vention
714 1607 272 50 chirurgicale
1007 1608 60 38 ait
1089 1622 54 37 pu
1171 1611 87 37 être
1278 1609 221 52 pratiquée
1525 1610 20 50 (
1545 1610 63 50 fig.
1633 1620 24 38 4
1680 1611 41 34 et
1745 1606 55 49 5).

602 1757 103 38 OBS.
736 1755 81 38 III.
839 1779 52 3 —
911 1754 119 39 Félix
1059 1756 100 45 M.,
1190 1757 71 38 26e
1290 1757 284 45 d'infanterie,
1605 1755 121 51 vingt
1755 1766 89 32 ans,
1875 1750 274 52 agriculteur;

523 1820 134 39 blessé
677 1820 37 39 le
735 1830 49 39 17
805 1819 138 49 juillet
965 1821 102 50 1918
1089 1832 77 39 par
1186 1822 108 38 éclat
1317 1823 166 47 d'obus,
1504 1823 107 39 dans
1632 1821 142 39 l'Oise.

607 1885 132 38 Entré
763 1884 38 39 le
824 1896 49 27 22
898 1884 137 49 juillet
1060 1886 117 50 1918.

608 1949 128 39 Séton
763 1949 52 39 de
840 1950 43 38 la
909 1950 92 39 face
1026 1962 79 39 par
1130 1952 108 38 éclat
1265 1953 163 38 d'obus.
1455 1953 124 38 Entrée
1579 1953 54 38 :
1657 1950 141 51 région
1825 1945 328 53 naso-génienne

527 2015 178 49 gauche;
733 2014 153 40 sortie:
912 2015 118 50 paroi
1054 2016 174 39 latérale
1252 2017 138 39 droite
1415 2017 52 39 de
1491 2018 41 38 la
1557 2015 221 53 pyramide
1802 2013 156 41 nasale.

611 2079 273 40 Destruction
909 2081 53 39 de
986 2081 41 38 la
1051 2081 170 40 cloison.

611 2145 132 38 Vaste
766 2144 111 51 plaie
903 2146 294 39 anfractueuse
1223 2146 52 39 de
1300 2147 42 37 la
1370 2146 141 50 région
1538 2145 339 49 naso-génienne,
1904 2144 255 38 intéressant

535 2214 121 34 toute
676 2209 112 40 l'aile
809 2210 162 50 gauche
993 2211 58 38 du
1074 2224 87 26 nez.

615 2275 302 39 Arrachement
948 2275 52 40 de
1028 2276 111 39 l'aile
1169 2277 149 45 droite,
1352 2276 72 51 qui
1456 2277 143 39 tombe
1630 2275 234 40 au-devant
1896 2273 53 39 de
1978 2273 41 38 la
2048 2272 113 38 lèvre

537 2339 250 51 supérieure.

618 2416 52 39 24
696 2403 143 52 juillet.
870 2396 257 61 Épluchage,
1158 2410 229 46 nettoyage
1416 2408 42 35 et
1487 2405 243 39 avivement
1759 2404 73 39 des
1861 2401 131 53 plaies
2021 2404 42 36 et
2092 2400 74 39 des

539 2469 237 47 lambeaux,
797 2469 73 51 qui
888 2475 96 35 sont
1005 2472 123 40 remis
1147 2485 51 27 en
1217 2471 119 52 place
1355 2474 43 35 et
1417 2472 167 38 suturés
1602 2481 72 27 sur
1692 2467 189 53 appareil
1900 2467 52 39 de
1970 2467 197 50 prothèse

541 2537 201 49 supporté
762 2546 78 41 par
858 2548 84 27 une
962 2538 210 50 gouttière
1192 2536 144 40 coulée
1358 2539 252 35 recouvrant
1632 2534 183 39 l'arcade
1837 2531 190 41 dentaire
2047 2532 116 49 supé-

544 2600 144 54 rieure.

625 2675 50 40 25
705 2667 105 39 août.
835 2667 297 41 Cicatrisation
1154 2666 221 51 complète.

627 2743 50 28 10
701 2733 226 50 septembre.
955 2733 69 38 Un
1049 2732 244 40 traitement
1319 2728 225 50 électrique
1569 2731 62 34 est
1655 2726 241 39 commencé
1922 2737 51 26 en
1998 2736 83 26 vue
2122 2723 53 39 de

546 2795 402 52 l'assouplissement
975 2798 73 38 des
1075 2796 216 40 cicatrices
1317 2804 109 41 pour
1451 2805 84 26 une
1563 2789 275 53 rhinoplastie
1862 2787 240 41 ultérieure.

630 2862 135 39 Entre
783 2865 152 48 temps,
955 2875 101 38 pose
1074 2862 128 40 d'une
1220 2860 199 53 prothèse
1436 2856 214 53 plastique
1668 2853 234 53 provisoire
1921 2854 85 51 (fig.
2023 2853 24 38 6
2069 2857 34 34 et
2120 2854 57 50 7).
