2547 3850
502 398 47 29 12
888 403 54 30 LA
968 404 333 33 RESTAURATION
1328 409 404 31 MAXILLO-FACIALE

588 483 373 49 L'inconvénient
981 493 53 41 de
1052 493 96 43 leur
1166 497 135 42 durée
1319 496 236 56 éphémère
1574 500 69 38 est
1661 496 102 56 plus
1782 495 235 55 théorique
2037 510 87 41 que

500 561 104 50 réel,
626 576 88 36 car,
741 577 173 31 comme
940 581 113 30 nous
1079 570 176 45 l'avons
1283 573 81 50 dit,
1389 587 192 43 presque
1605 579 105 37 tous
1735 572 64 43 les
1824 572 167 43 blessés
2017 573 109 41 s'as-

504 637 223 55 treignent
749 640 258 47 facilement
1027 647 26 42 à
1072 647 62 44 les
1154 650 151 43 couler
1323 655 46 38 et
1390 651 26 41 à
1435 651 63 41 les
1518 650 164 56 placer,
1704 649 146 43 même
1870 648 255 57 quotidien-

502 721 196 37 nement.

590 792 123 43 Celui
736 796 53 42 de
811 796 257 47 l'irritation
1090 815 83 41 par
1192 803 40 43 le
1255 805 132 42 mode
1410 803 55 44 de
1487 804 192 43 fixation
1701 809 67 38 est
1791 803 232 57 supprimé
2043 816 84 43 par

503 868 197 57 l'emploi
727 873 54 41 de
806 872 43 43 la
875 877 241 56 technique
1143 895 87 40 que
1255 895 115 28 nous
1397 880 279 57 employons.

1115 2449 86 30 FIG.
1201 2449 51 30 6.
1252 2449 34 30 -
1286 2449 139 30 Soldat
1440 2450 72 30 M.

597 2622 110 46 Bien
738 2632 213 48 entendu,
983 2632 104 44 elles
1118 2633 186 45 doivent
1335 2633 208 54 toujours
1572 2635 133 41 céder
1733 2633 40 43 le
1802 2646 81 43 pas
1915 2646 90 28 aux
2035 2647 100 41 pro-

513 2698 128 43 cédés
666 2703 312 58 chirurgicaux
1003 2714 44 38 et
1073 2726 56 28 ne
1154 2714 104 39 sont
1283 2709 235 55 indiquées
1545 2724 88 41 que
1658 2709 49 50 si,
1735 2723 116 42 pour
1874 2724 88 27 une
1987 2708 149 43 raison

513 2776 291 59 quelconque,
836 2788 129 40 toute
996 2787 258 56 réparation
1285 2790 68 39 est
1383 2785 260 56 impossible
1674 2799 60 28 ou
1764 2785 36 42 si
1829 2785 64 55 les
1922 2785 214 42 résultats

512 2848 293 62 esthétiques'
805 2848 204 62 obtenus
1039 2862 420 57 chirurgicalement
1489 2866 103 37 sont
1622 2861 281 42 insuffisants
1937 2861 109 53 (obs.
2081 2862 54 54 I),

513 2940 59 28 ou
593 2931 119 43 enfin
734 2947 55 29 en
813 2939 244 43 attendant
1080 2955 87 28 une
1190 2936 308 46 intervention
1526 2937 110 54 (obs.
1664 2939 45 40 II
1734 2942 45 38 et
1805 2937 106 54 III).

593 3066 314 46 OBSERVATION
934 3075 33 40 I.
981 3100 55 5 —
1055 3077 47 50 L.
1102 3077 112 50 J.,
1240 3077 139 40 soldat
1405 3088 53 27 au
1485 3075 98 40 126e
1607 3074 214 47 d'infant.,
1846 3074 296 54 vingt-quatre

510 3147 90 33 ans,
612 3129 136 45 blessé
762 3135 41 42 le
803 3135 55 42 28
869 3139 159 56 janvier
1028 3139 120 56 1916
1159 3144 24 38 à
1197 3140 489 42 Neuville-Saint-Vaast
1700 3153 78 40 par
1791 3141 108 40 éclat
1910 3142 52 39 de
1971 3142 168 41 bombe.

593 3198 134 42 Entré
766 3199 39 39 le
842 3213 47 40 25
932 3208 236 50 septembre
1208 3207 104 52 1916
1357 3218 54 28 au
1453 3205 158 41 service
1650 3206 320 41 maxillo-facial
2008 3208 52 39 de
2098 3209 43 37 la

515 3275 70 36 12e
617 3263 155 55 région.
