2503 3769
314 599 6 2 -
353 553 261 69 Plastic
667 549 372 95 prothesis
1094 546 78 71 in
1220 545 156 71 face
1426 545 410 75 mutilations
1836 545 137 75 (I)

1028 764 62 28 BY
1116 762 177 31 MESSRS.

488 898 48 54 L.
574 896 631 49 ROUSSEAU-DECELLE,

418 982 237 31 Chief-doctor
677 983 40 29 of
734 984 58 28 the
816 983 124 30 Center
963 982 40 30 of
1024 981 235 40 Stomatology

666 1035 39 29 of
718 1036 58 28 the
795 1035 77 29 12th
888 1035 130 39 region.
1060 1037 11 6 -

1461 895 133 52 CH.
1594 895 268 52 DUBOST,

1509 982 303 41 Surgeon-dentist.

452 1430 158 50 When,
645 1430 47 42 in
729 1442 122 43 1912,
888 1430 252 55 Henning's
1179 1431 188 42 method
1413 1444 123 29 came
1571 1435 47 37 to
1653 1431 56 42 be
1740 1431 168 41 known
1942 1429 46 43 in

361 1506 184 51 France,
571 1507 35 42 it
632 1508 177 42 seemed
833 1507 101 43 that
959 1507 36 42 it
1020 1507 149 44 would
1193 1507 319 43 revolutionize
1538 1508 59 41 all
1621 1507 76 43 the
1722 1507 267 43 restorative

362 1584 234 53 prothesis.
696 1585 93 52 The
828 1599 104 36 war,
974 1585 146 43 which
1158 1586 139 42 broke
1337 1589 80 38 out
1456 1586 85 42 less
1580 1586 112 41 than
1731 1589 89 38 two
1861 1598 129 42 years

365 1660 274 51 afterwards,
674 1663 237 55 appeared,
944 1662 46 43 in
1023 1677 156 29 reason
1211 1664 45 41 of
1287 1664 78 42 the
1395 1662 206 57 multiple
1631 1662 240 55 maimings
1902 1657 91 47 and

366 1722 322 58 deformations
716 1739 46 41 of
788 1740 77 41 the
894 1741 109 48 face,
1033 1745 48 37 to
1111 1754 115 41 open
1254 1754 58 28 an
1340 1740 164 43 almost
1530 1739 239 43 unlimited
1795 1739 105 42 field
1926 1739 70 41 for

367 1811 59 43 its
459 1814 287 56 application.
841 1817 124 49 Now,
1001 1816 36 42 it
1070 1821 123 38 must
1226 1818 56 42 be
1315 1817 261 55 recognized
1609 1817 106 46 that
1745 1817 117 42 after
1894 1816 102 46 four

366 1901 129 40 years
526 1891 46 41 of
601 1891 250 55 hostilities,
886 1893 76 43 the
993 1894 161 56 plastic
1185 1894 221 56 prothesis
1436 1894 36 43 is
1503 1894 163 42 looked
1695 1907 122 42 upon
1848 1893 35 42 if
1912 1898 81 38 not

367 1964 111 43 with
513 1966 211 43 discredit
758 1971 49 39 at
841 1968 114 43 least
988 1970 113 43 with
1101 1970 91 43 an
1227 1971 178 45 almost,
1425 1971 178 54 general
1636 1970 299 43 indifference.

454 2042 144 55 Apart
640 2043 115 42 from
796 2044 78 42 the
916 2047 162 41 Center
1118 2047 45 41 of
1202 2044 308 57 stomatology
1550 2051 49 37 at
1640 2048 164 54 Lyons,
1847 2047 146 42 where

371 2115 133 51 Pont,
533 2118 99 41 who
660 2118 228 56 imported
915 2121 77 42 the
1020 2124 189 41 method
1235 2122 96 43 into
1360 2123 184 48 France,
1572 2122 221 54 practises
1818 2122 38 42 it
1885 2136 58 29 on
1972 2136 27 27 a

369 2190 114 43 wide
518 2192 128 50 scale,
685 2195 91 41 and
810 2195 104 42 that
949 2197 46 41 of
1031 2197 217 56 Limoges,
1286 2197 145 42 where
1466 2211 67 28 we
1568 2211 73 28 are
1676 2197 321 56 investigating

370 2264 37 43 it
430 2267 72 49 for.
520 2268 156 55 nearly
698 2269 204 55 eighteen
925 2274 197 50 months,
1147 2274 37 42 it
1207 2274 37 42 is
1265 2277 81 37 not
1370 2272 166 56 applied
1536 2272 84 56 in
1643 2275 170 42 France
1837 2279 161 51 except

372 2348 48 38 at
446 2345 104 55 long
575 2346 215 45 intervals
816 2348 46 43 in
889 2364 122 30 some
1038 2366 97 30 rare
1162 2351 234 44 services.

455 2421 97 44 The
586 2437 180 30 reasons
800 2425 56 58 of
856 2425 114 58 this
1004 2428 231 43 disfavour
1269 2441 73 28 are
1375 2425 207 56 multiple
1616 2427 91 42 and
1741 2427 45 41 of
1819 2427 182 43 various

376 2503 127 40 sorts.
606 2500 131 45 Some
779 2502 139 44 relate
960 2508 48 38 to
1051 2499 159 63 purely
1251 2501 222 45 technical
1514 2515 202 37 reasons;
1760 2503 151 43 others
1954 2508 48 38 to

354 2576 237 65 practical
629 2584 180 38 reasons
849 2580 91 42 and
978 2594 74 30 are
1093 2583 87 41 due
1219 2585 47 37 to
1307 2579 76 41 the
1423 2577 218 50 maimed;
1682 2577 130 45 while
1852 2580 151 42 others

375 2655 179 63 finally
563 2670 73 39 are
668 2657 246 43 somewhat
946 2656 329 57 psychological
1307 2655 93 42 and
1430 2655 177 54 depend
1637 2669 124 41 upon
1793 2656 77 42 the
1902 2670 102 42 pro-

375 2732 195 44 thesists.

468 2863 33 41 I.
536 2863 335 42 DIFFICULTIES
892 2876 58 30 OF
967 2872 268 33 TECHNICAL
1253 2870 171 31 ORDER.
1444 2859 141 43 -'To
1603 2861 107 43 take
1730 2875 27 28 a
1773 2861 234 55 moulding

380 2938 47 40 of
459 2939 77 42 the
570 2940 110 49 face,
714 2944 50 38 to
797 2940 294 43 reconstitute
1123 2940 63 53 by
1217 2950 100 28 wax
1351 2936 77 42 the
1461 2936 184 55 missing
1678 2942 115 51 part,
1829 2943 48 37 to
1912 2943 95 38 cast

378 3012 38 41 it
449 3013 46 42 in
528 3019 128 50 paste
688 3015 111 42 with
832 3030 27 27 a
890 3016 249 58 gelatinous
1171 3012 119 43 basis
1322 3013 92 41 and
1445 3017 47 38 to
1525 3017 84 52 put
1642 3013 36 42 it
1710 3014 46 42 in
1788 3015 126 55 place
1946 3016 64 55 by

380 3101 156 29 means
557 3090 46 40 of
623 3104 26 27 a
670 3091 192 42 suitable
882 3095 190 45 cement,
1096 3090 59 42 all
1174 3088 90 42 this
1283 3088 37 42 is
1342 3090 270 54 apparently
1632 3104 117 40 easy.
1835 3091 171 54 Really,

440 3204 46 39 (1)
505 3204 60 30 See
582 3206 59 29 the
659 3206 220 31 illustrations
893 3218 88 30 page
997 3207 19 30 6
1033 3208 66 29 and
1115 3206 194 39 following.
