2521 3775
758 363 114 29 NOTE
904 364 83 27 SUR
1016 363 78 27 LES
1124 360 239 28 APPAREILS
1393 359 27 27 A
1451 357 141 30 VOLET
1936 353 50 40 33

521 3298 38 19 LA
584 3298 253 22 RESTAURATION
862 3293 322 27 MAXILLO-FACIALE.

1917 3287 14 29 5

360 470 87 38 que
489 453 62 42 les
592 451 148 42 brides
782 450 211 40 fibreuses
1026 445 461 53 interfragmentaires
1522 445 243 42 arrivaient
1803 445 25 40 à
1863 442 124 41 offrir

362 531 113 40 dans
500 528 64 42 les
589 528 316 41 mouvements
931 521 133 43 utiles
1094 534 115 42 pour
1241 520 43 40 la
1315 520 291 44 mastication
1632 535 87 28 une
1746 520 242 42 résistance

363 603 100 52 plus
489 616 86 40 que
602 602 231 40 suffisante
860 610 113 42 pour
1000 610 59 28 un
1087 595 359 43 rétablissement
1474 596 277 43 fonctionnel
1776 595 212 56 complet.

452 677 125 39 Nous
616 688 141 28 avons
796 675 175 52 poussé,
1013 673 314 47 disions-nous,
1369 676 118 38 cette
1527 673 242 55 technique
1807 671 184 56 jusqu'à

365 763 80 27 son
471 752 198 38 extrême
695 747 163 48 limite;
885 750 112 39 dans
1024 749 75 40 des
1127 761 74 28 cas
1226 748 57 39 où
1310 760 174 29 aucune
1509 748 181 55 portion
1717 749 54 41 de
1801 747 193 43 branche

525 2395 70 30 FIG.
617 2405 26 30 5.
658 2411 39 5 —
714 2393 88 30 Ch.
830 2391 259 40 Radiographie,
1107 2398 80 21 avec
1210 2384 172 41 l'appareil
1407 2383 15 30 à
1446 2383 94 30 volet
1562 2392 41 20 en
1626 2383 143 29 bouche.
1788 2381 56 31 On
1866 2384 72 28 voit

483 2446 185 26 nettement
685 2451 64 30 que
766 2441 30 30 le
814 2440 92 30 volet
928 2442 49 26 est
1001 2436 227 41 indépendant
1252 2433 41 29 du
1320 2432 163 38 fragment
1505 2429 158 30 conservé
1688 2440 40 18 au
1752 2430 120 28 niveau
1895 2429 43 29 du

484 2490 155 39 condyle.

525 2554 106 41 (Ch.
656 2551 212 41 Radiograph
889 2550 86 32 with
992 2550 128 31 shutter
1142 2549 187 40 apparatus,
1355 2544 32 28 in
1402 2543 57 29 the
1477 2541 128 30 mouth.
1653 2540 29 29 It
1701 2540 241 29 demonstrates

486 2603 128 39 plainly
629 2602 73 29 that
716 2600 57 30 the
790 2599 130 29 shutter
937 2599 25 27 is
980 2596 226 41 indépendant
1230 2593 85 30 from
1338 2590 56 29 the
1420 2589 165 39 fragment
1608 2587 82 39 kept
1715 2596 43 20 on
1774 2587 58 29 the
1854 2596 88 20 same

488 2650 86 28 level
592 2649 80 29 than
691 2648 57 28 the
767 2645 171 40 condyle.)

408 2827 235 38 montante
677 2821 159 43 n'était
871 2821 250 46 conservée,
1157 2829 58 28 ou
1248 2812 101 43 bien
1384 2811 76 41 des
1493 2806 201 58 portions
1729 2808 61 42 du
1822 2805 204 58 condyle,

408 2898 54 42 de
492 2912 82 30 son
604 2899 81 49 col,
716 2896 308 45 inaccessibles
1053 2907 113 44 pour
1195 2904 85 29 une
1310 2884 275 58 application
1615 2884 305 56 prothétique,
1952 2884 78 42 des

409 2975 221 54 appareils
659 2976 62 42 du
748 2977 146 40 même
922 2973 127 42 ordre
1077 2982 113 30 nous
1218 2970 80 37 ont
1328 2963 147 42 donné
1503 2961 77 41 des
1609 2961 211 43 résultats
1849 2974 183 43 propor-

409 3047 341 47 tionnellement
782 3049 296 57 équivalents.

500 3126 65 42 La
595 3127 160 42 remise
786 3141 56 28 en
874 3126 125 56 place
1030 3116 273 63 impeccable
1336 3116 54 42 de
1422 3113 43 43 la
1495 3113 182 56 portion
1710 3114 237 42 conservée
1981 3114 53 41 de

414 3195 44 44 la
487 3202 274 51 mandibule,
795 3203 261 43 maintenue
1087 3211 81 43 par
1199 3209 62 28 un
1292 3190 127 57 point
1452 3190 187 56 d'appui
1670 3195 186 51 portant
1888 3204 76 28 sur
1994 3189 44 43 la
