2518 3790
473 371 226 40 PROTHÈSE
728 382 240 37 PLASTIQUE
998 380 115 29 DANS
1142 379 82 28 LES
1250 378 302 28 MUTILATIONS
1580 378 58 27 DE
1668 378 54 27 LA
1752 377 110 28 FACE
1991 376 24 39 9

483 473 50 49 40
564 467 46 42 Si
635 467 81 43 elle
743 468 187 52 dépasse
965 479 62 27 un
1054 477 88 42 peu
1166 462 63 41 les
1253 460 168 43 limites
1453 463 55 41 de
1532 462 45 42 la
1601 464 226 54 prothèse,
1855 461 81 43 elle
1961 475 56 28 ne

395 543 142 43 forme
568 557 81 41 pas
680 558 72 27 ces
782 544 195 40 bavures
1008 539 232 42 brillantes
1272 552 85 40 que
1389 538 265 54 produisent
1685 539 62 42 les
1778 538 178 42 résines.

486 680 83 40 III.
605 681 300 49 OBJECTIONS
942 677 212 42 D'ORDRE
1187 685 406 39 PSYCHOLOGIQUE.
1626 700 61 6 —
1715 677 126 40 Nous
1877 687 142 29 avons

396 769 57 27 eu
476 754 239 43 l'occasion
742 755 52 42 de
820 759 202 38 montrer
1047 754 77 41 des
1149 751 164 43 blessés
1338 764 201 42 pourvus
1565 753 54 40 de
1644 753 233 54 prothèses
1902 750 117 56 plas-

398 831 148 54 tiques
582 831 27 40 à
645 830 220 56 plusieurs
903 829 218 43 dentistes
1158 832 44 38 et
1239 826 398 56 stomatologistes.
1678 829 116 41 Leur
1829 827 192 56 premier

1030 2424 83 42 FIG.
1113 2424 49 42 3.
1162 2424 33 42 -
1195 2424 151 42 SOlda-t
1361 2422 56 37 J.

411 2612 292 39 mouvement
733 2611 67 39 est
830 2607 243 44 d'admirer
1100 2609 63 42 les
1192 2606 212 43 résultats
1434 2605 207 46 obtenus,
1673 2603 100 53 puis
1801 2603 230 55 lorsqu'on

411 2685 95 43 leur
534 2698 164 43 expose
728 2698 87 42 que
844 2700 48 28 ce
920 2699 81 28 nez
1030 2699 59 28 ou
1117 2688 119 38 cette
1265 2680 148 44 oreille
1442 2680 192 41 devront
1663 2680 94 42 être
1785 2678 248 57 remplacés

413 2764 112 41 dans
549 2762 313 56 vingt-quatre
888 2763 157 42 heures
1070 2775 59 29 ou
1153 2763 120 41 deux
1294 2757 122 54 jours
1432 2769 57 28 au
1503 2755 101 56 plus
1618 2758 118 47 tard,
1751 2755 282 44 immédiate-

413 2844 125 38 ment
552 2839 94 43 leur
661 2841 138 52 figure
814 2841 171 53 change
1000 2843 45 38 et
1060 2838 44 42 la
1117 2836 213 43 méthode
1347 2833 110 55 perd
1471 2846 114 41 pour
1609 2848 88 27 eux
1722 2837 103 38 tout
1849 2832 181 43 intérêt.

502 2916 37 40 Il
565 2932 30 40 y
620 2931 26 27 a
671 2915 57 49 là,
756 2915 276 49 semble-t-il,
1059 2929 62 27 un
1148 2927 74 27 cas
1247 2909 183 44 curieux
1457 2911 53 41 de
1537 2910 303 42 déformation
1865 2911 168 55 profes-

412 2991 228 43 sionnelle.
666 2994 83 40 Les
772 2988 293 59 prothésistes
1087 2992 104 40 sont
1214 2986 233 42 tellement
1470 2986 210 42 habitués
1704 2988 25 41 à
1752 2987 109 42 faire
1885 2990 150 47 entrer

414 3067 113 41 dans
555 3067 43 42 la
626 3067 310 45 construction
966 3069 77 40 des
1072 3063 221 58 appareils
1322 3064 54 40 de
1405 3064 210 54 prothèse
1642 3063 64 43 les
1735 3063 216 42 éléments
1980 3063 54 41 de

415 3142 177 42 solidité
623 3147 46 36 et
707 3144 53 40 de
792 3144 151 49 durée,
975 3142 132 55 qu'ils
1138 3144 103 39 sont
1274 3142 186 39 étonnés
1498 3141 53 41 de
1590 3140 98 42 voir
1721 3154 45 28 se
1800 3143 236 38 contenter

416 3218 134 42 d'une
576 3219 210 54 prothèse
814 3218 35 42 si
876 3220 249 53 éphémère.
