2482 3868
824 478 285 30 EXTRA-ORAL
1136 476 256 31 EXPANSION
1422 477 165 31 DEVICE
1968 476 53 43 57

396 554 138 48 upper
552 557 136 51 teeth,
711 564 220 57 opposing
950 566 75 42 the
1046 567 224 54 fragment
1290 565 145 41 which
1455 580 90 28 was
1565 570 47 38 to
1633 568 54 41 be
1700 565 315 51 immobilized,

392 614 44 46 in
460 629 108 42 such
591 646 188 36 manner
802 621 103 63 that
931 643 201 42 whether
1156 643 76 42 the
1257 642 162 41 mouth
1443 643 55 41 be
1524 656 116 42 open
1672 657 49 28 or
1753 643 160 50 closed,
1940 643 77 42 the

392 706 140 48 upper
560 711 139 52 teeth,
734 718 167 55 setting
931 719 47 42 in
1009 719 91 43 this
1131 724 116 50 stop,
1282 718 203 43 steadied
1514 720 78 42 the
1623 724 152 50 gutter
1806 720 92 47 and
1921 734 97 41 pre-

392 781 165 42 vented
582 793 212 42 removal.

465 855 52 42 A
551 869 93 42 cast
677 874 154 49 gutter
867 873 84 55 (16)
989 888 90 27 was
1113 874 289 41 constructed
1434 886 57 29 on
1524 874 78 41 the
1635 873 119 55 right
1794 874 224 54 fragment

392 925 100 47 that
522 950 91 32 was
641 947 47 39 to
720 947 55 44 be
805 949 319 58 realigned.
1134 951 69 43 On
1234 950 77 44 the
1341 949 167 57 lingual
1537 954 103 53 part
1672 951 46 41 of
1747 950 90 43 this
1867 954 152 52 gutter

1140 2458 78 38 FIG.
1218 2458 47 38 4.

386 2617 86 82 two
502 2628 143 50 shafts
677 2650 53 43 17
758 2642 92 42 and
880 2644 52 42 18
960 2643 116 43 have
1104 2644 114 43 been
1245 2643 171 56 placed,
1446 2642 134 42 made
1608 2642 45 41 of
1670 2641 126 42 hard
1819 2641 195 43 German

385 2692 132 53 silver
547 2710 104 46 wire
685 2729 25 30 2
742 2718 117 56 m/m
895 2719 145 56 (5/64"
1077 2720 204 56 approx.)
1318 2717 218 44 diameter
1568 2718 92 42 and
1693 2719 25 41 8
1748 2716 115 55 m/m
1895 2718 117 55 long.

386 2768 126 64 They
542 2797 74 32 are
648 2792 203 46 soldered
882 2796 235 55 vertically
1148 2800 47 38 to
1227 2799 157 52 gutter
1414 2794 52 41 16
1498 2797 48 39 at
1578 2793 118 43 their
1724 2794 136 42 lower
1890 2794 122 50 ends,

381 2853 94 40 and
496 2858 116 46 their
633 2880 152 44 upper
799 2873 102 47 ends
901 2873 103 47 are
1028 2873 219 43 threaded
1269 2871 91 43 and
1380 2870 220 55 provided
1622 2870 110 43 with
1755 2870 128 43 small
1905 2875 108 39 nuts

384 2933 51 32 21
461 2936 91 41 and
576 2951 66 32 22.

469 3005 118 51 Slide
620 3027 25 43 5
680 3020 56 43 it
751 3027 248 42 connected
1030 3030 49 38 to
1113 3027 78 42 the
1224 3026 122 41 front
1368 3025 58 41 'of
1459 3024 78 43 the
1570 3028 152 51 gutter
1758 3025 53 42 16
1844 3025 63 55 by
1935 3025 78 43 the

384 3082 232 52 extension
648 3108 52 42 19
728 3101 134 43 made
891 3104 45 40 of
964 3103 148 42 round
1140 3103 194 42 German
1363 3100 133 53 silver
1522 3100 104 43 wire
1656 3101 46 54 of
1729 3112 28 42 4
1783 3099 115 57 m/m
1921 3101 93 43 dia-

384 3160 152 44 meter.
620 3172 95 44 The
737 3176 123 44 front
882 3184 109 50 part
1010 3180 46 42 of
1077 3179 91 43 this
1191 3176 233 45 extension
1446 3177 38 43 is
1506 3178 203 42 soldered
1731 3181 47 38 to
1796 3181 154 51 gutter
1970 3188 42 42 5,

383 3233 91 77 and
501 3240 77 45 the
608 3251 205 53 opposite
841 3260 105 50 part
969 3257 117 42 ends
1114 3256 45 41 in
1190 3269 26 27 a
1246 3254 109 42 tube
1384 3253 204 43 soldered
1616 3258 58 37 on
1703 3240 60 55 its
1786 3254 100 49 end,
1915 3268 97 28 ver-

383 3302 153 67 tically
564 3333 46 30 so
641 3318 61 50 as
719 3333 47 38 to
796 3330 134 57 hinge
958 3347 122 42 upon
1111 3332 121 44 shaft
1264 3330 66 42 18.
