2380 3775
692 412 282 29 EXTRA-ORAL
1002 410 253 29 EXPANSION
1287 410 164 30 DEVICE
1833 408 49 43 55

266 512 140 42 upper
439 499 109 54 edge
583 499 44 40 of
660 499 77 41 the
771 499 132 40 lower
934 496 76 56 lip,
1046 496 146 41 which
1223 496 46 41 is
1292 511 236 41 necessary
1561 504 48 36 to
1638 498 129 42 allow
1787 498 101 41 free

267 572 193 55 opening
491 572 45 41 of
565 572 77 42 the
670 571 162 41 mouth
862 571 77 41 the
970 570 132 41 slides
1131 569 133 53 being
1293 571 257 42 extra-oral.

354 644 139 42 Slides
519 654 23 42 5
567 646 94 40 and
686 644 25 41 6
735 644 145 42 which
905 634 109 52 slide
1040 656 56 28 on
1120 641 127 43 wires
1274 654 22 29 I
1324 644 91 41 and
1440 656 25 30 2
1491 658 73 28 are
1589 645 134 42 made
1749 648 80 38 out
1845 643 45 43 of

268 723 88 36 two
384 717 375 53 gauge-adjusted
786 719 131 40 tubes
946 731 56 27 on
1030 717 125 41 these
1182 715 147 50 wires;
1357 716 157 54 length
1542 717 44 41 of
1615 718 110 41 each
1751 730 24 29 2
1804 732 83 27 cm.

274 789 115 54 (3/4"
421 789 219 54 approx.).

356 861 124 40 Each
502 860 108 42 slide
632 861 37 41 is
690 862 218 53 provided
930 867 47 37 at
999 863 59 41 its
1080 861 118 54 right
1221 862 87 41 end
1328 861 110 42 with
1461 876 26 27 a
1508 863 168 42 button
1698 875 26 41 7
1739 864 91 41 and
1853 863 43 49 8,

271 932 68 40 for
368 932 78 41 the
478 932 283 42 attachment
794 934 46 40 of
871 934 188 42 elastics.

1033 2367 80 31 FIG.
1113 2367 48 31 I.

379 2512 165 44 Screws
576 2526 24 42 9
632 2515 91 42 and
756 2528 66 37 10,
857 2517 203 55 opposite
1082 2517 108 43 each
1216 2515 247 51 extension,
1497 2530 74 29 arc
1601 2517 112 43 used
1737 2521 48 37 to
1810 2516 102 44 lock

293 2588 109 42 each
427 2587 121 44 slide.

378 2664 208 43 Movable
610 2663 109 44 slide
747 2677 64 38 11,
838 2664 146 43 which
1007 2665 76 41 fits
1106 2678 57 28 on
1187 2661 126 43 wires
1339 2674 22 28 1
1388 2663 92 41 and
1504 2675 38 37 2,
1569 2662 37 43 is
1620 2663 221 55 provided
1864 2669 48 37 to

294 2736 221 44 maintain
540 2738 124 42 them
690 2742 48 38 at
762 2753 27 28 a
812 2738 184 56 parallel
1021 2737 213 47 distance,
1260 2738 48 38 to
1334 2748 113 40 vary
1471 2736 77 41 the
1563 2735 178 43 tension
1767 2736 45 42 of
1836 2737 78 43 the

296 2824 163 42 opener
482 2805 94 50 and
601 2817 48 37 to
678 2816 186 52 support
891 2813 190 40 buttons
1110 2822 52 30 12
1190 2808 91 42 and
1309 2819 50 41 13
1389 2821 56 28 on
1472 2808 147 43 which
1637 2809 176 44 elastics
1841 2824 74 29 arc

296 2886 172 53 passed.

382 2958 63 52 To
468 2957 153 54 adjust
643 2958 175 42 tension
840 2958 46 42 of
906 2959 258 54 apparatus,
1189 2954 77 42 the
1287 2955 208 42 movable
1516 2956 110 43 slide
1650 2969 51 29 11
1724 2957 36 42 is
1775 2956 161 48 either,

296 3028 195 54 brought
510 3044 165 28 nearer
688 3044 46 28 or
756 3032 166 41 moved
942 3032 116 40 from
1078 3028 77 42 the
1176 3040 187 41 grooves
1385 3038 24 43 5
1430 3030 92 41 and
1539 3029 44 50 6,
1604 3033 85 38 nut
1707 3041 53 42 14
1771 3026 148 46 which

296 3099 37 42 is
358 3103 218 40 mounted
602 3102 142 42 under
770 3104 76 42 the
874 3103 108 43 slide
1008 3102 37 43 is
1071 3102 111 41 used
1207 3104 48 38 to
1282 3100 111 49 lock
1410 3115 121 29 same
1558 3107 48 37 at
1633 3116 92 40 any
1747 3103 172 43 desired

297 3172 208 55 position.

385 3245 190 44 Tension
606 3247 59 49 oC
665 3247 100 49 the
786 3248 175 43 elastics
989 3246 37 43 is
1056 3245 214 47 obtained
1297 3246 63 58 by
1388 3246 181 61 passing
1590 3247 125 45 them
1745 3248 209 56 around
