2622 3883
480 417 24 40 6
869 424 55 28 LA
949 424 334 29 RESTAURATION
1309 423 402 30 MAXILLO-FACIALE

480 512 118 42 C'est
624 510 44 41 là
694 524 61 27 un
781 507 129 57 point
938 508 179 56 capital.
1147 510 45 42 Si
1216 509 91 43 l'on
1334 523 45 28 se
1406 512 213 39 contente
1648 509 53 42 de
1727 506 65 43 lui
1817 504 110 43 faire
1953 503 151 42 couler

480 602 51 28 sa
557 587 210 55 prothèse
793 600 88 27 une
907 599 60 28 ou
993 587 119 41 deux
1138 586 94 43 fois
1251 592 141 38 avant
1420 601 49 28 sa
1495 585 136 43 sortie
1660 587 54 41 de
1740 581 209 57 l'hôpital
1976 584 46 37 et
2051 580 54 41 de

483 662 244 57 l'expédier
750 676 110 31 avec
884 676 80 29 son
988 663 163 49 moule,
1176 678 50 28 sa
1248 666 107 54 pâte
1379 667 46 39 et
1449 678 49 27 sa
1521 662 125 50 colle,
1672 660 145 57 quelle
1842 673 87 42 que
1953 656 87 43 soit
2063 655 45 42 la

486 741 139 43 classe
646 739 161 44 sociale
829 741 26 41 à
874 739 190 56 laquelle
1085 740 29 42 il
1136 741 311 56 appartienne,
1468 741 39 42 le
1534 740 143 43 blessé
1702 743 257 42 tâtonnera,
1982 748 125 29 man-

488 832 139 41 quera
653 832 48 27 sa
727 816 136 57 pièce,
891 818 162 55 perdra
1079 819 61 42 du
1165 824 149 51 temps
1341 824 60 44 et,
1428 817 127 50 lassé,
1584 818 324 42 abandonnera
1934 827 50 29 sa
2009 824 100 45 pro-

487 895 141 42 thèse.

579 970 38 41 Il
647 971 100 42 faut
779 986 86 41 que
896 972 43 41 la
968 972 201 53 réfection
1199 972 49 42 de
1279 987 48 27 sa
1357 973 192 55 prothèse
1578 971 206 43 devienne
1814 973 111 51 pour
1957 964 67 43 lui
2053 977 62 27 un

495 1052 88 38 acte
622 1048 302 54 automatique,
963 1054 45 37 et
1051 1062 114 42 pour
1209 1048 96 44 cela
1349 1048 28 42 il
1421 1054 68 37 est
1532 1046 245 45 nécessaire
1824 1046 53 41 de
1912 1039 205 54 l'obliger

1264 2183 79 31 FIG.
1343 2183 48 31 I.

524 2352 172 55 chaque
727 2352 157 51 matin,
918 2356 202 53 pendant
1148 2357 119 41 deux
1306 2369 59 27 ou
1401 2353 109 41 trois
1542 2351 236 50 semaines,
1808 2351 26 40 à
1863 2349 150 42 couler
2041 2352 46 38 et
2119 2348 27 40 à

523 2427 150 57 placer
703 2443 49 29 sa
784 2431 209 55 prothèse
1025 2437 45 38 et
1103 2434 53 41 de
1187 2448 56 28 ne
1273 2431 40 44 le
1346 2430 155 43 laisser
1535 2428 144 57 partir
1716 2442 87 41 que
1838 2424 202 57 lorsqu'il
2080 2427 69 41 est

528 2519 162 43 rompu
717 2507 26 41 à
770 2511 118 40 cette
916 2523 279 30 manœuvre.

617 2588 49 38 2°
695 2585 128 42 Nous
847 2585 65 43 lui
939 2587 208 44 donnons
1173 2601 82 29 son
1281 2583 151 44 moule
1460 2582 198 44 enfermé
1685 2584 114 40 dans
1825 2594 88 28 une
1941 2579 123 42 boîte
2093 2579 62 41 du

533 2660 174 42 modèle
732 2663 230 54 reproduit
989 2665 138 52 figure
1156 2677 22 28 i
1205 2668 45 38 et
1277 2663 112 41 dont
1414 2673 114 29 nous
1554 2672 142 28 avons
1721 2657 167 54 exposé
1912 2654 102 56 plus
2039 2655 113 40 haut

530 2734 62 44 les
618 2742 260 51 avantages,
907 2739 113 43 ainsi
1046 2741 167 55 qu'une
1240 2736 211 57 quantité
1477 2736 55 42 de
1558 2737 107 53 pâte
1692 2734 234 41 suffisante
1952 2744 115 41 pour
2091 2728 65 43 lui

534 2818 245 49 permettre
810 2815 53 43 de
895 2816 151 43 couler
1076 2817 25 41 à
1132 2817 205 42 l'avance
1369 2827 87 28 une
1489 2810 174 44 dizaine
1695 2810 54 41 de
1780 2808 235 55 prothèses
2047 2805 109 55 qu'il

536 2901 212 31 conserve
779 2891 26 42 à
835 2872 131 62 l'abri
997 2894 54 42 de
1081 2893 44 42 la
1155 2892 201 48 lumière,
1391 2891 54 41 de
1476 2891 120 40 sorte
1629 2885 110 57 qu'il
1769 2887 161 40 n'aura
1960 2888 105 37 tous
2094 2882 64 42 les

540 2962 123 55 jours
687 2966 107 55 qu'à
817 2968 111 43 fixer
952 2984 50 28 sa
1024 2969 139 56 pièce,
1190 2984 48 29 ce
1263 2968 79 57 qui
1365 2983 56 28 ne
1444 2965 65 44 lui
1533 2965 276 43 demandera
1833 2975 86 42 que
1945 2959 218 57 quelques

542 3040 209 46 minutes.
784 3044 35 41 Il
845 3060 55 28 ne
928 3061 97 28 sera
1052 3046 113 43 ainsi
1192 3046 189 44 astreint
1410 3058 87 42 que
1524 3042 110 43 trois
1662 3040 83 59 fois
1771 3054 84 42 par
1880 3037 114 43 mois
2021 3038 26 40 à
2074 3050 88 28 une

541 3118 158 43 séance
726 3120 54 42 de
804 3122 165 43 coulée.

629 3195 60 41 Le
710 3197 158 42 mutilé
888 3202 247 53 comprend
1154 3201 94 42 vite
1267 3200 63 42 les
1352 3203 249 49 avantages
1623 3197 54 42 de
1698 3199 119 39 cette
1838 3194 225 56 prothèse,
2087 3190 78 56 qui

541 3273 64 45 lui
631 3276 175 54 permet
834 3275 54 41 de
914 3275 185 43 circuler
1126 3290 103 28 sans
1255 3279 135 41 même
1418 3274 145 44 attirer
1589 3271 254 50 l'attention,
1871 3269 191 43 résultat
2090 3267 78 55 qui
