2530 3805
509 376 228 41 PROTHÈSE
767 390 241 39 PLASTIQUE
1039 390 119 29 DANS
1185 391 80 28 LES
1293 391 302 30 MUTILATIONS
1625 393 58 27 DE
1714 394 54 27 LA
1798 394 111 27 FACE
2033 392 25 40 7

428 472 116 43 n'est
564 474 171 43 obtenu
752 487 83 43 par
852 487 175 30 aucune
1044 478 143 38 autre.
1207 475 148 48 Aussi,
1375 475 27 41 à
1419 482 103 48 part
1541 478 218 54 quelques
1778 477 276 56 exceptions,

429 563 189 43 presque
638 554 105 39 tous
765 549 389 56 s'astreignent-ils
1176 549 257 44 facilement
1455 565 91 30 aux
1567 552 259 45 différentes
1846 568 214 28 manœu-

428 642 101 28 vres
557 629 54 42 de
638 628 269 43 confection.

516 705 112 43 Mais
657 704 179 57 lorsque
865 704 44 43 la
937 704 123 57 pièce
1091 719 26 28 a
1146 705 71 41 été
1246 705 155 53 portée
1432 707 203 53 pendant
1668 706 219 56 quelques
1915 706 138 55 jours,

429 781 210 56 apparaît
663 796 116 42 pour
800 781 39 43 le
863 781 143 43 blessé
1031 796 61 28 un
1115 785 130 38 autre
1267 779 323 45 inconvénient
1637 783 416 56 particulièrement

427 872 136 41 grave
586 864 45 38 et
655 859 136 42 d'une
813 859 283 55 importance
1119 857 104 43 telle
1246 856 109 57 qu'il
1378 859 190 43 suffirait
1592 860 27 41 à
1641 860 63 42 lui
1726 861 96 42 seul
1845 861 27 42 à
1894 862 159 42 rendre

429 940 118 39 cette
583 940 119 39 sorte
739 938 54 41 de
829 937 209 55 prothèse
1073 934 335 57 inemployable
1443 935 69 41 s'il
1546 937 163 42 n'était
1745 938 196 55 possible
1977 938 78 55 d'y

428 1013 231 44 remédier.

516 1092 79 41 Cet
613 1088 335 49 inconvénient,
968 1088 109 43 c'est
1095 1087 44 43 la
1156 1087 191 43 fixation
1364 1103 83 41 par
1465 1102 86 29 une
1570 1089 124 42 colle.
1716 1091 128 42 Cette
1863 1090 192 43 fixation

427 1166 184 56 produit
643 1167 70 45 en,
713 1167 123 45 effet
869 1179 75 28 sur
973 1165 44 42 la
1048 1179 116 41 peau
1195 1178 87 29 une
1313 1164 227 44 irritation
1573 1166 113 42 dont
1718 1166 43 42 la
1791 1172 163 38 nature
1985 1173 68 37 est

428 1243 126 56 triple
554 1243 37 56 :

518 1325 48 35 io
603 1321 96 41 Une
720 1318 219 43 irritation
960 1319 82 42 due
1062 1319 26 41 à
1109 1318 202 42 l'entrave
1330 1318 141 56 portée
1493 1332 57 28 au
1571 1318 366 53 fonctionnement
1957 1333 97 28 nor-

431 1397 89 41 mal
543 1396 50 42 de
617 1397 43 41 la
683 1386 115 66 peau
824 1397 111 41 dans
961 1401 131 37 toute
1115 1396 45 41 la
1184 1395 145 56 partie
1354 1400 276 37 recouverte.

516 1475 128 41 Cette
667 1468 227 48 irritation
917 1477 68 39 est
1009 1472 259 57 impossible
1292 1473 26 42 à
1340 1472 164 49 éviter;
1529 1471 110 44 c'est
1664 1473 61 41 du
1748 1476 116 38 reste
1887 1471 44 43 la
1953 1471 101 56 plus

427 1550 160 55 légère,
602 1555 44 37 et
665 1564 113 28 nous
803 1550 213 54 ajoutons
1038 1552 146 41 même
1209 1549 161 56 qu'elle
1393 1549 102 43 l'est
1519 1549 213 43 d'autant
1757 1548 100 56 plus
1881 1563 87 40 que
1991 1548 61 42 les

428 1628 233 52 prothèses
682 1632 103 37 sont
807 1633 194 37 souvent
1023 1627 262 56 appliquées
1305 1641 77 28 sur
1402 1628 77 42 des
1500 1626 136 43 tissus
1658 1625 261 43 cicatriciels
1940 1626 113 42 dans

427 1702 193 55 lesquels
636 1703 64 43 les
717 1703 227 44 fonctions
961 1707 214 41 cutanées
1193 1710 118 44 sont,
1331 1703 130 44 sinon
1479 1702 182 51 abolies,
1682 1705 62 42 du
1761 1702 146 44 moins
1923 1708 130 38 nota-

430 1778 205 43 blement
661 1779 265 44 diminuées.

516 1861 49 36 20
601 1857 97 41 Une
725 1857 220 43 irritation
972 1858 84 41 due
1082 1859 26 40 à
1137 1858 44 41 la
1208 1863 153 37 nature
1388 1860 134 40 même
1549 1858 73 41 des
1651 1858 123 41 colles
1802 1857 250 55 employées,

428 1930 90 53 qui,
549 1936 166 44 toutes,
747 1936 103 37 sont
880 1933 26 41 à
934 1933 108 42 base
1071 1933 175 42 d'éther
1274 1936 44 38 et
1348 1934 54 41 de
1431 1932 181 42 résines.

515 2010 49 48 30
599 2007 96 42 Une
719 2007 219 44 irritation
962 2009 83 42 due
1069 2023 89 28 aux
1177 2008 195 52 frictions.
1372 2008 54 52 à
1457 2008 161 43 l'éther
1636 2008 186 54 longues
1853 2014 45 37 et
1931 2010 124 41 éner-

428 2079 155 55 giques
606 2094 87 41 que
711 2081 39 43 le
769 2082 180 56 patient
967 2085 96 42 doit
1083 2085 234 56 pratiquer
1334 2083 335 55 fréquemment
1689 2097 115 42 pour
1822 2084 231 42 dissoudre

428 2153 39 43 le
494 2156 164 49 vernis,
687 2159 92 40 très
806 2160 221 43 adhérent
1055 2161 27 41 à
1108 2161 45 42 la
1179 2174 130 43 peau.

516 2233 57 41 Ce
593 2237 103 38 sont
717 2247 72 29 ces
810 2235 120 41 deux
951 2236 222 44 dernières
1193 2235 250 43 irritations
1464 2235 78 54 qui
1560 2240 104 37 sont
1686 2240 181 37 surtout
1888 2236 166 55 impor-

427 2310 150 39 tantes
601 2313 45 37 et
670 2308 77 54 qui
771 2309 201 56 obligent
994 2313 27 42 à
1043 2315 248 54 suspendre
1314 2311 39 43 le
1375 2316 104 51 port
1505 2312 53 41 de
1581 2311 234 56 l'appareil
1836 2312 216 55 jusqu'au

426 2386 154 38 retour
605 2384 54 42 de
683 2383 45 43 la
751 2399 119 41 peau
893 2388 27 42 à
944 2387 129 44 l'état
1098 2388 189 44 normal.
1315 2389 57 41 Ce
1398 2392 103 36 sont
1526 2386 106 43 elles
1656 2402 88 39 que
1767 2401 115 29 nous
1908 2402 142 29 avons

427 2459 189 42 cherché
640 2461 27 43 à
690 2461 255 57 supprimer
969 2479 55 28 en
1048 2466 239 43 modifiant
1312 2462 351 56 complètement
1689 2463 43 42 la
1756 2463 192 44 formule
1973 2467 78 40 des

430 2536 132 43 colles
591 2536 271 57 jusqu'alors
892 2540 269 57 employées,
1194 2557 54 27 en
1278 2538 236 44 éliminant
1545 2539 54 42 de
1627 2538 97 43 leur
1753 2540 301 55 composition

427 2614 63 45 les
515 2615 180 51 résines,
723 2617 92 55 qui,
842 2620 92 40 très
958 2620 270 43 adhérentes
1252 2620 27 40 à
1303 2616 44 43 la
1369 2629 132 42 peau,
1528 2629 56 28 ne
1608 2619 203 51 peuvent
1836 2615 218 44 s'enlever

427 2694 108 53 qu'à
561 2693 173 44 l'éther.

514 2772 126 41 Nous
667 2785 143 30 avons
837 2771 113 43 ainsi
975 2774 71 40 été
1075 2773 180 41 amenés
1281 2771 27 40 à
1335 2766 230 57 employer
1592 2768 77 42 des
1696 2768 134 43 colles
1856 2769 195 43 solubles

427 2848 112 41 dans
569 2847 97 43 l'eau
666 2847 49 43 :
747 2862 179 41 gomme
957 2848 229 54 arabique,
1218 2844 206 45 dextrine
1455 2858 55 27 en
1541 2843 196 44 solution
1768 2847 279 48 concentrée,

431 2924 209 43 dextrine
666 2930 46 37 et
738 2924 193 55 glucose,
958 2929 86 37 etc.

518 3002 167 41 Toutes
709 3016 71 27 ces
807 3001 132 41 colles
964 3016 55 26 ne
1044 2998 265 57 produisent
1335 3010 174 30 aucune
1529 2997 227 45 irritation
1780 3001 55 42 de
1856 3000 43 43 la
1919 3015 133 40 peau,

428 3076 112 41 mais
556 3081 80 42 ont
651 3077 40 42 le
704 3079 145 52 grand
862 3076 321 43 inconvénient
1198 3076 54 41 de
1266 3088 56 28 ne
1336 3074 118 42 tenir
1468 3075 141 54 qu'un
1625 3079 149 52 temps
1789 3078 91 41 très
1903 3082 144 37 court.

513 3152 143 53 Après
690 3152 220 54 plusieurs
946 3152 150 48 essais,
1132 3164 114 28 nous
1281 3163 114 29 nous
1430 3164 195 30 sommes
1661 3166 188 42 aperçus
1884 3168 86 40 que
2005 3154 45 41 la

429 3239 131 28 cause
591 3241 55 29 en
675 3226 112 43 était
816 3227 44 41 la
888 3226 232 43 mauvaise
1151 3226 246 41 adhérence
1428 3226 25 40 à
1482 3226 43 41 la
1553 3227 207 54 gélatine.
