2470 3766
813 395 57 29 ON
902 394 86 28 THE
1019 392 199 30 SHUTTER
1247 391 254 29 APPARATUS
1917 391 49 39 41

348 481 90 42 and
459 482 77 42 the
558 487 165 51 gutter,
748 481 76 42 the
847 480 169 43 torsion
1038 482 259 38 movement
1320 477 46 42 in
1390 479 77 41 the
1489 478 370 56 postero-frontal
1881 478 92 41 and

351 552 325 55 supero-lower,
710 551 192 42 without
936 563 90 41 any
1058 547 167 43 serious
1256 548 199 41 reaction
1489 549 46 40 of
1567 550 78 41 the
1678 550 161 41 tissues
1871 562 103 41 sup-

351 622 180 55 porting
557 623 77 42 the
661 622 187 42 shutter.
937 617 260 45 Thereafter
1224 617 76 41 the
1328 618 224 42 occlusion
1580 634 91 27 was
1698 619 201 43 restored
1925 634 49 26 as

351 691 97 43 well
475 706 49 27 as
551 693 76 41 the
656 691 303 55 equilibrium;
989 690 77 41 the
1093 688 81 43 left
1202 688 127 53 angle
1356 702 92 28 was
1474 689 196 53 brought
1697 691 117 41 back
1841 695 47 36 to
1917 689 59 41 its

350 761 173 41 normal
550 761 193 42 location
771 762 91 40 and
889 765 47 37 at
965 760 76 42 the
1070 757 191 55 opening
1288 772 48 27 as
1364 758 96 42 well
1497 773 48 27 as
1582 764 47 37 at
1665 760 75 42 the
1770 759 204 54 shutting

351 832 77 40 the
459 831 286 41 mandibular
775 830 197 41 motions
1003 842 113 28 were
1149 828 179 53 exactly
1360 828 264 42 horizontal.

440 899 315 54 Immediately
788 900 116 41 after
936 899 76 42 the
1046 902 246 51 apparatus
1325 912 90 27 was
1448 903 86 50 put
1564 899 44 41 in
1643 900 139 55 place,
1818 900 35 42 it
1886 914 91 27 was

354 983 105 40 easy
484 974 46 36 to
558 984 68 27 see
653 970 101 40 that
780 969 77 40 the
883 969 117 41 force
1026 968 127 41 when
1180 968 204 53 shutting
1410 973 48 36 at
1484 969 76 40 the
1586 970 113 42 level
1724 971 45 40 of
1796 971 76 41 the
1897 970 82 42 left

356 1039 236 53 fragment,
618 1038 145 41 which
786 1052 90 28 was
899 1052 90 27 non
1014 1039 194 41 existent
1233 1043 48 37 at
1305 1039 76 41 the
1405 1039 241 54 beginning
1671 1040 45 40 of
1740 1041 78 42 the
1842 1045 139 37 treat-

356 1111 138 43 ment,
526 1108 89 40 had
646 1108 180 41 become
858 1107 131 54 fairly
1019 1106 178 43 serious.
1288 1108 38 40 A
1358 1108 82 41 few
1471 1109 111 53 days
1612 1109 258 49 thereafter,
1902 1110 77 42 the

356 1176 223 42 tolerance
609 1177 133 53 being
773 1177 352 48 re-established,
1158 1178 76 42 the
1265 1177 176 56 patient
1472 1178 177 42 himself
1680 1179 181 42 showed
1891 1179 91 41 suf-

358 1246 147 43 ficient
536 1248 204 54 strength
769 1253 46 36 to
846 1248 128 41 allow
1015 1247 92 43 him
1150 1253 45 37 to
1236 1248 168 42 receive
1445 1248 174 42 normal
1660 1249 118 41 food.
1866 1250 116 41 Mas-

358 1317 187 43 tication
579 1318 45 42 of
659 1318 58 43 all
750 1319 106 42 food
888 1319 92 42 had
1011 1320 183 41 become
1228 1319 206 56 possible,
1471 1320 90 41 and
1594 1318 160 54 during
1787 1320 78 41 the
1899 1319 85 42 few

360 1390 144 42 weeks
527 1389 128 43 while
677 1390 56 43 he
756 1404 91 28 was
869 1390 109 56 kept
1002 1391 142 42 under
1167 1390 300 49 observation,
1493 1391 54 41 he
1572 1390 180 41 showed
1775 1403 27 28 a
1824 1390 162 55 steady

361 1459 328 58 improvement
721 1461 115 42 until
869 1476 26 27 a
926 1461 216 43 situation
1174 1467 48 37 to
1255 1462 76 42 the
1363 1461 186 43 normal.

447 1533 70 42 He
547 1533 251 43 evacuated
826 1534 77 41 the
934 1533 166 43 service
1130 1547 57 29 on
1217 1533 76 42 the
1326 1533 107 42 12th
1463 1532 196 43 October
1690 1530 122 55 1918.

450 1680 108 41 OBS.
586 1681 59 40 II.
669 1706 57 3 -
747 1680 195 43 Maurice
964 1682 130 48 Th.,
1122 1682 135 54 172th
1278 1681 216 54 infantry,
1517 1680 223 42 wounded
1762 1678 125 57 April
1909 1679 81 54 4th

369 1749 108 52 1918
506 1764 109 28 near
643 1751 200 49 Moreuil,
874 1752 63 54 by
966 1752 109 41 shell
1104 1752 198 55 splinter.

451 1819 70 42 He
555 1826 202 48 presents
790 1835 27 27 a
849 1823 195 42 fracture
1077 1823 46 41 of
1155 1823 77 42 the
1265 1822 133 43 lower
1430 1822 206 42 maxillar
1668 1821 110 42 with
1812 1834 179 29 osseous

368 1888 291 51 destruction,
693 1892 244 54 extending
969 1893 115 41 from
1117 1893 112 42 level
1262 1893 45 40 of
1339 1893 80 41 left
1451 1892 186 42 wisdom
1671 1893 132 41 tooth
1834 1896 49 37 to
1915 1892 77 40 the

367 1971 140 41 upper
530 1966 102 48 part
657 1961 45 40 of
726 1962 76 41 the
827 1962 135 53 rising
986 1964 190 47 branch;
1203 1962 228 42 remained
1456 1962 106 55 only
1586 1963 76 41 the
1688 1963 189 53 condyle
1902 1963 90 41 and

366 2027 59 41 its
453 2030 113 40 neck
596 2032 90 40 and
715 2032 76 40 the
822 2034 212 39 coronoid
1063 2021 339 65 protuberance,
1435 2032 191 42 isolated
1655 2046 83 28 one
1769 2033 115 41 from
1915 2033 77 41 the

368 2099 128 40 other
517 2100 62 54 by
601 2113 26 27 a
650 2100 193 42 fracture
865 2101 88 42 line
971 2102 176 52 cutting
1164 2102 77 41 the
1264 2115 174 28 narrow
1459 2102 323 55 intermediary
1796 2103 124 41 band
1946 2107 47 37 at

369 2168 76 41 the
460 2182 131 27 mean
606 2169 178 54 portion
800 2171 43 40 of
861 2171 77 41 the
955 2171 173 41 hollow.
1192 2172 70 40 He
1278 2184 221 41 possesses
1518 2172 67 41 his
1604 2173 221 54 complete
1841 2172 152 42 dental

370 2238 173 46 arcade,
574 2239 115 41 from
714 2240 77 42 the
815 2240 118 54 right
956 2241 186 42 wisdom
1167 2242 130 40 tooth
1323 2246 48 36 to
1405 2242 77 41 the
1514 2242 79 41 left
1623 2243 96 40 first
1756 2242 235 55 premolar.

456 2307 132 55 Upon
622 2308 68 41 his
724 2309 176 50 arrival,
934 2312 77 41 the
1046 2312 175 55 patient
1254 2324 91 28 was
1377 2312 138 41 taken
1549 2325 99 29 care
1683 2312 45 40 of
1761 2313 63 52 by
1857 2312 139 53 tieing

372 2391 60 41 up
454 2378 45 40 of
522 2377 68 43 his
611 2379 244 55 prolonged
875 2382 219 50 maxillar,
1119 2397 58 28 on
1200 2385 192 39 account
1415 2382 44 39 of
1482 2382 146 40 which
1649 2382 77 41 the
1750 2382 247 53 secondary

372 2447 250 44 deviations
653 2450 217 43 observed
900 2451 44 43 in
977 2454 77 42 the
1086 2453 208 56 previous
1325 2464 98 28 case
1456 2450 77 41 did
1563 2456 80 35 not
1676 2464 143 28 occur.

460 2519 260 56 September
752 2523 120 48 loth,
904 2523 166 55 setting
1099 2524 45 42 of
1173 2537 26 27 a
1229 2522 176 42 shutter
1434 2525 259 50 apparatus,
1726 2520 184 54 bearing
1941 2536 56 27 on

374 2592 75 42 the
474 2591 238 43 cicatricial
735 2598 102 51 stay
859 2595 145 41 which
1026 2595 80 42 has
1129 2592 172 43 formed
1323 2591 119 42 itself
1465 2595 46 37 at
1535 2590 112 42 level
1670 2590 45 41 of
1738 2591 76 41 the
1839 2591 158 43 absent

375 2662 134 56 rising
538 2664 183 50 branch,
753 2665 77 43 the
861 2665 242 55 subsisting
1133 2663 201 57 portions
1363 2660 132 54 being
1525 2661 297 42 inaccessible.

461 2735 92 42 The
594 2735 174 56 patient
809 2737 147 42 leaves
997 2750 56 28 on
1093 2734 340 43 convalescence
1475 2732 67 40 for
1582 2746 25 27 a
1646 2732 182 48 month;
1871 2734 128 41 when

377 2805 243 55 returning,
648 2821 64 27 we
739 2812 106 37 note
872 2808 76 41 the
976 2805 223 55 following
1226 2802 138 56 points
1364 2802 40 56 :

463 2877 201 42 Absence
697 2877 45 40 of
774 2877 161 42 lesions
967 2877 45 40 of
1045 2876 76 41 the
1152 2886 187 29 mucous
1371 2873 281 48 membrane;

464 2945 92 42 The
585 2946 283 54 equilibrium
898 2947 45 40 of
971 2947 76 41 the
1075 2942 285 44 mandibular
1388 2943 106 40 arch
1522 2942 36 42 is
1585 2945 220 47 restored;

464 3015 92 41 The
589 3016 279 41 contraction
901 3030 147 41 power
1079 3015 217 41 increases
1327 3011 122 56 daily
1480 3014 90 41 and
1602 3014 76 42 the
1711 3014 175 54 patient
1920 3028 81 27 can

379 3082 236 42 masticate
642 3084 163 42 almost
831 3086 235 55 normally.

466 3152 92 43 The
593 3153 227 44 cleanness
847 3156 45 41 of
920 3157 76 41 the
1036 3159 247 51 apparatus
1315 3153 36 42 is
1384 3153 124 55 quite
1545 3169 119 40 easy,
1696 3169 50 27 as
1776 3154 34 41 it
1839 3169 82 27 can
1949 3155 55 41 be

382 3222 168 54 readily
580 3226 211 41 removed
818 3226 62 54 by
909 3227 76 41 the
1015 3225 173 55 patient
1218 3223 189 42 himself.
