2515 3778
694 385 323 40 DÉSINSERTION
1049 384 108 38 D'UN
1188 381 331 38 PTÉRYGOÏDIEN
1550 392 209 29 EXTERNE
1988 388 50 40 25

414 484 105 43 laire
554 484 238 56 complète,
823 496 113 29 nous
967 485 201 39 mettons
1197 493 56 27 en
1284 477 125 55 place
1443 494 61 27 un
1535 480 358 49 ouvre-bouche;
1928 491 115 30 nous

416 561 316 55 agrandissons
760 558 113 42 ainsi
898 557 123 42 l'aire
1052 557 53 41 de
1132 555 303 42 l'échancrure
1464 555 229 54 sigmoïde.
1724 557 121 42 Tout
1872 556 40 42 le
1940 555 105 55 long

419 639 60 39 du
515 638 114 41 bord
664 636 211 42 inférieur
911 636 53 41 de
1000 633 192 40 l'arcade
1224 631 334 55 zygomatique,
1588 647 115 27 nous
1732 647 188 28 menons
1957 647 87 28 une

417 711 186 41 incision
633 712 211 47 cutanée;
875 711 128 54 après
1033 710 275 39 écartement
1339 706 78 42 des
1446 708 120 41 deux
1594 710 218 40 bordures
1842 709 67 42 de
1909 709 136 42 cette

419 786 187 41 incision
634 799 114 27 nous
778 784 256 53 atteignons
1062 783 39 41 le
1130 781 218 43 masséter
1376 786 45 37 et
1449 782 229 44 l'incisons
1705 784 367 43 verticalement-

420 863 113 41 dans
558 861 39 42 le
621 875 100 28 sens
748 862 76 41 des
850 860 144 47 fibres,
1022 872 123 29 assez
1169 871 55 28 en
1250 856 161 44 arrière
1431 871 115 42 pour
1570 875 54 27 ne
1650 874 82 41 pas
1756 860 112 43 léser
1891 860 39 44 le
1948 861 98 42 nerf

421 935 285 49 massétérin;
740 949 58 28 au
830 935 112 42 fond
974 935 53 41 de
1060 936 119 39 cette
1210 932 163 43 brèche
1405 934 269 44 musculaire
1705 942 45 36 et
1783 952 55 26 en
1871 936 176 49 arrière,

421 1010 314 54 l'exploration
769 1009 180 56 digitale
982 1009 231 42 reconnaît
1246 1008 39 43 le
1317 1008 68 42 col
1418 1011 62 40 du
1513 1012 189 54 condyle
1735 1018 45 37 et
1813 1018 236 36 rencontre

422 1085 247 43 l'insertion
694 1087 61 40 du
777 1086 312 55 ptérygoïdien
1112 1088 184 39 externe
1321 1099 76 28 sur
1419 1085 43 42 la
1485 1086 187 44 fossette
1696 1088 355 43 antéro-interne

424 1164 177 40 creusée
633 1175 77 29 sud
710 1175 78 29 ce
822 1162 89 49 col;
943 1176 55 27 en
1031 1174 45 29 se
1108 1160 191 54 guidant
1332 1175 76 28 sur
1439 1177 61 28 un
1534 1161 124 55 doigt
1691 1163 27 41 à
1749 1163 154 43 l'aide-
1916 1166 135 41 d'une

424 1237 169 56 rugine,
617 1252 58 29 on
702 1237 220 44 désinsère
950 1251 89 42 peu
1069 1237 26 41 à
1126 1251 89 41 peu
1246 1236 43 44 la
1319 1237 182 43 totalité
1533 1239 77 41 des
1642 1240 133 41 fibres
1807 1242 61 40 du
1898 1242 154 54 ptéry-

425 1315 192 57 goïdien.

513 1394 142 56 Après
692 1392 302 57 compression
1032 1393 62 42 du
1129 1393 113 43 fond
1279 1394 53 42 de
1369 1393 45 42 la
1450 1391 130 56 plaie,
1621 1408 57 27 on
1716 1392 84 42 fait
1837 1408 62 27 un
1937 1393 117 54 petit

431 1470 211 57 drainage
670 1470 26 42 à
722 1470 44 42 la
792 1484 107 40 gaze
926 1475 45 37 et
1000 1484 57 29 on
1085 1475 156 39 suture
1266 1469 63 44 les
1355 1472 273 53 téguments.

518 1550 120 40 Pour
661 1562 175 28 assurer
860 1548 40 42 le
925 1548 219 43 maintien
1171 1549 53 42 de
1251 1547 43 42 la
1319 1547 247 43 correction
1593 1549 54 42 de
1674 1546 42 42 la
1741 1545 315 44 latéro-dévia-

431 1625 110 49 tion,
570 1640 62 28 un
658 1625 134 54 guide
819 1626 188 56 préparé
1035 1626 217 43 d'avance
1279 1624 72 43 fut
1378 1624 85 44 mis
1491 1639 54 28 en
1573 1624 139 57 place.

519 1703 60 41 Le
609 1702 143 43 blessé
780 1703 140 53 garda
949 1716 49 30 ce
1026 1702 134 55 guide
1190 1704 203 55 pendant
1424 1704 119 41 deux
1573 1701 114 43 mois
1716 1706 45 39 et
1792 1700 217 45 continua
2032 1700 27 41 à

433 1777 123 43 subir
594 1779 77 42 des
707 1793 227 42 massages
971 1781 77 42 des
1085 1780 191 42 muscles
1312 1779 240 43 masséters
1589 1783 45 38 et
1672 1781 78 41 des
1787 1781 182 40 séances
2006 1778 54 43 de

436 1853 252 44 dilatation.

522 1931 67 41 De
609 1935 149 51 temps
785 1933 26 41 à
839 1938 145 44 autre,
1003 1948 58 28 on
1089 1933 195 43 enlevait
1312 1932 39 43 le
1379 1932 133 54 guide
1540 1938 45 37 et
1614 1947 58 27 on
1700 1932 247 54 constatait
1976 1946 88 41 que

436 2004 62 43 les
534 2006 253 43 déviations
820 2023 57 27 ne
912 2023 46 28 se
993 2009 355 56 reproduisaient
1380 2023 93 41 pas.
1508 2010 143 54 Après
1688 2010 118 41 deux
1842 2009 127 49 mois,
2004 2022 58 28 on

437 2082 232 42 considéra
693 2083 40 42 le
763 2084 189 43 résultat
983 2099 174 29 comme
1187 2084 192 44 définitif
1409 2089 45 37 et
1485 2085 39 41 le
1553 2084 133 54 guide
1717 2085 70 42 fut
1817 2085 243 56 supprimé.

525 2157 346 51 Actuellement,
898 2160 39 42 le
961 2160 144 43 blessé
1130 2175 139 28 ouvre
1294 2160 101 42 bien
1422 2174 50 28 sa
1496 2161 189 49 bouche,
1713 2161 226 55 mastique
1960 2174 105 29 sans

439 2232 132 55 guide
605 2239 44 37 et
683 2240 69 37 est
786 2236 350 55 complètement
1169 2237 136 57 guéri.
