2574 3859
462 420 26 40 4
853 416 54 30 LA
932 416 334 31 RESTAURATION
1293 413 402 32 MAXILLO-FACIALE

465 503 279 56 appropriée,
772 507 103 38 tout
903 503 94 43 cela
1023 509 66 38 est
1117 507 344 54 apparemment
1489 502 141 43 facile.
1661 503 71 41 En
1758 498 169 50 réalité,
1956 512 59 27 on
2043 511 44 27 se

466 581 158 41 heurte
648 581 113 41 dans
784 579 44 42 la
850 579 209 57 pratique
1082 582 28 42 à
1132 597 87 27 une
1243 580 120 44 foule
1387 581 55 42 de
1465 579 239 44 difficultés
1728 577 79 57 qui
1828 574 259 45 entraînent

470 654 315 45 d'inévitables
813 656 203 44 déboires
1041 657 89 45 lors
1157 660 79 42 des
1261 657 215 58 premiers
1504 656 149 51 essais,
1684 660 45 39 et
1757 655 30 41 il
1814 657 69 40 est
1910 650 179 46 naturel

469 732 208 56 qu'après
696 732 220 56 plusieurs
935 736 155 42 efforts
1107 734 292 45 infructueux
1419 748 59 29 on
1496 733 87 44 soit
1602 734 130 57 porté
1752 733 26 42 à
1797 731 295 43 abandonner

468 813 120 39 cette
614 810 228 42 méthode.

557 885 128 43 Voici
712 886 44 43 la
783 887 242 57 technique
1054 891 27 41 à
1107 890 192 55 laquelle
1326 903 115 29 nous
1468 902 114 30 nous
1611 900 195 31 sommes
1834 885 157 42 arrêtés
1991 885 40 42 :

558 962 40 54 a)
636 962 252 54 Confection
907 966 50 42 de
976 966 43 43 la
1039 969 110 54 pâte.
1172 968 128 41 Nous
1319 966 266 57 employons
1605 979 89 29 une
1712 961 193 45 formule
1924 974 63 28 un
2007 973 89 42 peu

474 1040 235 44 différente
736 1043 54 43 de
817 1043 106 43 celle
950 1044 62 43 du
1039 1045 63 40 Dr
1127 1046 118 41 Pont
1272 1049 45 38 et
1345 1043 219 55 analogue
1591 1044 26 41 à
1644 1041 106 44 celle
1776 1040 212 55 indiquée
2014 1049 83 43 par

474 1117 131 44 Linet
634 1120 113 42 dans
774 1136 62 27 un
863 1123 188 41 numéro
1080 1123 78 42 des
1185 1122 198 43 Annales
1411 1121 215 44 dentaires
1653 1122 54 41 de
1738 1127 126 48 1915.

697 1252 310 44 Gélatine
1578 1259 51 40 50
1659 1262 221 41 grammes.

693 1317 343 52 Glycérine
1541 1324 79 39 150
1727 1338 57 5 —

698 1382 754 42 Kaolin.
1571 1391 53 40 25
1731 1402 56 5 —

642 1447 804 41 Eau.
1544 1456 79 40 150
1732 1469 57 5 —

698 1512 750 42 Vaseline.
1596 1521 23 39 5
1731 1531 57 5 —

570 1658 65 41 La
666 1657 210 55 gélatine,
911 1660 257 55 détrempée
1202 1663 113 41 dans
1347 1660 118 42 l'eau
1497 1659 205 56 pendant
1734 1671 87 27 une
1853 1656 150 46 heure,
2039 1657 68 38 est

486 1735 270 42 doucement
780 1734 168 44 fondue
973 1749 58 29 au
1054 1736 282 45 bain-marie.
1367 1739 36 41 Il
1428 1736 63 43 lui
1515 1740 67 39 est
1608 1733 174 44 ensuite
1806 1732 236 54 incorporé
2065 1729 45 42 la

486 1810 222 56 glycérine
730 1815 45 39 et
797 1810 39 43 le
859 1812 166 50 kaolin,
1049 1814 201 44 malaxés
1273 1829 59 28 au
1354 1813 227 58 préalable
1604 1812 115 42 dans
1741 1825 62 27 un
1825 1807 198 44 mortier.
2050 1808 61 41 Le

488 1892 104 37 tout
615 1891 67 38 est
705 1888 189 42 décanté
915 1892 46 39 et
983 1889 85 43 mis
1090 1892 27 41 à
1138 1891 216 44 refroidir.

578 1965 70 41 On
683 1964 177 43 obtient
895 1965 114 43 ainsi
1042 1982 87 28 une
1164 1971 107 53 pâte
1308 1967 169 57 souple,
1514 1964 290 50 translucide,
1841 1962 272 57 légèrement

492 2039 206 44 blanchie
726 2055 82 41 par
832 2040 40 44 le
899 2042 166 43 kaolin.

580 2117 127 42 Cette
736 2120 120 52 pâte,
888 2132 173 30 comme
1090 2125 152 39 toutes
1272 2120 130 43 celles
1432 2119 256 54 analogues,
1720 2132 27 28 a
1775 2131 88 28 une
1891 2115 225 51 tendance

496 2205 121 29 assez
649 2195 166 52 grande
848 2194 26 41 à
904 2194 44 43 la
978 2197 258 43 rétraction.
1272 2198 125 41 Nous
1431 2195 258 43 diminuons
1721 2198 119 38 cette
1872 2190 246 44 rétraction

498 2282 81 41 par
599 2269 297 54 l'adjonction
920 2273 53 41 de
997 2284 23 41 5
1045 2274 26 41 à
1094 2275 25 41 6
1141 2288 224 41 grammes
1388 2274 55 41 de
1465 2272 211 42 vaseline.
1702 2273 129 40 Cette
1854 2266 263 55 adjonction

499 2358 27 27 a
547 2345 61 41 du
628 2351 116 37 reste
766 2346 147 44 divers
935 2355 152 37 autres
1107 2356 262 49 avantages.
1394 2351 66 40 La
1479 2352 107 53 pâte
1608 2347 184 44 devient
1813 2345 102 57 plus
1936 2342 146 49 fusible
2082 2342 37 49 ;

500 2419 62 43 les
585 2421 134 43 bords
743 2424 53 41 de
819 2422 44 43 la
884 2427 210 53 prothèse
1116 2432 104 38 sont
1244 2427 101 56 plus
1369 2425 113 43 aisés
1505 2426 27 41 à
1554 2425 158 42 fondre
1736 2437 111 30 avec
1868 2422 44 43 la
1934 2434 120 43 peau
2076 2423 45 38 et

502 2500 128 39 toute
652 2498 196 45 solution
870 2503 65 52 de
935 2503 263 52 continuité
1220 2502 219 56 disparaît
1460 2516 105 28 sous
1585 2517 63 27 un
1668 2501 119 56 léger
1806 2514 118 42 coup
1946 2500 54 42 de
2021 2512 102 42 spa-

503 2573 93 43 tule
626 2577 307 44 modérément
962 2581 218 43 chauffée.
1206 2581 153 50 Enfin,
1380 2579 43 42 la
1450 2579 137 56 pièce,
1613 2579 102 55 plus
1743 2576 177 44 difficile
1950 2577 27 40 à
2004 2574 119 48 salir,

504 2650 157 42 vieillit
689 2653 146 42 moins
861 2655 115 52 vite;
1005 2672 69 27 ses
1101 2659 136 41 bords
1264 2660 173 39 restent
1464 2655 179 56 souples
1669 2654 102 55 plus
1797 2653 257 54 longtemps
2080 2655 46 37 et

507 2726 206 44 tiennent
740 2743 103 29 sans
869 2746 45 28 se
942 2734 211 44 denteler.

593 2804 45 55 b)
675 2806 246 45 Coloration
959 2810 49 43 de
1046 2812 43 43 la
1127 2814 111 54 pâte.
1281 2812 127 42 Nous
1447 2807 283 57 employions
1770 2804 358 57 primitivement

510 2881 158 45 l'acide
693 2880 200 57 picrique
918 2890 45 38 et
987 2886 41 44 le
1053 2890 170 42 carmin
1249 2902 115 43 pour
1389 2888 172 42 donner
1586 2887 26 41 à
1635 2884 45 43 la
1704 2886 108 55 pâte
1836 2882 45 42 la
1906 2881 143 43 teinte
2075 2883 55 39 de

508 2961 45 44 la
578 2973 131 45 peau.
732 2959 126 42 Nous
885 2975 141 30 avons
1052 2967 272 42 abandonné
1349 2980 72 29 ces
1447 2964 244 50 colorants,
1711 2975 75 29 car
1807 2960 53 43 ils
1885 2957 246 57 réagissent

508 3040 96 44 l'un
624 3053 76 29 sur
718 3037 162 41 l'autre
900 3042 44 37 et
964 3038 29 40 il
1013 3053 46 28 se
1078 3041 141 44 forme
1239 3044 177 42 d'autre
1436 3046 117 53 part,
1576 3055 55 28 en
1650 3041 212 55 présence
1883 3038 62 42 du
1964 3034 165 50 kaolin,

510 3120 78 43 des
615 3112 334 48 combinaisons
976 3114 247 57 chimiques
1250 3120 78 54 qui
1353 3134 46 28 se
1425 3118 256 44 traduisent
1708 3130 83 43 par
1816 3130 62 28 un
1903 3112 231 44 noircisse-

512 3202 127 40 ment
662 3197 54 42 de
736 3194 45 43 la
800 3194 121 56 pâte.
946 3189 72 41 Au
1036 3191 114 42 bout
1172 3194 109 43 d'un
1301 3196 172 42 certain
1492 3196 189 42 nombre
1703 3194 221 48 d'heures,
1944 3191 47 43 la
2010 3190 127 44 diffé-

517 3291 129 29 rence
672 3276 54 42 de
751 3266 248 49 coloration
1023 3272 127 37 entre
1173 3268 43 43 la
1238 3273 210 52 prothèse
1472 3277 44 38 et
1540 3272 45 42 la
1607 3284 118 43 peau
1748 3274 68 38 est
1843 3269 234 54 flagrante.
