2439 3838
453 380 52 29 20
842 384 56 29 LA
922 385 335 35 RESTAURATION
1283 390 406 32 MAXILLO-FACIALE

544 467 84 42 III.
663 470 299 50 OBJECTIONS
1002 484 58 31 OF
1099 482 389 39 PSYCHOLOGICAL
1531 490 173 32 ORDER.
1745 505 60 5 —
1842 479 81 44 We
1966 481 119 44 have

456 544 93 43 had
589 546 205 46 occasion
833 552 50 39 to
924 551 124 43 show
1087 558 49 39 to
1177 570 141 41 many
1360 557 192 44 dentists
1593 560 105 41 and
1726 546 357 66 stomatologists

454 620 199 56 patients
693 624 220 54 provided
952 628 110 43 with
1100 632 192 55 plastic
1301 635 235 56 prothesis.
1640 631 134 46 Their
1812 635 96 42 first
1949 649 133 28 move

453 697 81 44 has
566 701 113 54 been
710 705 49 38 to
793 703 169 45 admire
995 706 77 45 the
1105 710 161 43 results
1299 711 228 50 obtained,
1563 711 109 43 then
1706 711 129 43 when
1868 712 35 42 it
1937 712 36 42 is
2008 727 73 28 ex-

452 774 181 56 plained
645 781 48 38 to
708 778 124 44 them
847 780 101 45 that
969 783 89 44 this
1078 800 108 29 nose
1208 802 49 28 or
1278 802 76 29 ear
1372 793 123 38 must
1517 789 54 42 be
1592 789 208 56 replaced
1820 789 45 41 in
1887 793 192 52 twenty-

452 852 101 44 four
585 850 136 48 hours
756 868 49 31 or
837 861 90 40 two
964 861 111 56 days
1110 869 47 38 at
1192 864 78 44 the
1304 866 149 49 latest,
1489 865 310 57 immediately
1833 866 117 43 their
1984 867 96 42 face

453 926 192 59 changes
677 935 91 42 and
798 935 77 53 the
907 939 187 45 method
1125 941 113 44 loses
1270 942 59 43 all
1360 942 185 44 interest
1578 943 70 44 for
1678 944 139 42 them.

540 1008 42 42 It
614 1011 149 53 would
794 1023 168 48 appear
990 1018 104 42 that
1125 1019 91 43 this
1248 1020 36 41 is
1315 1034 27 27 a
1373 1020 177 43 curious
1583 1035 98 28 case
1713 1020 49 42 of
1790 1021 290 57 professional

452 1084 311 57 deformation.
851 1092 93 43 The
970 1095 267 54 prothesists
1264 1111 74 28 are
1366 1111 47 28 so
1440 1098 99 42 well
1564 1100 112 41 used
1700 1102 50 38 to
1777 1103 127 37 enter
1929 1098 46 42 in
2002 1098 78 42 the

450 1165 304 44 construction
790 1167 45 42 of
868 1168 118 43 their
1019 1172 222 55 prothesis
1277 1178 247 50 apparatus
1564 1174 216 47 elements
1816 1174 52 40 of
1896 1174 185 53 solidity

449 1241 91 43 and
577 1242 259 58 durability,
875 1246 103 43 that
1015 1247 113 54 they
1164 1261 74 27 are
1275 1248 227 53 surprised
1536 1248 104 39 that
1677 1248 282 40 satisfaction
1996 1261 83 25 can

448 1321 56 42 be
539 1322 184 42 derived
756 1322 116 41 from
908 1321 111 42 such
1053 1320 256 56 ephemeral
1342 1320 236 55 prothesis.

536 1397 42 44 It
608 1397 37 43 is
668 1397 188 43 evident
887 1397 103 42 that
1021 1395 185 57 solidity
1235 1390 92 48 and
1357 1395 248 54 durability
1634 1409 73 29 are
1738 1394 209 44 essential
1976 1408 103 29 con-

449 1473 166 44 ditions
644 1475 91 41 and
761 1472 332 56 indispensable
1122 1472 69 42 for
1217 1471 202 54 working
1445 1471 222 56 prothesis
1696 1474 269 53 apparatus;
1994 1467 93 47 but

446 1550 110 42 such
585 1550 37 42 is
651 1555 82 38 not
765 1564 47 28 so
842 1550 46 41 in
919 1549 79 42 the
1029 1562 122 29 cases
1180 1549 144 44 under
1354 1561 82 29 our
1465 1547 329 44 consideration
1824 1548 146 42 where
2000 1547 79 43 the

446 1625 262 57 primordial
739 1626 207 56 question
978 1625 36 43 is
1037 1629 57 38 to
1126 1624 284 50 re-establish
1439 1625 79 42 the
1550 1625 189 42 esthetic
1770 1625 47 43 in
1848 1626 78 43 the
1957 1631 119 38 most

446 1703 170 56 perfect
646 1717 190 29 manner
865 1702 207 56 possible,
1105 1701 119 43 since
1255 1702 80 42 the
1364 1701 200 45 maimed
1593 1702 89 44 will
1714 1703 106 55 only
1851 1717 129 42 carry
2010 1702 69 43 his

446 1779 221 56 prothesis
694 1779 36 41 if
757 1779 89 43 this
875 1779 230 44 condition
1132 1778 38 44 is
1198 1778 189 44 fulfilled
1409 1779 64 56 (1).

531 1857 114 42 Now
672 1871 59 29 no
761 1856 129 43 other
918 1855 221 58 prothesis
1168 1871 84 29 can
1280 1857 57 44 be
1365 1862 85 51 put
1480 1870 58 30 on
1566 1857 79 43 the
1674 1872 122 29 same
1825 1857 174 56 footing
2028 1872 50 29 as

443 1934 78 43 the
551 1938 247 52 apparatus
828 1932 111 44 with
967 1933 193 55 gelatine
1191 1938 48 39 at
1270 1933 77 44 the
1384 1932 120 45 basis
1541 1935 45 41 of
1616 1934 118 44 their
1762 1935 312 58 composition,

442 2012 190 42 because
657 2011 207 44 however
890 2012 280 49 remarkable
1195 2012 114 56 they
1333 2025 109 41 may
1466 2012 71 50 be,
1565 2013 111 54 they
1701 2018 180 51 present
1908 2014 169 55 always

442 2088 79 43 the
559 2088 132 56 triple
730 2088 146 44 defect
915 2088 45 43 in
999 2094 172 52 respect
1209 2093 50 39 to
1297 2088 292 52 consistarice,
1628 2094 319 53 transparence
1984 2091 92 42 and

443 2166 260 43 adherence.

527 2244 163 43 Whilst
722 2244 78 43 the
830 2258 107 30 nose
970 2245 46 42 of
1044 2245 163 58 plastic
1238 2249 130 53 paste
1399 2245 37 44 is
1468 2246 172 56 supple,
1674 2247 211 52 renitent",
1919 2246 154 43 elastic

441 2321 92 42 and
565 2320 123 56 gives
722 2321 78 42 the
835 2321 228 45 sensation
1098 2322 46 42 of
1181 2322 137 43 flesch
1351 2321 131 44 when
1509 2322 212 51 touched,
1745 2323 78 42 the
1849 2321 224 58 prothesis

440 2397 47 43 in
517 2398 188 56 painted
735 2398 243 52 vulcanite,
1009 2399 47 43 in
1088 2398 250 44 enamelled
1366 2399 141 42 metal
1538 2413 50 37 or
1618 2399 47 43 in
1697 2399 191 44 ceramic
1919 2413 75 30 are
2025 2413 48 29 so

439 2474 115 55 rigid
587 2475 103 43 that
727 2490 112 30 even
874 2481 49 38 at
960 2491 26 28 a
1023 2476 200 43 distance
1259 2475 112 54 they
1407 2475 56 42 do
1499 2480 81 38 not
1615 2476 102 54 give
1752 2490 93 42 any
1878 2475 192 44 illusion.

439 2552 194 43 Further
662 2553 111 57 they
803 2555 56 42 do
890 2558 81 39 not
1001 2568 175 43 possess
1206 2553 79 42 the
1315 2556 318 52 transparence
1666 2552 46 42 of
1741 2553 208 55 gelatine,
1981 2555 92 50 and

440 2630 143 43 above
624 2631 72 51 all,
737 2632 231 44 whatever
1006 2631 118 44 their
1162 2630 190 45 method
1391 2629 47 42 of
1477 2629 204 51 fixation,
1723 2629 119 43 their
1882 2623 191 50 contour

440 2706 105 43 does
574 2713 81 38 not
686 2708 138 44 blend
853 2709 112 43 with
992 2706 99 46 the
1105 2706 299 56 surrounding
1433 2705 161 44 tissues
1626 2707 92 42 and
1747 2707 125 42 there
1904 2708 168 54 always

440 2784 191 44 remains
656 2779 33 50 a
708 2787 195 42 solution
930 2788 46 41 of
1001 2786 269 54 continuity,
1298 2800 28 27 a
1351 2783 184 44 distinct
1560 2784 89 43 line
1675 2784 47 42 of
1747 2785 322 52 demarcation,

439 2859 157 52 which,
630 2863 230 44 whatever
891 2864 37 43 is
963 2865 128 49 done,
1128 2863 37 43 is
1198 2863 168 53 always
1399 2860 182 44 visible.

525 2936 202 58 Nothing
764 2941 46 41 of
848 2941 102 43 that
991 2946 92 38 sort
1122 2941 203 56 happens
1364 2937 112 44 with
1513 2937 279 57 the'plastic
1830 2939 236 55 prothesis,

499 3070 54 43 (')
553 3070 54 43 No
625 3073 135 33 illusion
776 3081 88 27 must
877 3078 42 30 be
937 3078 97 30 made
1060 3088 35 20 as
1119 3081 35 27 to
1181 3078 58 30 the
1266 3077 134 39 destiny
1417 3074 39 31 of
1469 3075 59 30 the
1544 3074 160 42 majority
1721 3074 39 31 of
1774 3076 170 30 vulcanite
1970 3086 98 21 noses

438 3133 36 20 or
503 3120 141 42 painted
672 3124 149 30 metallic
843 3136 108 20 noses.
1010 3126 64 30 We
1102 3127 86 32 have
1225 3125 67 31 had
1320 3125 58 30 the
1415 3124 224 40 opportunity
1668 3124 57 41 of
1725 3124 211 41 examining
1968 3135 100 30 many

434 3167 175 37 wounded
625 3176 76 21 men
713 3170 117 30 which
844 3183 93 21 were
954 3175 181 40 presented
1156 3178 35 26 to
1215 3172 138 32 Reform
1380 3171 221 30 Committees
1626 3171 66 30 and
1715 3172 81 31 who
1822 3172 66 30 had
1910 3173 157 29 received

432 3219 82 31 such
536 3215 179 43 prothesis.
761 3216 96 32 None
877 3230 92 21 were
993 3223 98 39 using
1115 3222 111 36 them;
1253 3230 91 22 some
1370 3218 177 41 preferred
1571 3220 155 39 carrying
1750 3220 103 29 about
1875 3230 18 19 a
1917 3220 151 39 glorious

432 3265 208 38 mutilation,
657 3261 117 32 whilst
792 3264 113 31 others
920 3278 92 21 were
1029 3268 149 31 satisfied
1194 3269 50 39 by
1257 3267 199 39 concealing
1474 3267 25 29 it
1514 3266 107 30 under
1637 3276 17 20 a
1668 3266 120 40 simple
1804 3267 166 39 bandage.
