2423 3909
1049 275 160 54 XVIII
1209 275 53 54 -
1262 275 53 54 I
1315 275 53 54 -
1368 275 137 54 igig

396 378 1769 82 f

398 472 18 50 :
880 462 210 60 SOCIÉTÉ
1126 470 243 54 ANONYME
1404 470 275 60 FRANCAISE
2148 460 18 66 :

396 528 231 162 !
627 528 1387 162 "DENTORIA"
2148 530 20 162 I

402 692 17 40 :
2153 696 16 18 ■

402 739 17 39 :
471 731 271 52 Fabrique
779 734 67 39 de
881 734 246 50 produits
1163 746 138 40 pour
1334 735 82 39 les
1446 731 339 43 obturations
1823 728 277 43 dentaires
2153 720 16 65 :

400 786 590 110 i
990 786 590 110 —
1580 786 590 110 I

402 880 322 96 æ
724 880 1127 96 CIMENT
1851 880 323 96 :

404 974 19 63 :
660 984 57 46 A
782 984 715 48 L'OXYPHOSPHATE
1562 984 103 46 DE
1728 982 183 47 ZINC
2156 958 18 90 :

406 1067 19 88 æ
798 1052 1166 114 "DENTORIA"

407 1147 1769 40 5

407 1162 6 64 a
413 1162 11 64 ;
479 1189 125 33 Pour
626 1192 67 32 les
717 1193 310 33 obturations
1051 1196 45 30 et
1125 1195 69 31 les
1224 1195 305 31 scellements
1559 1192 56 32 de
1640 1194 155 37 ponts,
1826 1195 280 29 couronnes,
2159 1191 17 43 :

408 1233 17 40 :
546 1232 174 42 inlays,
745 1235 263 39 gouttieres
1031 1238 46 29 et
1099 1239 114 29 tous
1235 1239 218 28 travaux
1476 1235 56 31 de
1556 1234 224 39 prothèse
1804 1230 233 35 dentaire.
2160 1238 18 43 :

409 1280 18 64 :
779 1300 49 35 Ce
852 1301 175 33 CIMENT
1046 1311 20 23 a
1090 1299 60 36 etc
1174 1299 180 45 employe
1371 1300 138 43 depuis
1533 1300 159 33 octobre
1720 1299 87 45 191b
2162 1285 17 43 :

411 1351 17 40 :
500 1345 96 35 dans
619 1345 200 36 differents
838 1347 161 36 Centres
1016 1348 48 34 de
1088 1345 182 46 prothese
1290 1347 324 40 maxillo-faciale,
1635 1345 20 35 a
1674 1344 165 36 l'entière
1857 1332 281 57 sali.ifaclion
2138 1332 41 57 :

411 1351 18 87 :
628 1387 12 9 *
833 1395 48 34 de
899 1397 88 31 tous
1003 1395 53 33 les
1073 1396 105 32 chefs
1197 1394 47 34 de
1262 1395 141 33 service
1420 1396 38 31 et
1476 1394 65 33 des
1559 1393 208 34 assistants.
2163 1379 17 42 :

412 1445 17 40 :
2163 1450 17 42 :

412 1468 1768 48 ■

412 1490 17 112 æ
672 1526 640 64 AMALGAME
1362 1524 559 66 D'ARGENT
2162 1496 18 114 :

412 1630 20 89 j
940 1632 648 84 DENTORIA
2164 1590 19 160 I

414 1726 20 86 :
488 1753 124 43 C'est
626 1766 59 32 un
702 1754 268 54 amalgame
986 1747 332 59 SUPERIEUR,
1336 1755 25 41 a
1378 1754 187 42 FORTE
1582 1754 226 44 TENEUR
1829 1754 301 52 d'ARGENT,'
2130 1754 55 52 :

418 1819 18 40 :
623 1816 235 50 constant,
900 1813 303 52 inoxydable,
1241 1823 115 31 sans
1397 1815 167 40 retrait
1596 1817 43 39 et
1673 1815 139 42 d'une
1848 1816 267 43 resistance
2168 1803 17 66 :

419 1866 17 63 :
623 1874 214 40 extrdme
869 1873 25 40 a
930 1872 41 42 la
1006 1872 316 42 mastication.
2167 1874 17 42 :

419 1921 883 65 —
1302 1921 883 65 :

418 2004 18 56 !
750 1996 533 54 AMALGAME
1338 1998 117 51 DE
1500 1998 355 55 CUIVRE
2168 1991 19 67 :

418 2062 21 103 I
824 2084 977 86 "DENTORIA"
2170 2060 19 139 i

423 2172 1766 27 ■

423 2196 17 40 :
497 2197 104 40 Est
638 2209 82 28 un
755 2197 340 52 amalgame
1130 2197 70 41 de
1235 2198 207 41 cuivre
1468 2198 68 40 de
1570 2200 290 51 premiere
1895 2199 224 54 qualite
2172 2203 17 43 :

1226 2266 169 19 -
2172 2250 17 66 i

423 2243 17 111 :
1036 2319 545 34 PROCHRItJEMEtJT:
2172 2320 18 43 :

423 2361 18 87 :
730 2375 70 49 La
839 2371 291 65 porcelaine
1169 2373 264 64 plastique
1476 2376 403 51 "DENTORIA"
2173 2367 19 67 :

424 2432 18 40 :
1288 2456 62 2 -_.
1396 2456 83 4 --

420 2452 12 163 I
432 2452 12 163 ■
496 2492 142 106 La
728 2492 354 106 Societe
1126 2454 998 148 "DENTORIA"
2172 2432 22 166 !

2178 2603 17 20 ■

428 2622 17 41 :
616 2636 54 25 ne
714 2625 112 37 livre
861 2626 23 36 a
919 2625 42 37 la
1004 2625 257 48 profession
1306 2624 202 37 dentaire
1551 2638 85 35 que
1681 2628 77 37 des
1796 2627 398 50 produits

428 2670 17 40 :
614 2676 275 41 sup€rieurs
908 2675 200 45 pouvant
1135 2672 210 37 rivaliser
1371 2683 109 24 avec
1510 2672 64 36 les
1603 2674 260 38 meilleures
1891 2687 114 25 mar-
2176 2674 17 42 :

426 2717 18 40 :
615 2731 109 36 ques
747 2722 278 46 etrangeres,
1042 2723 54 34 et
1119 2721 25 36 a
1170 2720 79 36 des
1280 2722 109 40 prix
1416 2722 273 35 iniérieurs.
1714 2722 84 37 Ses
1824 2726 184 41 spéeia-
2176 2721 19 43 :

426 2764 18 41 :
612 2771 112 33 lites
753 2770 105 34 sont
883 2768 358 36 exclusivement
1265 2765 262 47 fabriquees
1557 2778 109 25 avec
1694 2769 79 36 des
1801 2770 206 47 produits
2178 2767 18 44 :

428 2812 18 40 :
618 2815 333 50 FRANQAIS.
978 2815 1219 43 :

429 2859 18 64 :
715 2870 66 47 feN
813 2886 182 32 VENTE
1029 2885 150 33 DANS
1210 2884 100 33 LES
1336 2875 223 41 DEPOTS
1591 2884 323 35 DENTAIRES
2181 2885 18 44 :

429 2931 590 22 ■
1019 2931 590 22 ■
1609 2931 591 22 •

431 2979 18 65 :
878 2980 295 51 Echantillon
1209 2986 170 57 gratuit
1414 2997 78 31 sur
1529 2979 536 68 demande
2065 2979 134 68 æ

430 3120 18 140 |
596 3118 306 102 Societe
956 3054 473 204 Anonyme
1429 3054 651 204 "DENTORIA"
2080 3054 120 204 j

431 3267 18 41 :
503 3267 192 45 Usine
735 3271 57 39 et
826 3266 391 46 Laboratoire
1256 3268 36 41 a
1332 3261 524 48 COURBEVOIE
1897 3259 236 56 (Seine)
2185 3262 18 43 :

434 3340 17 41 :
1004 3335 252 38 AGENCE
1285 3323 357 48 GENERALE:
2185 3333 18 44 :

433 3389 18 66 :
564 3402 164 56 Square
755 3397 55 41 de
836 3397 197 55 l'Opéra,
1054 3397 41 50 5,
1123 3395 203 43 PARIS.
1449 3394 241 43 Téléphone:
1719 3396 220 32 GUTENBERG
1965 3396 109 45 07.98
2186 3380 17 67 :

422 3457 32 34 i

2137 3477 62 62 I
