2403 3841
419 450 50 29 22
810 447 55 28 LA
890 447 334 30 RESTAURATION
1252 442 402 34 MAXILLO-FACIALE

505 534 127 39 Seton
655 533 43 39 of
722 533 73 39 the
818 533 90 39 face
930 533 131 40 bullet
1085 534 155 51 having
1265 532 168 41 entered
1458 530 73 39 the
1555 528 73 40 left
1652 525 130 41 cheek
1806 524 42 39 in
1868 524 114 39 front
2006 521 43 40 of

423 602 204 37 masseter
648 598 84 40 and
755 610 106 38 gone
882 602 76 35 out
982 603 44 35 at
1052 599 72 39 the
1146 611 124 28 mean
1293 597 107 40 level
1422 596 44 40 of
1488 607 113 27 nose.

505 661 274 42 Destruction
805 663 44 38 of
876 663 74 39 left
978 664 134 39 malar
1129 664 110 39 bone
1259 664 84 39 and
1365 661 72 40 the
1456 672 101 27 nose
1575 658 132 39 bones
1727 665 165 43 proper.
1948 653 103 39 Loss

427 729 43 38 of
499 728 75 38 left
607 740 73 38 eye
709 740 84 27 non
824 728 230 40 enuclated.

508 794 56 38 At
597 797 207 40 entrance,
838 807 24 25 a
892 792 110 52 large
1032 796 153 38 wound
1216 793 34 38 is
1281 789 262 43 ascertained
1574 800 54 26 on
1660 787 74 38 left
1765 783 141 45 cheek,
1939 782 114 40 unci-

427 857 196 46 catrized,
665 857 101 40 'ith
816 858 182 40 anterior
1047 858 237 51 concavity,
1327 854 226 50 extending
1592 852 108 39 from
1751 850 72 39 the
1868 846 190 41 external

432 923 121 53 angle
580 924 43 38 of
653 924 72 39 the
753 922 110 40 orbit
894 928 44 35 to
970 925 71 38 the
1070 924 74 39 left
1174 922 128 42 labial
1329 919 284 42 commissure.
1645 917 88 40 The
1763 915 73 40 left
1865 912 194 41 maxillar

431 989 117 40 sinus
578 988 35 40 is
643 988 156 53 largely
827 1002 108 38 open
966 988 42 40 in
1039 990 113 39 front
1184 989 84 39 and
1297 984 331 43 communicates
1657 981 103 41 with
1793 982 71 37 the
1894 977 167 41 outside

432 1054 59 51 by
520 1067 54 27 an
603 1057 195 49 aperture
827 1066 21 27 2
879 1054 268 40 centimeters
1174 1053 43 40 in
1247 1052 215 41 diameter.

514 1119 88 40 The
639 1119 75 38 left
754 1118 279 41 sinuso-nasal
1071 1118 94 41 wall
1203 1118 35 38 is
1275 1116 227 51 destroyed
1542 1126 45 28 as
1626 1111 91 41 well
1750 1122 46 29 as
1829 1111 72 39 the
1931 1109 131 38 bones

437 1196 152 39 proper
620 1185 43 38 of
697 1185 71 39 the
801 1197 110 27 nose.

517 1251 56 38 At
601 1251 73 38 the
698 1249 157 42 middle
881 1255 97 47 part
1004 1251 43 38 of
1075 1251 72 38 the
1172 1262 112 31 nose,
1315 1263 25 25 a
1366 1247 153 39 second
1546 1249 196 46 aperture
1769 1251 22 40 5
1821 1245 43 34 to
1892 1241 25 38 6
1944 1237 121 41 milli-

437 1321 154 34 meters
622 1315 204 41 diameter
855 1315 330 41 communicates
1217 1315 73 39 the
1320 1312 120 41 nasal
1469 1310 147 50 cavity
1646 1307 104 41 with
1783 1307 72 39 the
1885 1304 180 41 outside.

520 1381 209 52 Integrity
761 1382 44 38 of
840 1383 71 37 the
946 1380 150 41 buccal
1129 1385 95 48 part
1260 1380 43 39 of
1336 1389 136 41 upper
1503 1374 185 41 maxilla.

523 1447 227 51 September
782 1448 104 50 15th.
965 1446 215 52 Complete
1209 1443 160 53 closing
1399 1442 43 40 of
1474 1442 72 39 the
1577 1438 119 41 nasal
1729 1435 173 44 wound;
1935 1433 131 54 appli-

440 1510 145 41 cation
613 1512 43 39 of
688 1525 26 25 a
744 1510 149 52 plastic
927 1510 209 51 prothesis
1165 1508 185 55 pending
1381 1521 26 26 a
1438 1502 180 56 surgical
1649 1499 296 43 intervention.

527 1576 221 40 November
773 1576 103 39 26th.
959 1576 89 40 The
1074 1575 186 40 sinusian
1287 1577 195 49 aperture
1507 1571 78 39 has
1610 1565 222 56 gradually
1856 1564 218 41 narrowed

446 1642 86 39 and
563 1653 191 27 measure
786 1640 99 51 only
914 1654 78 26 one
1021 1640 249 41 centimeter
1298 1638 206 40 diameter
1531 1647 105 27 now.

530 1706 92 39 W.
655 1717 84 27 was
770 1705 259 52 rapatriated
1057 1705 42 40 in
1129 1706 231 39 December
1387 1703 144 40 before
1559 1699 73 39 the
1660 1696 178 53 surgical
1866 1695 208 41 interven-

447 1770 89 39 tion
566 1769 123 40 could
720 1771 50 38 be
801 1771 200 38 executed
1035 1772 92 50 (fig.
1127 1772 47 50 4
1203 1771 82 39 and
1313 1768 54 51 5).

534 1913 102 39 OBS.
679 1912 77 39 III.
797 1937 53 4 —
940 1912 116 40 Felix
1094 1913 99 47 M.,
1232 1912 102 40 26th
1373 1910 190 49 infantry
1600 1904 215 53 regiment,
1855 1917 52 27 20
1945 1914 132 40 years,

451 1976 237 52 agricultor,
726 1978 201 40 wounded
958 1978 60 51 by
1051 1978 103 40 shell
1186 1977 176 53 splinter
1392 1974 103 52 July
1529 1972 99 50 17th
1667 1972 103 51 1918
1806 1969 42 40 in
1883 1970 74 38 the
1983 1966 97 42 Oie

455 2044 292 49 Department.

537 2109 184 39 Entered
751 2109 102 51 July
881 2110 110 39 22nd
1022 2110 116 47 iqi8.

535 2173 127 40 Seton
698 2175 42 38 of
777 2175 90 39 face
903 2175 58 50 by
998 2175 100 39 shell
1135 2174 186 51 splinter.
1415 2171 178 38 Entrance
1593 2171 60 38 :
1693 2167 74 38 left
1811 2162 273 54 naco-genian

455 2238 160 51 region;
644 2239 112 40 exit:
789 2239 110 52 right
926 2240 147 40 lateral
1099 2239 88 40 side
1213 2238 43 39 of
1284 2237 72 39 the
1385 2234 115 41 nasal
1527 2232 207 53 pyramid.

537 2304 274 40 Destruction
842 2305 42 39 of
917 2305 218 52 partition.

538 2370 103 41 Vast
676 2372 272 39 anfractuous
981 2371 153 40 wound
1166 2370 43 38 of
1243 2368 72 39 the
1349 2363 272 54 naso-genian
1656 2362 151 51 region,
1844 2358 244 50 interesting

461 2436 71 38 the
561 2436 130 40 whole
722 2436 73 40 left
826 2436 109 53 wing
963 2438 43 38 of
1035 2450 109 26 nose.

538 2500 178 52 Tearing
737 2503 58 38 off
818 2503 42 38 of
885 2502 109 51 right
1017 2501 121 52 wing,
1164 2498 134 41 which
1324 2495 92 41 falls
1438 2495 43 39 in
1505 2496 114 37 front
1642 2494 43 38 of
1707 2503 134 41 upper
1862 2490 70 52 lip.

539 2567 103 49 July
681 2568 104 51 24th.
883 2567 185 51 Picking,
1109 2563 191 51 cleaning
1339 2561 84 40 and
1462 2559 175 51 putting
1675 2558 73 38 the
1793 2556 174 39 wounds
2007 2554 83 40 and

458 2630 128 53 strips
611 2632 112 45 bare,
752 2632 136 39 which
914 2644 71 28 are
1009 2635 79 48 put
1114 2629 110 41 back
1252 2627 83 41 and
1363 2624 167 40 seamed
1556 2637 54 25 on
1638 2623 73 38 the
1737 2621 196 51 prothesc
1960 2632 128 38 appa-

466 2701 115 35 ratus
607 2699 228 50 supported
859 2698 59 50 by
945 2712 25 24 a
993 2700 92 36 cast
1112 2699 142 49 gutter
1278 2689 196 52 covering
1499 2689 74 39 the
1598 2700 134 39 upper
1757 2685 145 41 dental
1927 2684 163 40 arcade.

545 2762 161 51 August
738 2763 104 50 25th.
933 2762 215 52 Complete
1179 2754 303 45 cicatrization.

546 2807 230 70 September
811 2828 104 39 10th.
1009 2829 66 38 An
1115 2822 207 43 electrical
1361 2821 229 39 treatment
1637 2817 35 39 is
1710 2816 162 40 started
1910 2814 42 39 in
1991 2813 106 39 view

467 2891 42 37 of
543 2891 217 51 rendering
792 2893 73 38 the
896 2892 214 40 cicatrices
1144 2888 147 53 supple
1323 2887 65 38 for
1421 2899 25 25 a
1479 2885 141 38 future
1654 2880 274 53 rhinoplasty.

547 2954 257 48 Meanwhile,
830 2956 139 52 fitting
992 2957 43 39 of
1057 2971 26 25 a
1104 2960 244 47 temporary
1370 2948 149 54 plastic
1543 2946 209 53 prothesis
1779 2946 82 51 (fig.
1888 2945 24 39 6
1935 2945 82 39 and
2041 2944 52 52 7).
