2521 3787
673 360 176 30 PLASTIC
879 359 239 30 PROTHESIS
1148 359 48 28 IN
1226 357 109 30 FACE
1367 356 300 30 MUTILATIONS
1934 354 49 40 17

506 3290 39 20 LA
569 3290 253 22 RESTAURATION
848 3292 315 21 MAXILLO-FACIALB.

1906 3292 15 19 2

357 446 177 55 gumlac
563 449 190 42 madder
782 448 225 42 dissolved
1035 451 49 36 to
1115 444 253 43 saturation
1397 444 46 42 in
1473 445 188 42 mineral
1691 457 176 30 essence
1898 441 91 43 and

358 523 159 54 yellow
552 525 132 42 ochre
720 525 45 41 in
802 523 263 55 suspension
1101 521 46 42 in
1183 521 78 41 the
1298 534 123 29 same
1458 522 205 55 product.

445 601 40 54 c)
522 601 204 54 Shaping
749 600 42 53 of
811 600 65 41 the
897 599 128 54 piece.
1106 598 41 40 It
1166 596 36 42 is
1221 597 133 41 made
1377 597 111 43 with
1510 612 100 28 wax
1636 612 58 28 on
1719 612 27 28 a
1770 595 222 57 complete

359 677 233 53 moulding
621 677 46 40 of
688 677 77 42 the
791 677 108 40 face.
988 674 130 42 After
1142 676 125 45 tests,
1290 673 78 41 the
1394 688 157 29 waxen
1569 674 122 56 piece
1710 678 122 39 must
1857 677 135 38 natu-

360 752 113 53 rally
509 753 140 53 adapt
690 752 121 41 itself
851 751 218 54 perfectly
1104 754 49 36 to
1195 749 78 41 the
1315 750 299 54 surrounding
1656 751 100 41 skin
1798 750 194 41 without

363 827 256 55 depressing
652 827 49 47 it,
738 827 200 41 whether
972 826 34 41 it
1044 825 316 42 reconstitutes
1395 839 26 27 a
1456 839 119 36 nose,
1613 840 58 28 an
1707 840 76 28 ear
1817 840 50 27 or
1902 839 91 40 any

362 903 130 41 other
526 907 100 50 part
664 903 45 39 of
744 902 76 42 the
857 903 108 40 face.

452 979 44 52 d)
532 977 194 52 Making
751 978 42 51 of
818 977 65 41 the
908 978 156 40 mould.
1152 978 128 41 After
1306 979 202 40 renewed
1534 978 125 42 trials
1685 979 44 40 of
1756 979 76 42 the
1859 978 136 55 piece,

368 1053 33 41 it
429 1054 36 40 is
490 1053 213 42 moulded
729 1053 44 41 in
801 1058 88 35 two
917 1058 137 49 parts.

456 1129 42 41 It
528 1128 36 41 is
592 1128 230 42 advisable
851 1134 46 35 to
927 1134 95 36 cast
1052 1129 76 41 the
1157 1134 127 49 paste
1313 1129 44 42 in
1387 1143 27 27 a
1442 1131 184 40 wooden
1656 1144 49 26 or
1733 1130 90 41 still
1851 1131 149 41 better

369 1218 26 27 a
425 1204 138 42 metal
595 1196 164 56 mume,
794 1204 144 41 which
970 1205 263 41 afterwards
1265 1205 193 42 remains
1489 1206 76 40 the
1597 1210 216 50 property
1844 1206 46 40 of
1922 1207 77 39 the

371 1280 187 55 patient.

458 1356 105 43 This
586 1357 165 48 muffle,
779 1357 45 42 in
848 1357 59 42 its
931 1357 76 50 lid,
1035 1358 80 42 has
1140 1372 26 27 a
1191 1358 209 55 chimney
1425 1358 114 41 from
1565 1370 27 41 4
1611 1363 48 37 to
1680 1367 24 42 5
1723 1357 279 43 millimeters

373 1434 218 43 diameter
623 1434 146 42 which
802 1434 151 42 allows
987 1435 76 43 the
1097 1436 106 41 base
1236 1435 47 41 of
1316 1436 77 42 the
1428 1436 231 56 protheses
1683 1439 48 37 to
1755 1434 249 42 communi-

374 1516 99 37 cate
513 1511 110 42 with
663 1512 77 42 the
769 1512 189 49 outside,
992 1513 91 41 and
1114 1526 56 29 on
1204 1513 77 42 the
1310 1513 100 41 four
1434 1512 115 43 sides
1579 1512 110 42 slots
1717 1511 46 41 of
1792 1511 206 42 different

375 1589 137 55 shape
539 1589 146 42 which
710 1589 157 42 enable
894 1590 76 41 the
996 1589 175 56 patient
1198 1594 46 37 to
1271 1594 82 51 put
1380 1590 180 54 exactly
1579 1589 44 42 in
1648 1589 138 55 place,
1811 1588 192 42 without

375 1677 91 41 any
496 1665 193 54 possible
724 1665 207 49 mistake,
968 1666 78 42 the
1081 1671 303 52 counterpart.

463 1742 38 52 e)
533 1740 182 54 Casting
736 1742 44 52 of
797 1737 65 46 the
883 1742 129 55 piece.
1078 1744 53 41 In
1153 1744 128 41 order
1305 1748 47 37 to
1379 1748 94 37 cast
1500 1744 76 41 the
1595 1743 136 55 piece,
1761 1756 27 28 a
1815 1741 192 43 suitable

379 1816 213 55 quantity
630 1817 46 41 of
713 1819 171 42 molten
922 1824 128 50 paste
1090 1819 36 42 is
1165 1821 170 55 poured
1372 1820 97 41 into
1508 1834 26 27 a
1573 1819 215 55 carefully
1826 1818 184 56 greased

377 1893 167 41 mould.
639 1895 93 41 The
767 1900 303 51 counterpart,
1107 1897 145 41 which
1285 1896 37 42 is
1356 1897 92 41 also
1483 1897 130 49 oiled,
1648 1897 38 41 is
1718 1901 84 50 put
1837 1910 58 27 on
1929 1900 82 50 top

379 1968 92 40 and
504 1982 104 39 goes
639 1969 96 42 into
770 1971 77 40 the
882 1971 118 54 right
1034 1973 124 54 place
1194 1972 117 42 since
1346 1972 35 41 it
1416 1972 36 42 is
1485 1972 166 54 guided
1683 1973 63 54 by
1780 1972 76 42 the
1885 1972 124 41 slots.

381 2043 91 40 The
514 2058 151 28 excess
706 2046 46 39 of
792 2051 128 50 paste
962 2050 234 40 overflows
1237 2047 196 53 through
1474 2048 76 41 the
1592 2048 211 53 chimney
1843 2053 48 36 to
1934 2048 77 41 the

381 2118 186 41 outside.
667 2120 130 41 After
832 2135 27 26 a
896 2121 84 42 few
1017 2123 209 48 minutes,
1266 2122 77 42 the
1381 2122 135 54 piece,
1557 2122 146 42 which
1739 2124 81 40 has
1858 2123 155 42 cooled

383 2192 144 50 down,
552 2194 36 41 is
611 2195 296 50 unmoulded;
933 2198 75 41 the
1031 2199 169 55 pedicle
1224 2198 46 42 of
1292 2198 76 41 the
1392 2199 106 41 base
1521 2198 35 42 is
1580 2203 76 37 cut
1681 2200 75 47 off,
1781 2198 77 42 the
1881 2199 133 54 edges

384 2281 72 29 are
484 2269 228 54 equalised
738 2272 91 41 and
856 2273 76 41 the
961 2273 121 55 piece
1110 2275 35 42 is
1173 2275 138 53 ready
1339 2279 46 36 to
1413 2274 55 41 be
1496 2273 133 42 fitted
1656 2288 71 28 on.

474 2428 59 42 II.
569 2430 298 51 OBJECTIONS
901 2443 59 29 OF
993 2444 260 31 PRACTICAL
1287 2442 171 31 ORDER.
1492 2456 58 4 —
1584 2432 94 41 The
1720 2432 162 54 plastic
1916 2447 100 41 pro-

387 2504 138 43 thesis
556 2505 44 41 of
631 2506 193 54 gelatine
856 2521 72 28 are
960 2510 257 54 essentially
1248 2506 265 57 ephemeral.
1605 2506 128 54 They
1763 2512 166 37 cannot
1962 2509 56 40 be

388 2584 218 55 expected
633 2588 48 37 to
709 2583 87 43 last
824 2598 122 29 more
975 2586 111 42 than
1115 2587 124 41 three
1268 2584 132 55 days;
1430 2583 189 41 because
1647 2596 113 28 even
1789 2583 229 55 assuming

389 2660 101 43 that
523 2661 76 42 the
630 2660 121 57 piece
783 2661 91 43 still
905 2662 162 42 stickes
1099 2678 70 33 on,
1202 2662 59 41 its
1292 2660 131 54 edges
1453 2672 77 28 use
1562 2673 61 40 up
1654 2660 92 41 and
1775 2665 73 49 get
1881 2660 139 43 soiled

390 2739 90 41 and
512 2739 77 41 the
620 2744 127 50 paste
780 2739 92 42 also
905 2741 132 41 tends
1067 2745 49 37 to
1147 2737 189 43 blacken
1368 2736 62 53 by
1461 2735 77 42 the
1571 2735 150 43 action
1753 2736 46 42 of
1830 2737 78 42 the
1941 2737 77 41 air.

394 2815 51 41 In
474 2816 105 48 fact,
608 2815 35 42 it
671 2820 121 38 must
820 2817 55 41 be
902 2817 206 54 replaced
1133 2828 135 40 every
1296 2814 102 53 day.

478 2892 107 41 This
614 2892 37 42 is
681 2906 27 27 a
738 2892 166 42 serious
938 2892 240 43 drawback
1214 2888 144 43 which
1393 2901 142 29 seems
1572 2893 49 37 to
1650 2889 84 42 bar
1763 2890 77 42 the
1869 2905 77 28 use
1977 2891 45 40 of

393 2966 90 41 this
515 2968 242 53 prothesis;
790 2969 83 40 but
906 2968 90 41 this
1027 2965 239 44 drawback
1297 2963 36 42 is
1364 2977 123 30 more
1520 2971 220 49 apparent
1773 2967 112 42 than
1918 2966 102 43 real.

394 3040 80 42 We
509 3042 197 41 describe
740 3043 102 42 here
877 3045 101 40 how
1011 3058 64 27 we
1110 3040 184 44 succeed
1328 3039 33 41 if
1393 3044 82 37 not
1510 3045 47 38 to
1590 3055 208 43 suppress
1833 3047 47 37 at
1912 3042 111 42 least

394 3120 48 36 to
483 3116 225 43 minimize
749 3118 48 42 it.

486 3198 47 35 10
563 3194 80 41 We
674 3194 170 43 submit
875 3196 77 42 the
984 3196 175 56 patient
1190 3199 48 38 to
1270 3207 26 28 a
1327 3193 91 43 real
1448 3195 302 42 re-education.
1841 3196 119 42 That
1991 3195 37 42 is
