2463 3844
476 381 47 41 32
865 385 55 29 LA
945 387 337 33 RESTAURATION
1307 389 405 32 MAXILLO-FACIALE

563 471 71 42 En
662 475 145 46 outre,
833 472 29 40 il
886 474 212 46 convient
1121 493 87 41 que
1237 483 120 39 cette
1386 479 236 43 réduction
1650 479 86 43 soit
1767 481 187 53 poussée
1983 478 121 44 aussi

473 547 92 42 loin
603 547 129 56 qu'il.
748 555 67 37 est
852 553 244 44 nécessaire
1133 570 115 42 pour
1283 561 119 39 cette
1440 555 158 44 remise
1636 571 55 27 en
1728 556 126 55 place
1892 556 209 56 possible,

474 624 273 44 c'est-à-dire
773 626 181 58 jusqu'à
979 629 43 43 la
1045 631 219 45 situation
1291 635 189 42 d'avant
1507 633 39 43 le
1572 632 329 44 traumatisme.
1931 633 61 42 Le
2018 634 83 41 but

475 716 87 40 que
592 702 91 42 l'on
713 705 205 54 poursuit
947 714 67 37 est
1046 724 60 28 un
1136 712 91 42 bon
1249 711 391 42 fonctionnement
1672 712 61 41 du
1762 713 212 52 système,
1998 717 45 36 et
2073 710 31 41 il

475 782 67 39 est
577 781 183 43 évident
795 798 86 40 que
921 799 113 41 pour
1070 783 210 48 l'obtenir
1313 788 63 43 les
1414 787 256 43 conditions
1706 787 175 56 optima
1915 787 186 44 doivent

556 2420 71 31 FIG.
647 2431 28 28 4.
693 2440 35 4 —
748 2421 89 34 Ch.
859 2423 246 41 Radiographie
1123 2427 168 27 montrant
1307 2423 231 39 l'importance
1557 2421 40 30 de
1615 2421 30 30 la
1661 2425 95 37 perte
1775 2421 40 30 de
1831 2421 188 30 substance.

659 2475 105 41 (Cli.
784 2476 211 41 Radiograph
1020 2478 158 40 showing
1201 2478 57 29 tlie
1284 2478 206 38 importance
1514 2475 40 30 of
1574 2475 57 30 tlie
1656 2475 66 30 lost
1744 2474 40 31 of
1804 2475 115 39 bone.)

472 2641 93 51 êjtre
599 2637 225 56 réalisées;
860 2652 58 32 On
952 2655 54 30 ne
1042 2639 169 46 saurait
1247 2653 45 31 se
1326 2644 237 39 contenter
1596 2638 54 44 de
1685 2636 341 47 demi-mesures
2057 2643 45 39 et

472 2716 30 41 il
531 2723 68 37 est
629 2732 159 29 encore
817 2718 102 56 plus
947 2715 321 52 inadmissible,
1301 2715 86 44 soit
1419 2719 53 41 de
1502 2716 153 43 laisser
1683 2716 61 43 les
1775 2716 254 44 déviations
2057 2729 45 29 se

472 2798 239 52 perpétuer
733 2796 125 43 faute
882 2795 369 48 d'intervention,
1272 2793 89 43 soit
1389 2794 53 41 de
1465 2793 167 43 limiter
1654 2799 118 37 cette
1796 2792 306 44 intervention

472 2870 116 44 alors
620 2872 110 55 qu'il
760 2879 67 36 est
860 2873 192 55 possible
1085 2871 227 44 d'obtenir
1343 2886 60 27 un
1436 2869 189 43 résultat
1658 2869 209 57 complet.

559 2948 125 43 Nous
713 2962 141 30 avons
880 2949 185 55 indiqué
1092 2950 113 42 dans
1233 2949 77 42 des
1337 2952 131 38 notes
1495 2947 274 43 antérieures
1797 2962 86 41 que
1911 2962 48 28 ce
1986 2949 116 41 réta-

474 3022 261 46 blissement
758 3025 277 43 fonctionnel
1058 3025 111 44 était
1191 3040 92 28 non
1304 3024 249 43 seulement
1577 3023 206 57 possible,
1808 3024 113 43 mais
1943 3038 159 28 encore

472 3098 315 46 relativement
810 3102 91 42 aisé
923 3104 25 40 à
967 3103 179 42 réaliser
1165 3117 109 29 avec
1295 3103 62 43 les
1378 3101 222 57 appareils
1618 3103 25 41 à
1661 3100 135 45 volet.
1817 3102 127 42 Nous
1962 3113 142 32 avons

472 3169 198 60 indiqué,
696 3192 55 30 en
777 3184 143 44 outre,
943 3195 100 39 que,
1065 3183 130 51 grâce
1222 3194 58 28 au
1306 3179 407 48 fonctionnement,
1735 3193 90 27 non
1855 3177 247 44 seulement

473 3248 44 42 la
550 3252 194 52 position
779 3256 263 56 d'équilibre
1077 3257 124 44 avait
1236 3258 222 41 tendance
1494 3257 27 42 à
1554 3268 45 30 se
1634 3256 123 49 fixer,
1794 3256 113 41 mais
1941 3266 161 31 encore
