2284 3901
471 418 50 44 62
861 430 56 33 LA
941 432 336 33 RESTAURATION
1304 431 407 34 MAXILLO-FACIALE

499 516 189 45 Appareil
698 517 210 37 unilateral
921 531 47 23 en
980 522 147 35 double
1136 524 114 43 gout-

472 564 98 34 tiere
595 564 201 58 cupulaire
820 577 97 24 avec
942 568 182 45 glissiere.
1151 579 101 36 pour

472 610 232 35 contention
721 612 120 36 d'une
858 614 173 36 fracture
1048 618 50 34 de
1114 617 38 34 la
1168 616 83 34 ma-

472 658 132 34 choire
619 657 209 40 inferieure
844 664 165 42 portant
1027 674 66 24 sur
1104 664 149 44 Tangle

472 705 293 35 mandibulaire
824 707 146 45 (Pierre
1026 711 225 43 SEBILEAU,

472 752 104 34 Bull.
609 755 34 30 et
672 753 119 34 Mem.
825 755 42 33 de
892 757 38 32 la
955 756 82 36 Soc.
1065 759 43 33 de
1133 757 118 44 Chir.,

474 809 20 33 3
523 810 91 24 nov.
647 801 124 44 1914).

528 917 307 42 Effondrement
864 923 58 45 et
922 923 255 45 perforation
1207 924 50 34 de

476 965 39 35 la
549 967 131 35 racine
714 969 53 33 du
802 980 84 24 nez.
923 970 227 36 Correction
1186 982 72 34 par

477 1014 252 43 autoplastic,
778 1019 39 31 et
862 1018 119 43 grelfe
1025 1019 135 34 d'une
1192 1020 64 33 ba-

474 1063 142 41 guette
639 1062 301 46 cartilagineuse
1000 1065 64 44 (H.
1089 1065 168 33 MORES-

479 1116 82 35 TIN,
592 1109 103 33 Bull.
731 1113 32 29 et
795 1112 120 32 Mem.
951 1112 42 32 de
1027 1113 37 32 la
1100 1112 80 34 Soc.
1216 1112 43 33 de

481 1153 118 46 Chir.,
626 1166 45 34 17
690 1167 92 24 nov.
808 1158 124 44 1914).

531 1273 191 37 Fracture
749 1276 53 33 du
829 1276 221 35 maxillaire
1074 1276 190 34 inferieur

482 1332 98 24 avec
608 1321 196 35 inclusion
834 1324 182 44 pendant
1047 1315 217 52 cinquante

480 1369 111 43 jours
627 1369 97 34 d'un
760 1381 89 33 gros
885 1371 200 43 fragment
1121 1370 143 34 d'obus

486 1415 56 43 (P.
562 1415 265 44 MAUCLAIRE,
849 1418 103 32 Bull.
973 1421 33 29 et
1024 1418 120 33 Além.
1166 1417 43 33 de
1228 1418 37 32 la

484 1462 83 41 Soc.
591 1463 42 33 de
658 1462 117 44 Chir.,
802 1474 48 34 24
871 1475 93 23 nov.
991 1464 125 44 1914).

536 1566 270 44 Localisation
836 1575 304 45 radioscopique
1169 1575 97 34 d'un

487 1622 200 44 shrapnell
721 1625 126 42 ayant
888 1622 178 35 traverse
1099 1624 38 33 la
1170 1633 98 34 pau-

488 1669 107 44 piere
620 1669 225 46 superieure
870 1669 153 44 gauche
1049 1680 101 35 pour
1176 1670 95 34 aller

489 1716 182 34 s'inclure
714 1717 100 33 dans
856 1717 39 33 la
917 1717 125 33 fosse
1085 1716 184 46 pterygo-

488 1763 222 35 maxillaire
767 1763 141 35 droite.
968 1763 301 35 Debridement.

489 1801 265 44 Enucleation
787 1811 50 34 de
869 1803 48 41 la
939 1810 116 43 balle,
1089 1810 183 44 guerison

489 1853 232 38 immediate
745 1857 66 44 (H.
835 1857 253 44 TOUSSAINT,
1112 1857 104 33 Bull.
1242 1859 33 30 et

492 1905 120 33 Mem.
643 1905 43 32 de
714 1905 38 32 la
781 1904 82 33 Soc.
893 1905 43 32 de
966 1904 119 44 Chir.,
1119 1913 44 33 15
1188 1902 86 36 dec.

496 1951 127 45 1914).
662 1964 6 2 -

545 2053 67 35 La
621 2052 186 47 prothese
825 2053 180 35 dentaire
1024 2054 99 34 dans
1141 2054 38 34 la
1198 2052 78 35 chi-

495 2101 129 45 rurgie
648 2102 57 42 de
705 2102 153 42 guerre
887 2100 54 45 (P.
966 2101 247 33 MARTINIER
1238 2102 41 33 et

494 2150 52 34 M.
571 2149 108 45 ROY.
705 2148 254 44 Odontologie,
985 2158 48 33 30
1048 2149 82 34 dec.
1150 2147 125 45 1914).

546 2304 268 36 Constriction
827 2306 264 43 permanente
1107 2305 69 33 des
1198 2302 84 46 ma-

495 2353 152 35 choires
682 2351 190 44 d'origine
917 2350 366 35 osteo-musculaire

501 2401 57 44 (F.
591 2402 191 41 LEGUEU,
817 2399 103 33 Bull,
953 2401 36 31 et
1016 2399 121 33 Mem.
1170 2398 44 33 de
1245 2398 38 33 la

498 2448 83 34 Soc.
611 2448 43 34 de
684 2447 118 44 Chir.,
836 2455 46 32 19
909 2445 110 45 janv.
1052 2445 127 45 1915).

550 2562 269 35 Constriction
854 2561 69 35 des
956 2558 222 36 machoires
1211 2567 75 36 par

501 2609 178 36 osteome
707 2611 54 34 du
791 2608 193 37 masseter
1013 2605 221 36 consecutif
1261 2602 24 35 a

501 2667 78 24 une
610 2658 175 34 fracture
816 2658 50 33 de
897 2657 39 34 la
966 2655 176 35 branche
1174 2662 112 24 mon-

500 2705 116 33 tante
640 2704 66 44 (H.
726 2702 236 45 MORESTIN,
985 2703 104 33 Bull.
1112 2704 33 31 et
1164 2700 121 34 Mem.

502 2750 43 34 de
569 2751 39 33 la
631 2751 83 35 Soc.
740 2753 43 32 de
809 2751 119 44 Chir.,
955 2760 20 24 2
1002 2749 77 34 fev.
1109 2748 125 44 1915).

555 2862 58 34 La
638 2864 34 35 ,
672 2864 242 35 constriction
955 2866 70 33 des
1066 2860 222 37 machoires

504 2909 194 44 d'origine
726 2911 293 47 myopathique
1051 2913 40 33 et
1121 2907 167 46 l'opéra-

504 2957 86 35 tion
620 2957 50 34 de
699 2956 56 36 Le
783 2958 137 34 Dentu
955 2960 64 42 (H.
1051 2958 252 41 MORESTIN,.

505 3004 103 35 Bull,
639 3007 33 30 et
698 3004 120 34 Mem.
849 3006 42 32 de
920 3006 37 33 la
985 3005 83 35 Soc.
1097 3006 43 33 de
1170 3003 118 43 Chir.,

506 3063 25 33 9
559 3051 79 34 fev.
672 3050 126 44 1915).

559 3163 269 37 Constriction
855 3165 69 33 des
949 3165 222 36 machoires
1197 3164 95 35 trai-

506 3216 66 35 tee
604 3224 75 36 par
710 3210 238 46 l'opération
982 3214 50 34 de
1065 3213 56 35 Le
1154 3214 138 33 Dentu

510 3264 66 45 (H.
600 3262 236 40 MORESTIN,
861 3258 103 34 Bull.
989 3264 33 29 et
1043 3261 121 34 Mem.
1190 3260 42 33 de
1256 3260 39 32 la

509 3313 89 35 Soc.
619 3310 42 34 de
687 3306 119 45 Chir.,
835 3306 47 33 16
904 3315 106 25 mars
1036 3307 125 45 1915).

1377 522 214 34 SEBILEAU
1626 519 120 45 (P.).
1746 519 40 45 -
1786 519 203 45 Appareil
2021 507 127 148 uni-I

1322 569 142 35 lateral
1496 579 48 24 en
1577 568 146 34 double
1754 567 198 43 gouttiere
1984 571 120 38 cupu-
2104 571 41 38 w

1322 616 98 34 laire
1436 626 96 24 avec
1550 614 186 46 glissiere,
1754 624 104 34 pour
1874 508 231 146 contention
2105 508 43 146 f

1325 664 121 34 d'une
1467 663 174 34 fracture
1661 663 50 33 de
1731 661 40 35 la
1791 661 201 33 mâchoire
2012 653 92 39 infe-

1325 709 128 35 rieure
1469 712 168 42 portant
1654 719 67 23 sur
1736 708 146 44 l'angle
1898 706 207 35 mandibu-

1325 757 96 35 laire
1455 755 116 45 (Bull,
1602 760 34 29 et
1664 757 119 33 Mem.
1816 756 42 32 de
1888 756 38 33 la
1955 754 82 34 Soc.
2070 747 38 36 de

1329 803 112 45 Chir.,
1441 803 49 45 3
1510 814 93 23 nov.
1628 802 125 46 1914).

2116 842 39 64 4

1379 922 224 34 MORESTIN
1625 921 96 46 (H.).
1740 941 51 4 -
1808 914 302 41 Effondrement

1331 972 40 34 et
1394 970 246 45 perforation
1663 971 49 33 de
1735 969 39 34 la
1798 968 131 35 racine
1952 968 52 34 du
2030 971 81 28 nez.

1331 1018 228 34 Correction
1576 1028 72 34 par
1666 1016 253 44 autoplastie,
1939 1018 40 32 et
1995 1009 117 49 greffe

1331 1066 121 33 d'une
1466 1064 194 44 baguette
1675 1064 304 43 cartilagineuse
1998 1055 113 50 (Bull.

1333 1115 33 30 et
1384 1112 123 33 Mem.
1530 1112 42 32 de
1594 1112 37 32 la
1651 1110 83 34 Soc.
1758 1110 42 33 de
1823 1109 120 45 Chir.,
1963 1113 72 40 17
2035 1113 120 40 nov-

1336 1160 126 43 I9I4)'

1385 1278 255 33 MAUCLAIRE
1668 1276 87 46 (P.).
1778 1296 52 3 —
1851 1276 192 34 Fracture
2065 1270 50 35 do
2147 1267 13 49 1

1336 1324 221 35 maxillaire
1584 1324 188 40 inferieur
1800 1333 96 24 avec
1925 1319 191 36 inclusion
2149 1318 16 53 t'

1336 1373 181 43 pendant
1539 1372 219 43 cinquante
1779 1368 111 45 jours
1913 1369 97 34 d'un
2032 1368 87 43 gros

1337 1418 194 43 fragment
1531 1418 174 43 d'obus
1734 1417 115 43 (Bull,
1877 1419 33 30 et
1931 1416 121 33 Mem.
2079 1408 39 35 de
2150 1372 15 71 I|

1338 1466 37 32 la
1404 1464 83 34 Soc.
1519 1466 41 31 de
1592 1463 118 44 Chir.,
1744 1474 45 35 21
1819 1473 92 24 nov.
1945 1462 125 44 1914).

1390 1574 241 34 TOUSSAINT
1660 1575 96 45 (H.).
1780 1596 53 4 -
1854 1573 266 37 Localisation

1341 1623 305 44 radioscopique
1661 1623 97 34 d'un
1774 1623 202 45 shrapnell
2000 1616 122 50 ayant

1341 1669 179 35 traverse
1534 1670 39 34 la
1587 1670 190 45 paupiere
1792 1670 227 44 superieure
2032 1675 91 38 gau-

1343 1716 72 34 che
1453 1727 102 34 pour
1594 1718 96 34 aller
1730 1718 182 34 s'inclure
1951 1718 101 34 dans
2089 1712 36 33 la

1342 1764 105 34 fosse
1463 1763 411 48 ptérygç-maxillaire
1891 1764 140 36 droite.
2051 1757 73 39 De-

1344 1810 237 38 bridement.
1602 1812 267 35 Enucleation
1889 1814 49 33 de
1955 1811 39 34 la
2012 1807 113 39 balle,

1345 1857 183 43 guerison
1549 1859 235 35 immediate
1810 1858 117 41 (Bull.
1953 1862 32 29 et
2007 1857 118 34 Mérn.

1347 1904 42 33 de
1411 1905 37 32 la
1468 1904 82 35 Soc.
1573 1906 42 34 de
1637 1906 118 43 Chir.,
1781 1916 44 33 15
1846 1906 83 34 dec.
1954 1903 126 46 1914).

1399 2053 222 47 MARTINIER
1621 2053 133 47 -(P.)
1754 2053 66 47 et
1820 2053 114 47 ROY
1961 2054 98 45 (M.).
2082 2062 49 12 -

1349 2101 59 34 La
1436 2102 188 43 prothese
1649 2103 182 35 dentaire
1859 2103 101 33 dans
1988 2102 39 33 la
2054 2094 75 39 chi-

1352 2149 128 43 rurgie
1495 2151 50 33 de
1560 2148 135 46 guerre
1695 2148 290 46 (Odontologie,
2004 2158 52 33 30
2069 2141 61 38 dé-

1352 2196 157 36 cembre
1537 2197 125 44 1914).
2141 2221 6 12 J

1404 2303 180 33 LEGUEU
1602 2302 88 46 (F.).
1704 2322 52 4 -
1769 2301 268 46 Constriction
2051 2304 82 41 per-

1354 2354 190 31 manente
1568 2352 83 33 -des
1689 2349 222 35 machoires
1943 2346 189 52 d'origine

1354 2397 369 35 osteo-musculaire
1773 2396 117 53 (Bull.
1939 2400 32 30 et
2016 2394 116 35 Mém.

1357 2444 42 33 de
1424 2445 39 33 la
1486 2445 82 33 Soc.
1597 2445 42 33 de
1665 2444 119 44 Chir.,
1816 2453 45 31 19
1877 2443 110 45 janv.
2011 2435 122 49 1915)'
2155 2466 10 33 .1

1406 2557 224 35 MORESTIN
1665 2557 97 45 (H.).
1792 2576 52 4 -
1873 2551 263 39 Constriction

1358 2607 69 34 des
1445 2605 220 34 machoires
1683 2615 73 35 par
1773 2603 178 35 osteome
1968 2603 54 34 du
2040 2605 98 30 mas'

1360 2652 104 35 seter
1490 2652 221 35 consecutif
1737 2650 25 35 a
1787 2662 80 23 une
1893 2651 175 33 fracture
2095 2643 44 35 de

1359 2699 39 34 la
1415 2699 175 35 branche
1606 2700 212 34 montante
1838 2698 115 44 (Bull.
1973 2701 33 30 et
2021 2696 117 34 Mém.

1361 2747 42 32 de
1425 2747 38 33 la
1485 2746 82 34 Soc.
1592 2747 43 32 de
1658 2745 118 44 Chir.,
1801 2756 21 22 2
1843 2737 79 41 fev.
1948 2743 123 44 1915).

1411 2860 234 42 MORESTIN
1668 2859 96 47 (H.).
1792 2875 53 8 —
1872 2859 58 35 La
1957 2853 184 40 constric-

1362 2908 86 34 tion
1475 2909 69 33 des
1570 2907 222 35 machoires
1819 2906 191 45 d'origine
2035 2908 106 39 myo'

1363 2955 196 46 pathique
1610 2956 41 33 et
1702 2953 237 46 l'operation
1992 2954 50 33 de
2092 2946 52 35 L-e

1363 3004 137 34 Dentu
1528 3001 116 45 (Bull.
1670 3005 33 30 et
1724 3002 120 34 Mem.
1871 3001 42 33 de
1937 3001 37 34 la
1998 3000 82 33 Soc.
2106 2990 38 36 de

1366 3050 118 43 Chir.,
1514 3059 23 31 9
1561 3048 77 34 fev.
1669 3048 126 44 1915).
2157 3076 8 20 <

1415 3164 225 33 MORESTIN
1675 3161 96 46 (H.).
1802 3182 51 2 -
1882 3156 263 39 Constriction

1366 3213 69 33 des
1462 3210 221 34 machoires
1711 3208 145 36 traitee
1883 3218 73 34 par
1982 3204 163 47 l'bpéra-

1365 3259 87 33 tion
1481 3259 51 33 de
1562 3257 55 34 Le
1646 3257 137 34 Dentu
1818 3255 116 45 (Bull.
1967 3259 33 30 et
2029 3251 117 37 Mém.

1367 3306 42 33 de
1434 3306 37 33 la
1493 3305 85 44 Soc.
1605 3304 47 39 de,
1674 3302 119 46 Chir.,
1823 3304 47 31 16
1892 3312 107 25 mars
2025 3292 121 50 1915)'
