2353 3880
630 668 127 68 On
834 666 136 70 the
1048 668 325 70 shutter
1448 654 368 104 apparatus
1816 654 148 104 (1)

764 880 72 55 By
866 880 52 43 A.
954 880 240 44 HERPIN
1226 880 92 43 and
1348 878 53 44 0.
1436 876 256 45 HUGUET

1051 975 56 39 (of
1120 974 72 32 the
1192 974 180 32 Bordeaux
1389 971 153 38 Center).

563 1484 81 43 We
676 1485 117 43 have
825 1485 251 55 explained,
1111 1485 46 42 in
1189 1500 26 27 a
1246 1484 211 56 previous
1488 1488 119 46 note,
1634 1498 57 27 on
1724 1498 26 27 a
1781 1482 178 55 general
1983 1480 127 57 point

478 1559 46 42 of
548 1559 116 44 view
689 1561 59 42 all
775 1561 77 43 the
880 1562 281 53 advantages
1186 1561 103 42 that
1317 1560 133 42 could
1475 1561 56 41 be
1558 1560 185 43 derived
1769 1560 115 41 from
1911 1558 78 42 the
2016 1558 97 41 the-

480 1637 203 55 rapeutic
710 1638 63 54 by
799 1652 157 27 means
983 1638 46 41 of
1056 1638 179 41 shutter
1261 1642 260 51 apparatus,
1552 1637 145 42 where
1725 1637 124 42 there
1878 1650 74 28 are
1980 1635 135 42 losses

481 1713 46 41 of
551 1714 265 42 substances
838 1713 46 43 in
909 1714 77 42 the
1011 1714 189 54 angular
1222 1713 151 55 region
1398 1714 46 41 of
1468 1714 78 41 the
1570 1713 134 43 lower
1726 1713 221 43 maxillar.

568 1789 81 42 We
680 1789 110 42 then
820 1790 92 42 had
941 1789 79 43 the
1050 1789 301 56 opportunity
1381 1794 47 37 to
1460 1790 124 41 show
1613 1790 79 42 the
1721 1790 294 56 importance,
2050 1789 68 41 for

482 1865 78 42 the
594 1865 275 56 subsequent
902 1880 163 42 proper
1095 1866 201 55 working
1328 1866 46 42 of
1405 1866 77 43 the
1514 1867 243 50 mandible,
1791 1867 47 42 of
1869 1867 78 42 the
1979 1869 137 39 resto-

483 1941 148 43 ration
657 1942 45 41 of
727 1943 77 41 the
829 1957 181 28 osseous
1034 1944 106 41 arch
1165 1942 286 56 equilibrium
1476 1944 91 41 and
1591 1944 94 42 also
1710 1943 46 43 of
1779 1944 78 42 the
1882 1941 235 44 reduction

481 2018 99 42 into
603 2018 118 42 their
741 2019 175 42 normal
939 2019 126 55 place
1087 2020 47 42 of
1154 2020 78 42 the
1254 2019 247 43 interested
1520 2020 205 43 muscles.
1808 2019 109 43 This
1938 2018 37 43 is
1995 2032 124 28 more

485 2109 108 29 over
633 2095 82 42 self
753 2096 196 49 evident,
982 2097 84 41 but
1095 2097 36 42 it
1161 2111 142 29 seems
1332 2111 237 41 necessary
1598 2098 207 54 anyhow,
1837 2096 45 42 in
1913 2096 131 41 order
2072 2099 47 37 to

485 2174 55 55 be
568 2186 123 29 more
722 2172 180 57 precise,
935 2177 48 38 to
1014 2174 124 42 show
1166 2174 103 42 how
1297 2173 98 44 well
1425 2173 201 43 founded
1655 2173 36 42 it
1721 2173 49 50 is,
1803 2179 48 37 to
1882 2173 117 41 back
2030 2171 90 42 this

485 2255 247 39 statement
757 2251 63 55 by
845 2265 27 28 a
897 2252 84 41 few
1005 2252 163 54 figures
1192 2251 298 56 reproducing
1514 2251 78 44 the
1619 2264 328 42 consequences
1972 2249 47 42 of
2043 2249 77 41 the

487 2328 180 49 lesions;
702 2328 78 42 the
812 2328 222 56 necessity
1066 2329 46 42 of
1144 2328 269 44 restoration
1446 2333 48 37 to
1528 2328 77 42 the
1638 2327 174 43 normal
1845 2341 111 40 very
1987 2330 133 37 natu-

488 2406 114 57 rally
627 2420 159 29 ensues
812 2405 258 44 therefrom.

575 2485 91 41 Far
705 2485 150 41 better
896 2484 112 42 than
1050 2498 91 41 any
1183 2481 272 56 description
1498 2483 243 48 whatever,
1786 2481 77 42 the
1906 2480 219 43 attached

490 2563 162 54 figures
683 2561 195 43 indicate
910 2561 77 42 the
1019 2560 255 44 deviations
1305 2560 87 41 due
1423 2562 48 38 to
1504 2559 129 42 those
1665 2559 219 42 fractures
1916 2558 102 41 that
2051 2570 74 29 are

488 2640 179 42 located
692 2643 48 38 at
768 2638 77 43 the
870 2638 113 42 level
1010 2638 47 41 of
1081 2638 78 42 the
1185 2635 129 55 angle
1341 2635 46 41 of
1435 2635 77 42 the
1539 2635 101 54 jaw,
1669 2635 91 41 and
1786 2635 78 41 the
1890 2647 234 41 necessary

490 2730 288 30 manoeuvres
802 2717 68 41 for
894 2716 77 42 the
994 2714 236 44 reduction
1255 2713 46 42 of
1324 2712 78 42 the
1426 2725 181 29 osseous
1630 2711 217 56 portions.
1929 2712 94 40 But
2048 2710 78 43 the

492 2793 332 43 modifications
852 2794 116 41 have
996 2792 222 42 influence
1247 2789 92 43 also
1369 2802 122 41 upon
1520 2788 78 42 the
1626 2787 227 43 muscular
1881 2791 183 51 system.

579 2855 95 59 the
697 2875 218 39 masseter
939 2869 161 55 during
1124 2868 78 42 the
1226 2866 190 56 upward
1438 2864 146 43 travel
1609 2864 46 42 of
1679 2864 77 43 the
1781 2864 136 55 rising
1940 2864 188 49 branch,

494 2946 36 42 is
552 2947 212 43 deviated
786 2948 114 41 from
923 2947 58 42 its
1002 2947 97 42 first
1122 2944 218 44 direction
1362 2943 91 42 and
1473 2942 74 42 its
1547 2942 150 42 fasces
1717 2942 117 42 have
1856 2956 26 28 a
1903 2955 226 42 pronoun-

495 3024 81 40 ced
603 3024 225 55 obliquity
856 3024 228 42 forwards.
1171 3021 135 43 Their
1331 3020 134 42 lower
1490 3018 216 43 insertion
1733 3018 38 42 is
1796 3018 157 54 higher
1978 3018 46 42 in
2051 3018 79 42 the

496 3099 257 50 meantime,
782 3102 78 41 the
885 3100 155 54 length
1066 3099 47 42 of
1137 3100 79 41 the
1240 3096 169 44 muscle
1435 3096 168 55 having
1628 3096 195 42 reduced
1848 3096 102 41 that
1977 3095 150 49 much,

496 3175 91 43 and
613 3175 78 41 the
718 3176 146 51 fibres,
894 3178 46 42 in
967 3177 130 42 order
1122 3180 50 38 to
1199 3175 148 42 follow
1374 3173 92 42 this
1491 3188 100 28 new
1618 3172 231 51 direction,
1878 3173 200 56 undergo
2105 3185 26 28 a

557 3311 39 41 (')
619 3308 60 31 See
697 3309 56 30 the
772 3310 230 42 illustrations,
1022 3322 86 31 pnge
1127 3323 37 29 2)
1181 3311 64 30 and
1260 3309 197 40 following,
