2458 3766
596 592 68 54 Le
710 588 338 58 traitement
1092 587 100 55 des
1239 586 420 58 constrictions

390 740 101 55 des
540 739 327 56 mâchoires
913 738 246 57 rebelles
1204 737 256 76 pendant
1508 740 49 53 le
1605 737 269 57 sommeil

565 930 86 41 Par
681 931 149 40 THÉO.
866 930 346 47 MORINEAU,
1247 928 195 43 dentiste
1474 929 227 49 militaire,

773 1015 123 31 Centre
913 1015 254 31 maxillo-facial
1182 1015 40 30 de
1235 1015 32 29 la
1284 1020 53 24 20C
1353 1014 140 40 Région.

421 1440 115 43 Chez
573 1442 194 42 certains
805 1442 53 43 de
897 1457 82 28 nos
1016 1442 167 44 blessés
1220 1442 191 44 atteints
1450 1443 54 42 de
1543 1441 293 44 constriction
1875 1442 79 41 des

333 1518 263 51 mâchoires,
636 1533 113 28 nous
789 1534 54 28 ne
884 1525 292 38 rencontrons
1216 1535 80 41 pas
1336 1519 207 55 toujours
1582 1518 39 44 le
1662 1518 117 44 désir
1818 1517 135 54 d'une

337 1602 210 49 prompte
579 1597 221 54 guérison.

424 1673 38 40 A
487 1685 47 29 ce
560 1674 133 54 sujet,
720 1677 112 41 dans
857 1690 80 28 son
962 1682 187 50 rapport
1175 1690 59 29 au
1259 1677 194 54 Congrès
1478 1674 202 45 dentaire
1704 1672 210 44 interallié
1914 1672 39 44 :

341 1747 33 42 «
374 1747 68 42 De
460 1747 44 43 la
522 1750 294 44 constriction
836 1754 77 41 des
930 1753 250 42 mâchoires
1199 1753 108 42 chez
1323 1753 65 43 les
1405 1752 166 43 blessés
1591 1754 77 41 des
1687 1750 272 43 maxillaires

340 1825 45 38 et
416 1824 54 41 de
498 1824 44 42 la
571 1825 96 44 face
688 1843 28 34 »,
747 1827 39 43 le
817 1829 62 40 Dr
907 1830 118 54 Frey
1053 1829 167 54 signale
1249 1828 287 44 l'unanimité
1565 1831 76 41 des
1671 1834 186 37 auteurs
1886 1840 76 29 sur

343 1897 43 57 «
386 1897 303 57 l'importance
721 1905 53 40 de
803 1904 226 43 l'élément
1061 1905 219 55 psychique
1280 1905 66 55 »
1375 1911 44 36 et
1452 1905 83 41 fait
1566 1910 119 37 cette
1716 1904 245 53 judicieuse

343 1986 198 44 remarque
541 1986 66 44 :
643 1978 24 41 «
667 1978 48 41 Il
748 1983 67 38 est
847 1979 271 43 intéressant
1151 1982 54 40 de
1239 1981 251 47 considérer
1522 1981 135 42 d'une
1690 1985 102 51 part
1825 1980 137 41 l'évo-

343 2046 145 46 lution
528 2051 314 45 relativement
886 2055 154 53 rapide
1080 2056 108 40 chez
1229 2056 194 41 certains
1463 2056 189 42 officiers
1693 2069 59 28 ou
1792 2055 172 42 soldats

347 2125 205 42 désireux
582 2129 54 40 de
665 2128 148 52 guérir
840 2143 116 41 pour
983 2134 234 38 retourner
1245 2144 59 27 au
1333 2130 139 49 front,
1502 2132 109 42 chez
1640 2130 194 43 certains
1864 2130 101 42 tris-

346 2200 174 53 miques
539 2202 79 54 qui
636 2208 102 37 sont
758 2205 175 40 assurés
952 2205 53 41 de
1024 2205 96 41 leur
1137 2205 191 41 réforme
1348 2219 114 40 pour
1480 2220 88 28 une
1588 2212 129 35 autre
1735 2206 229 48 infirmité,

349 2275 176 43 d'autre
555 2283 102 49 part
687 2278 264 43 l'évolution
981 2280 206 54 toujours
1215 2280 121 42 lente
1366 2285 44 37 et
1441 2296 82 40 par
1553 2283 187 53 à-coups
1769 2281 108 42 chez
1904 2280 63 42 les

350 2350 199 44 malades
578 2353 281 44 indifférents
890 2357 25 41 à
944 2355 96 44 leur
1068 2357 222 54 guérison,
1322 2356 107 42 chez
1458 2356 62 42 les
1552 2357 258 43 défaillants
1840 2358 54 41 de
1925 2356 42 42 la

351 2427 186 44 volonté
570 2429 215 57 (Claude).
808 2448 16 22 »

441 2506 63 42 La
529 2506 347 58 thérapeutique
904 2511 53 42 de
984 2509 43 44 la
1053 2509 292 44 constriction
1373 2509 77 41 des
1476 2508 265 49 mâchoires,
1769 2510 112 41 dont
1908 2508 62 43 les

354 2584 120 43 idées
504 2584 257 44 directrices
790 2591 80 38 ont
901 2589 71 41 été
1006 2588 199 56 publiées
1235 2599 81 42 par
1343 2584 63 42 les
1436 2584 82 40 Drs
1548 2584 253 56 Kouindjy,
1833 2586 140 40 Lebé-

357 2662 178 56 dinsky,
556 2664 183 49 Besson,
762 2665 185 48 Gernez,
977 2666 173 41 Imbert
1176 2666 46 38 et
1252 2660 110 42 Réal
1387 2662 112 41 dans
1525 2659 117 43 leurs
1670 2661 305 43 communica-

362 2740 119 42 tions
524 2754 58 28 au
624 2743 193 53 Congrès
857 2741 203 43 dentaire
1103 2738 220 43 interallié
1344 2734 64 56 e),
1448 2742 67 36 est
1554 2736 239 56 appliquée
1833 2739 53 41 de
1931 2739 44 41 la

359 2818 145 40 même
530 2816 132 53 façon
685 2818 112 41 dans
822 2817 62 42 les
910 2823 174 36 centres
1108 2812 402 45 maxillo-faciaux.

447 2893 84 40 Les
564 2893 222 55 appareils
820 2893 267 42 dilatateurs
1119 2893 199 51 peuvent
1352 2889 93 41 être
1481 2888 246 51 différents,
1760 2890 65 42 les
1857 2891 121 54 prin-

362 2965 119 56 cipes
525 2968 61 42 du
628 2968 263 43 traitement
936 2964 455 55 mécanothérapique
1435 2966 223 42 rationnel
1702 2972 171 37 restent
1916 2967 63 42 les

363 3043 168 40 mêmes
558 3049 45 35 et
632 3043 95 42 leur
754 3044 276 55 application
1060 3045 147 41 donne
1235 3041 292 43 d'excellents
1554 3043 214 42 résultats
1796 3044 114 41 dans
1937 3044 43 41 la

365 3118 167 52 grande
560 3118 210 53 majorité
797 3121 78 41 des
902 3134 87 29 cas.

429 3232 41 37 (')
498 3232 147 41 Comptes
666 3235 117 29 rendus
800 3236 41 29 du
863 3233 138 43 Congrès
1001 3233 155 43 dentaire
1156 3233 226 43 interallié,
1403 3245 82 31 page
1504 3242 57 31 h.J,
1581 3243 31 22 et
1630 3237 164 28 suivante.
