1752 2996
680 328 50 11 —
764 302 74 48 129
866 331 49 8 —

180 412 103 44 brun
315 411 178 44 noirâtre
525 413 242 51 légèrement
795 411 167 52 marqué
984 410 48 41 de
1058 412 115 40 fauve
1204 413 205 39 roussàtre

191 498 37 35 et
251 494 57 39 les
336 492 134 52 points
507 491 111 39 noirs
653 501 156 28 comme
830 488 100 40 dans
960 488 36 39 le
1018 487 129 52 mâle;
1172 486 237 41 inférieures

183 569 119 48 nyant
323 576 79 28 une
419 562 131 41 bande
568 560 326 41 anté-terminale
907 561 114 39 fauve
1037 559 161 51 orangé,
1216 559 141 40 étroite
1371 562 38 36 et

180 636 193 54 marquée
394 636 48 40 de
462 636 136 51 points
619 635 125 40 noirs.

236 709 178 40 Chenille
436 719 50 28 en
506 706 98 41 avril
626 710 38 36 et
685 706 78 39 mai
786 716 69 28 sur
872 704 162 41 l'oseille
1055 715 171 40 sauvage
1240 704 169 49 (Rumex

179 785 189 46 ocetosa).

234 855 225 38 Commune
488 851 102 40 dans
609 851 58 40 les
688 851 135 51 Alpes,
844 850 185 48 l'Alsace,
1054 850 175 48 Colmar,
1248 847 160 41 Sainte-

180 923 390 49 Marie-aux-Mines,
595 921 303 50 Neuf-Brissac,
916 921 261 49 Ribeauvillé,
1200 933 48 29 en
1264 921 89 52 juin
1372 925 38 36 et

176 999 150 51 juillet.

180 1089 197 41 GORDIUS.
407 1089 95 50 Esp.
522 1085 104 42 God.

230 1182 97 39 37m.
357 1179 108 40 Ailes
502 1177 97 39 d'un
632 1176 115 40 fauve
786 1175 147 52 orangé
954 1175 168 48 très-vif,
1159 1174 155 51 glacées
1356 1174 49 41 de

177 1252 121 41 violet
326 1262 95 28 avec
453 1250 49 40 de
525 1250 202 50 très-gros
747 1248 134 52 points
901 1248 123 48 noirs,
1048 1246 98 40 dont
1175 1247 58 39 les
1260 1246 151 40 discoï-

182 1324 104 39 daux
308 1334 97 28 sans
425 1320 118 50 reflet
571 1320 136 40 violet.
732 1320 175 39 Dessous
936 1318 70 40 des
1041 1318 254 53 supérieures
1315 1318 95 41 d'un

176 1397 117 39 fauve
315 1395 91 51 plus
443 1405 52 28 ou
531 1392 130 40 moins
682 1392 228 49 rougeâtre,
932 1401 95 30 avec
1047 1390 69 41 des
1136 1392 133 51 points
1300 1392 111 39 noirs

177 1470 187 48 très-peu
386 1463 156 42 ocellés.
576 1464 174 39 Dessous
785 1462 69 40 des
875 1462 237 40 inférieures
1140 1461 97 41 d'un
1266 1462 145 40 cendré

169 1541 191 49 jaunâtre
381 1548 95 29 avec
496 1536 212 51 beaucoup
730 1534 49 40 de
799 1535 135 51 points
955 1533 144 41 ocellés
1120 1538 38 36 et
1177 1545 79 29 une
1276 1533 134 41 bande

175 1612 214 49 rougeâtre
412 1609 188 41 continue
621 1612 112 35 entre
754 1607 106 39 deux
874 1617 122 39 rangs
1017 1606 48 40 de
1085 1607 134 52 points
1237 1607 126 40 noirs.

230 1688 25 43 V
274 1683 96 39 d'un
392 1682 117 39 fauve
528 1692 56 27 un
604 1691 78 40 peu
703 1679 91 52 plus
819 1678 90 53 pâle
941 1690 95 28 sans
1067 1677 116 51 reflet
1209 1679 139 48 violet,
1371 1683 38 36 et

174 1754 58 42 les
252 1756 134 51 points
406 1754 112 39 noirs
547 1752 90 52 plus
658 1762 108 39 gros.

228 1828 120 40 Assez
381 1836 193 30 commun
609 1823 99 40 dans
741 1823 57 40 les
835 1827 254 47 montagnes,
1120 1823 134 52 Alpes,
1283 1822 125 53 Pyré-

174 1899 111 48 nées,
320 1897 191 47 Gironde,
559 1896 167 49 Vosges,
768 1896 160 48 Lozère,
960 1901 224 45 Auvergne,
1220 1895 188 41 environs

176 1972 115 39 d'Aix
312 1975 37 35 et
364 1970 48 39 de
432 1967 268 52 Montpellier.
722 1968 60 39 En
798 1966 91 54 juin
920 1971 39 37 et
973 1968 147 51 juillet.
1144 1968 29 39 Il
1191 1968 104 40 aime
1317 1968 20 39 à
1366 1979 42 28 se

175 2054 164 41 reposer
354 2053 70 28 sur
440 2041 57 39 les
517 2040 122 40 fleurs
657 2043 37 36 et
714 2041 109 38 aussi
844 2051 69 28 sur
932 2040 57 41 les
1011 2039 177 42 rochers.

176 2132 188 52 DORILIS,
385 2130 214 49 Hufnagel.
622 2129 188 49 XANTHE,
832 2129 94 41 Fab.
948 2130 100 41 God.

229 2219 51 41 30
367 2216 109 40 Ailes
494 2215 150 40 brunes
663 2226 93 29 avec
779 2214 69 41 des
868 2217 134 50 points
1022 2217 112 39 noirs
1155 2220 38 35 et
1208 2227 79 29 une
1306 2215 102 41 série

176 2291 325 42 anté-terminale
528 2289 48 40 de
606 2289 159 40 lunules
797 2291 137 39 fauves
965 2291 241 52 s'appuyant
1239 2303 69 28 sur
1337 2291 70 41 des

175 2369 135 52 points
331 2369 123 39 noirs.
480 2366 175 39 Dessous
675 2365 97 40 d'un
794 2366 124 53 jaune
937 2378 55 28 un
1014 2378 76 41 peu
1110 2367 182 40 verdàtre
1312 2378 95 30 avec

174 2442 39 39 la
239 2440 209 52 répétition
480 2438 69 40 des
581 2439 133 51 points
736 2437 52 41 du
810 2438 142 41 dessus
979 2451 69 28 sur
1066 2440 58 40 les
1154 2440 253 51 supérieures

176 2518 39 36 et
234 2526 57 27 un
311 2513 91 53 plus
427 2510 128 51 grand
579 2509 169 42 nombre
776 2523 69 29 sur
870 2511 59 41 les
956 2512 253 50 inférieures,
1231 2512 178 42 bordure
