1804 3000
881 306 52 7 —
963 287 76 38 156
1067 307 53 7 —

383 386 99 40 ailes
507 385 100 41 offre
637 397 50 29 en
716 389 114 38 outre
856 397 80 29 une
961 385 132 42 bande
1118 387 219 41 maculaire
1360 388 115 40 fauve
1505 400 109 28 assez

383 458 125 50 large,
526 461 159 38 surtout
705 469 79 29 aux
801 457 233 41 inférieures
1050 462 38 36 et
1106 470 81 29 une
1207 460 116 39 tache
1344 460 180 52 appuyée
1547 472 69 27 sur

383 534 142 47 quatre
544 531 137 51 points
707 531 112 40 noirs
840 530 100 40 dans
960 530 40 39 la
1020 531 140 40 cellule
1195 531 70 41 des
1286 531 266 54 supérieures,
1580 533 36 40 le

383 603 113 40 reflet
512 607 60 36 est
593 602 96 44 d'un
703 603 121 41 violet
840 603 91 52 plus
952 602 103 41 rosé.

441 686 27 43 9
492 675 235 41 semblable,
749 676 103 39 mais
871 675 90 52 plus
983 675 152 51 grande
1156 679 38 37 et
1215 687 94 30 sans
1327 676 125 41 reflet.

437 749 106 39 Dans
555 748 59 40 les
632 751 153 37 mêmes
798 748 181 41 localités
1001 751 38 37 et
1055 759 95 30 avec
1170 748 96 41 Ilia.
1289 750 91 51 plus
1402 761 215 30 commune

382 832 79 40 que
480 820 37 40 le
537 823 92 50 type
651 820 101 40 dans
777 821 36 39 le
834 820 307 52 Puy-de-Dôme
1163 821 264 54 (Guillemot).
1453 823 107 40 Dans
1580 824 36 39 le

381 894 103 39 midi
513 892 48 41 de
593 893 39 40 la
661 894 167 48 France,
852 905 52 28 on
923 894 38 38 la
982 897 138 37 trouve
1143 894 109 40 seule
1273 906 48 28 en
1331 896 91 50 juin
1445 899 38 36 et
1503 899 109 36 août.

383 975 75 36 AB.
481 971 132 46 Métis,
636 969 66 40 Fr.

437 1042 146 41 Diffère
605 1041 48 41 de
676 1041 129 53 Clytie
823 1052 75 42 par
916 1042 38 40 le
975 1046 70 36 ton
1065 1042 91 52 plus
1177 1043 209 52 rougeâtre
1408 1043 54 42 du
1484 1045 130 53 fauve,

380 1126 75 41 par
472 1115 36 39 le
526 1114 113 40 reflet
651 1113 92 53 plus
762 1113 116 42 foncé
900 1117 39 37 et
950 1115 92 51 plus
1061 1114 191 50 éclatant,
1272 1119 39 37 et
1331 1127 73 42 par
1416 1116 201 43 l'absence

383 1186 71 41 des
474 1198 104 41 yeux
600 1187 23 39 à
640 1186 146 51 l'angle
807 1187 92 39 anal
921 1185 207 54 (Guénée).

437 1261 153 39 France
609 1258 276 49 méridionale,
907 1259 277 52 departement
1201 1260 53 40 du
1271 1262 77 39 Var
1366 1273 50 28 en
1436 1262 97 40 mai.

819 1431 366 40 NYMPHALIDjE.

436 1581 159 40 Massue
615 1579 71 42 des
702 1583 196 38 antennes
913 1580 196 52 allongée,
1125 1593 78 41 peu
1222 1581 170 53 épaisse,
1412 1587 38 37 et
1465 1597 41 28 se
1521 1596 97 29 con-

379 1652 173 41 fondant
570 1653 334 40 insensiblement
924 1664 93 30 avec
1038 1653 40 40 la
1097 1654 94 50 tige.
1210 1655 92 40 Tête
1318 1655 298 50 généralement

379 1725 91 52 plus
489 1724 142 41 étroite
650 1736 78 40 que
746 1725 37 40 le
805 1725 185 41 corselet.
1012 1727 110 39 Yeux
1143 1726 156 50 glabres
1324 1732 37 35 et
1382 1726 146 43 bordés
1548 1730 67 38 in-

379 1797 287 41 férieurement
700 1796 118 42 d'une
837 1797 190 53 paupière
1046 1797 188 50 blanche,
1259 1799 98 41 ailes
1377 1800 238 41 inférieures

378 1872 123 49 ayant
529 1870 39 39 la
600 1870 144 40 cellule
765 1869 220 42 discoïdale
1014 1874 163 36 ouverte
1209 1875 39 36 et
1273 1872 36 39 le
1335 1872 102 40 bord
1457 1873 158 40 interne

373 1942 93 51 plus
486 1953 52 29 ou
559 1942 133 41 moins
710 1942 312 53 profondément
1044 1942 139 42 creusé
1216 1955 48 28 en
1285 1945 200 49 gouttière
1506 1957 106 40 pour

375 2016 178 39 recevoir
571 2014 230 41 l'abdomen
821 2014 100 41 dans
941 2014 111 41 l'état
1068 2015 47 40 de
1136 2027 133 40 repos.

429 2087 201 41 Chenilles
648 2088 34 52 à
682 2088 105 52 penu
801 2088 230 50 chagrinée,
1053 2090 130 38 tantôt
1202 2099 94 30 avec
1312 2088 70 40 des
1400 2088 138 52 épines
1558 2101 53 29 ou

374 2159 70 40 des
473 2159 231 41 tubercules
725 2159 175 55 épineux
920 2172 69 28 sur
1013 2161 37 39 le
1084 2161 89 47 dos,
1199 2163 129 37 tantôt
1346 2171 94 30 avec
1466 2162 38 39 la
1528 2165 79 37 tête

369 2231 191 52 épineuse
598 2233 238 40 seulement.
874 2232 259 52 Chrysalides
1156 2233 90 51 plus
1273 2245 51 27 ou
1349 2235 131 38 moins
1501 2233 110 39 caré-

370 2304 111 47 nées,
501 2307 39 37 et
559 2304 89 53 dont
648 2304 53 53 le
701 2304 109 53 plus
830 2304 124 51 grand
979 2305 170 40 nombre
1169 2308 114 49 porte
1304 2316 69 28 sur
1386 2306 34 38 le
1441 2304 73 40 dos
1530 2317 81 28 une

367 2376 296 51 protubérance
703 2376 202 54 déprimée
938 2376 303 52 latéralement,
1283 2377 321 51 quelques-unes

365 2448 142 41 ornées
527 2448 50 42 de
596 2448 139 42 taches
750 2449 270 52 métalliques.
1043 2450 116 52 (Dup.
1182 2448 111 54 Cat.)
