1716 2996
587 365 48 8 —
669 341 74 42 109
774 365 50 8 —

1157 2614 20 36 7

145 448 179 42 Chenille
351 459 50 29 en
429 445 83 42 mai
538 458 67 28 sur
626 446 198 53 plusieurs
853 445 160 53 espèces
1042 444 48 41 de
1112 443 146 42 Sedum
1284 448 38 37 et

94 523 50 40 de
170 521 240 52 Saxifraga.

94 618 168 48 DELIUS,
284 616 96 51 Esp.
402 614 190 49 Phœbus,
614 614 75 39 Hb.
711 613 98 40 God.

147 713 95 38 62m.
285 708 234 42 Ressemble
568 706 209 53 beaucoup
814 707 23 40 à
874 706 168 53 Apollo,
1085 707 103 40 mais
1233 707 92 52 plus

94 784 114 52 petit.
249 782 108 40 Ailes
388 780 217 48 blanches,
642 779 252 52 supérieures
930 791 94 28 avec
1054 781 99 38 trois
1187 778 138 41 taches

96 856 135 39 noires
255 854 23 40 à
300 854 40 39 la
358 856 102 45 côte,
483 851 98 40 dont
608 851 193 40 l'externe
822 850 150 41 divisée
1001 862 50 28 en
1078 850 118 51 deux,
1220 861 106 29 mar-

97 926 100 55 quée
213 925 347 53 supérieurement
580 923 94 39 d'un
688 924 114 51 point
819 934 125 38 rouge
960 936 10 38 ;
992 933 94 30 avec
1100 934 80 29 une
1195 922 132 41 bande

96 1001 138 38 courte
256 995 316 51 antemarginale
593 995 195 40 d'atomes
812 995 133 50 noirs;
977 994 236 41 inférieures
1234 1007 95 28 avec

96 1073 36 39 le
153 1069 100 42 bord
277 1071 157 39 interne
453 1068 89 40 noir
567 1071 39 36 et
626 1067 105 40 deux
748 1068 143 51 petites
910 1067 139 40 taches
1069 1078 144 40 rouges
1232 1067 97 40 bor-

100 1142 94 41 dées
214 1142 50 40 de
288 1142 105 39 noir.

161 1213 34 58 Q
236 1214 95 39 Plus
368 1213 114 39 noire
513 1223 93 28 avec
633 1211 57 39 les
717 1210 137 41 taches
884 1210 92 52 plus
1009 1211 186 50 grandes,
1231 1211 101 41 dont

101 1287 97 41 celle
225 1285 54 40 du
297 1283 104 42 bord
427 1284 155 39 interne
602 1285 170 38 souvent
791 1282 173 52 pupillée
983 1282 50 40 de
1049 1294 140 40 rouge,
1213 1284 118 50 angle

101 1358 92 40 anal
229 1356 96 41 orné
358 1355 49 41 de
426 1353 102 42 deux
554 1353 143 53 petites
725 1354 134 40 taches
892 1355 133 40 noires
1054 1359 170 37 souvent
1252 1367 77 40 pu-

101 1429 139 52 pillées
281 1428 49 39 de
370 1439 150 38 rouge,
558 1426 128 53 poche
729 1426 258 40 abdominale
1024 1437 157 30 comnie
1231 1427 101 41 dans

101 1501 171 52 Apollo,
307 1500 102 40 mais
455 1498 145 41 offrant
629 1509 82 29 une
745 1498 142 40 carène
915 1498 91 52 plus
1038 1499 228 51 prononcée
1296 1504 37 35 et

102 1574 90 53 plus
212 1571 253 41 tranchante.

155 1646 119 51 Alpes
306 1644 49 40 de
387 1644 39 39 la
460 1644 156 47 Savoie,
652 1647 113 36 mont
797 1643 132 48 Cenis,
965 1645 282 51 Basses-Alpes
1282 1657 51 28 en

96 1718 149 53 juillet,
269 1716 171 41 chenille
459 1727 75 41 peu
557 1727 173 29 connue.

103 1803 276 47 MNEMOSYNE,
406 1802 45 38 L.

157 1889 94 39 60m.
284 1886 64 40 Un
366 1896 79 40 peu
474 1883 89 53 plus
594 1884 100 51 petit
717 1895 77 41 que
822 1884 150 49 Delius,
997 1885 99 39 ailes
1124 1885 208 50 blauchest

105 1970 95 30 avec
229 1957 49 40 de
305 1957 101 40 fines
436 1967 188 29 nervures
656 1956 134 41 noires
808 1970 9 37 ;
851 1956 265 51 supérieures,
1149 1957 187 41 décorées

106 2031 49 40 de
175 2030 104 40 deux
298 2028 137 41 taches
455 2028 133 40 noires
611 2028 99 39 dans
731 2028 38 39 la
789 2028 142 40 cellule
952 2028 233 49 discoïdale,
1209 2030 126 40 extré-

105 2101 98 42 mité
234 2104 294 49 transparente.
562 2099 242 41 Inférieures
841 2111 95 29 avec
969 2101 37 39 le
1044 2100 102 40 bord
1181 2101 157 41 interne

107 2173 178 54 pointillé
322 2173 49 41 de
408 2173 176 40 noirâtre
620 2176 39 36 et
690 2184 81 28 une
810 2172 117 40 tache
968 2171 221 41 discoïdale
1226 2174 113 40 noire

108 2248 222 51 manquant
348 2245 265 51 quelquefois,
634 2248 196 36 antennes
852 2245 149 39 noires.
1033 2243 33 56 Y
1096 2244 240 50 Semblable,

108 2319 103 41 mais
245 2330 58 28 un
328 2329 77 41 peu
433 2317 90 52 plus
556 2316 198 51 obscure,
773 2328 112 29 -avec
920 2327 81 29 une
1033 2316 150 50 grande
1211 2318 129 51 poche

110 2390 160 50 cornée,
288 2390 248 46 blanchâtre,
557 2389 298 41 très-saillante.

162 2464 136 52 Alpes,
316 2462 214 53 Pyrénées,
558 2465 115 36 mont
694 2461 119 46 Dore,
836 2472 49 28 en
900 2460 92 51 juin
1012 2464 37 37 et
1073 2461 149 52 juillet,
1252 2463 90 53 plus

110 2548 92 31 rare
221 2534 230 55 qu'Apollo.
476 2534 180 40 Chenille
678 2534 223 40 inconnue.
