1728 2996
573 296 53 9 —
654 277 53 38 87
735 296 53 8 —

72 384 51 29 ou
141 370 237 54 postérieur,
402 370 103 41 celui
531 369 49 42 de
605 370 275 50 Métathorax,
903 383 66 29 ces
989 371 105 41 deux
1119 371 179 41 derniers

70 445 185 51 toujours
275 441 147 43 soudés
443 443 204 40 ensemble
664 455 50 28 ne
732 444 228 52 paraissent
978 445 152 40 former
1148 445 149 51 qu'une

69 517 110 41 seule
198 516 124 52 pièce.
354 534 10 9 -

124 591 53 39 Le
196 587 267 42 Métathorax
483 600 42 29 se
555 589 171 41 termine
745 601 50 29 en
815 589 142 41 dessus
982 601 72 40 par
1072 601 80 28 une
1176 590 122 51 petite

68 664 112 52 pièce
211 660 260 50 triangulaire
505 661 98 41 dont
633 662 36 40 le
690 665 173 38 sommet
892 661 165 51 regarde
1088 661 39 41 la
1151 665 79 37 tête
1260 666 39 36 et

69 746 79 43 que
173 734 82 40 l'on
274 734 153 52 appelle
451 733 181 41 écusson.

124 807 55 38 La
214 806 129 50 partie
384 805 231 52 supérieure
653 804 54 41 du
747 806 144 40 thorax
933 805 185 54 s'appelle
1155 805 73 40 dos
1261 808 39 38 et

68 876 246 41 l'inférieure
337 876 197 52 poitrine.

124 949 170 41 Celle-ci
315 953 112 48 porte
457 949 69 40 des
552 961 171 39 organes
754 951 257 52 importants,
1045 951 253 41 c'est-à-dire

70 1021 58 41 les
155 1024 145 50 pattes,
336 1033 69 39 qui
434 1025 91 36 sont
558 1023 186 51 toujours
765 1034 52 28 au
835 1023 168 40 nombre
1035 1022 48 41 de
1112 1024 61 39 six
1200 1028 37 35 et
1258 1035 42 29 se

417 1118 63 42 FiS-
499 1119 28 27 4.
546 1139 58 26 At\
735 1118 65 37 Fig.
820 1123 28 27 5.

70 1597 240 48 composent
327 1593 48 41 de
392 1595 200 52 plusieurs
607 1596 130 51 pièces
761 1613 8 23 :
797 1600 36 35 1°
854 1597 38 39 la
911 1597 172 51 hanche,
1101 1597 66 52 fig.
1189 1601 24 37 5
1230 1596 67 50 (d),

68 1664 111 53 pièce
200 1670 151 45 courte,
372 1667 205 40 attachant
597 1668 37 39 la
654 1672 108 48 patte
784 1669 20 39 à
826 1669 38 39 la
884 1671 173 49 poitrine
1072 1684 9 36 ;
1117 1670 37 38 la
1171 1669 128 39 cuisse

71 1739 48 49 (c)
148 1738 209 54 beaucoup
381 1742 90 50 plus
501 1742 147 49 longue
669 1746 38 36 et
728 1743 315 40 ordinairement
1071 1744 133 50 poilue
1220 1757 9 37 ;
1261 1743 37 38 la

63 1812 137 49 jambe
223 1812 64 50 (b),
309 1817 121 47 ayant
452 1813 234 40 l'extrémité
705 1815 133 39 armée
859 1815 119 40 d'une
996 1816 109 51 paire
1126 1816 174 49 d'ergots

71 1893 53 29 ou
152 1882 176 52 d'épines
372 1884 99 40 dans
517 1885 55 39 les
621 1885 264 52 Ilespérides,
935 1891 38 35 et
1021 1887 35 39 le
1098 1891 105 36 tarse
1234 1889 62 46 (a),

71 1955 190 51 composé
294 1956 46 39 de
374 1957 92 50 cinq
512 1956 158 41 articles
704 1958 182 49 mobiles,
920 1958 190 40 terminés
1136 1970 71 40 par
1244 1971 55 27 un

70 2026 145 41 double
234 2028 161 40 crochet
417 2034 158 35 servant
595 2030 29 39 à.
638 2030 38 39 la
693 2030 258 52 préhension.

125 2098 102 39 Chez
248 2099 54 40 les
328 2100 283 52 Nymphalides
631 2102 36 39 le
687 2106 106 35 tarse
815 2102 69 40 des
906 2102 104 40 deux
1032 2106 129 48 pattes
1184 2102 115 39 anté-

70 2171 151 40 rieures
252 2170 196 43 s'oblitère
468 2174 66 50 fig.
562 2175 37 47 4,
627 2179 38 35 et
685 2187 41 27 se
748 2175 130 40 réduit
905 2176 23 39 à
959 2187 58 28 un
1046 2176 85 39 seul
1162 2174 137 40 article

71 2242 313 42 ordinairement
412 2246 90 38 velu
530 2250 37 35 et
606 2257 93 29 sans
736 2247 196 40 crochets.
968 2247 109 40 Cette
1104 2247 111 51 paire
1251 2246 48 40 de

70 2318 131 48 pattes
220 2314 110 41 étant
349 2317 142 40 inutile
512 2318 23 39 à
554 2318 39 38 la
612 2319 179 48 marche,
814 2332 53 27 on
888 2319 58 39 dit
967 2319 47 40 de
1035 2331 65 28 ces
1125 2320 175 39 insectes

75 2386 120 52 qu'ils
227 2387 113 40 n'ont
374 2400 78 41 que
483 2393 140 47 quatre
653 2393 128 48 pattes
813 2391 308 48 ambulatoires,
1162 2403 53 28 on
1243 2392 57 39 les

72 2459 154 51 appelle
262 2458 321 55 (abusivement,
606 2462 56 39 dit
700 2474 96 28 avec
835 2464 137 39 raison
1010 2465 52 38 M.
1104 2463 193 52 Guénée),
