1816 2988
905 288 52 8 -
986 267 51 39 14
1065 289 52 6 -

400 380 106 42 pour
525 369 212 52 empêcher
755 369 57 40 les
841 368 182 53 épingles
1052 368 100 40 fines
1182 368 48 41 de
1249 369 142 51 glisser
1424 370 209 51 lorsqu'on

400 443 59 39 les
479 442 76 40 fixe
577 441 101 41 dans
697 444 36 38 le
762 440 126 52 liége,
910 440 330 42 extérieurement
1274 442 27 39 il
1322 455 24 39 y
1375 453 24 29 a
1422 443 109 39 aussi
1564 442 70 41 des

399 514 131 41 tailles
574 514 79 39 afin
687 513 49 40 de
770 513 155 41 donner
955 514 90 52 plus
1077 513 49 41 de
1157 514 128 52 prises
1316 525 79 29 aux
1422 513 132 53 doigts
1585 527 50 29 en

401 589 267 52 développant
689 587 133 42 moins
845 588 48 41 de
911 589 124 40 force.

454 663 57 37 La
539 664 116 49 pince
682 661 97 50 fine,
812 660 66 51 fig.
907 661 41 49 7,
986 664 59 36 est
1075 659 299 53 indispensable
1395 673 101 41 pour
1518 662 118 40 saisir

975 742 64 37 Fig.
1059 745 28 26 7.

399 979 58 40 les
477 980 127 51 objets
625 991 77 39 que
723 978 84 41 l'on
836 978 220 41 craindrait
1094 977 49 42 de
1164 981 111 48 gâter
1295 991 49 28 en
1364 980 58 40 les
1444 980 193 41 touchant

399 1063 95 29 avec
513 1052 58 39 les
591 1051 147 50 doigts,
760 1051 37 39 le
817 1053 151 37 ressort
982 1049 85 41 doit
1087 1062 49 28 en
1156 1053 81 38 être
1261 1051 262 54 très-souple.

453 1126 76 38 Les
570 1122 193 53 épingles,
808 1122 71 51 fig.
922 1126 38 45 8,
1019 1127 93 36 sont
1151 1135 48 28 en
1230 1124 127 40 laiton
1394 1124 142 52 étamé,
1577 1127 58 40 les

965 1205 67 38 Fig.
1052 1209 26 25 8.

398 1968 193 42 numéros
613 1970 37 49 4,
673 1970 39 49 5,
735 1974 40 43 6,
803 1970 40 49 7,
864 1974 92 37 sont
984 1972 57 39 les
1060 1972 91 52 plus
1173 1971 118 42 utiles
1312 1984 103 41 pour
1434 1973 57 40 les
1513 1973 119 52 Lépi-

398 2040 199 54 doptères,
620 2054 102 41 pour
746 2044 57 39 les
843 2043 391 53 Microlépidoptères
1269 2044 83 41 l'on
1381 2056 42 30 se
1455 2048 83 37 sert
1559 2045 71 41 des

397 2116 192 42 numéros
613 2123 16 34 1
653 2122 38 36 et
711 2121 24 37 2
752 2132 9 38 ;
782 2118 58 40 les
871 2118 227 40 meilleures
1127 2131 50 27 en
1204 2118 149 51 qualité
1385 2123 93 36 sont
1511 2119 119 40 celles

398 2203 78 39 que
507 2192 79 40 l'on
622 2191 182 53 fabrique
838 2203 50 29 en
921 2192 237 51 Allemagne
1180 2205 8 28 :
1225 2205 75 29 nos
1332 2194 298 41 manufactures

396 2263 221 52 françaises
638 2276 50 29 ne
718 2269 174 48 peuvent
912 2265 198 41 atteindre
1133 2266 36 40 h;
1199 2266 119 51 degré
1340 2267 48 41 de
1408 2267 221 53 perfection

398 2336 69 41 des
496 2338 217 51 premières
728 2352 11 38 ;
776 2338 119 41 celles
915 2337 48 41 de
997 2340 52 39 36
1069 2338 251 42 millimètres
1353 2339 49 42 de
1432 2341 199 50 longueur

397 2414 92 35 sont
506 2409 92 52 plus
618 2409 301 51 généralement
938 2409 191 54 adoptées
1148 2423 78 39 que
1241 2412 118 40 celles
1381 2412 48 41 de
1447 2411 52 42 42
1515 2414 116 39 milli-

398 2481 147 40 mètres
564 2482 68 51 qui
653 2481 154 53 ploient
827 2486 90 49 trop
937 2482 242 41 facilement.
