1740 2984
670 334 48 5 —
754 313 75 39 139
857 333 52 7 —

179 414 75 40 Ab.
277 414 158 48 Allous,
459 413 76 40 Hb.

235 511 144 40 Diffère
399 511 49 40 de
468 511 144 40 Medon
632 521 150 41 parses
800 508 98 41 ailes
927 519 94 29 sans
1041 508 138 40 taches
1197 509 138 39 fauves
1357 520 49 28 en

160 581 175 51 -dessus,
365 582 226 54 cependant
611 595 53 28 on
684 584 82 40 voit
784 585 171 39 souvent
976 582 196 50 quelques
1193 582 213 51 très-peti-

177 659 65 38 tes
273 657 137 40 taches
440 657 136 40 fauves
596 657 90 51 près
701 657 48 39 de
770 656 145 50 l'angle
937 656 92 39 anal
1053 655 68 40 des
1151 655 251 40 inférieures.

233 728 305 52 Basses-Alpes,
559 739 49 29 en
629 728 147 52 juillet.

176 824 129 47 EROS,
329 823 99 40 Och.
450 824 104 51 Dup.

233 922 94 38 31m.
361 918 110 41 Ailes
500 931 56 28 un
586 931 77 40 peu
701 919 221 50 oblongues
942 950 10 17 ,
987 918 96 41 d'un
1117 918 90 41 bleu
1241 918 165 51 argenté

176 991 166 41 brillant
370 1003 95 30 avec
496 1004 82 28 une
607 991 175 41 bordure
810 1003 111 29 assez
956 992 135 49 large,
1125 995 38 36 et
1198 1003 80 28 une
1305 991 101 40 série

177 1065 223 49 marginale
426 1064 48 40 de
491 1066 136 51 points
653 1065 125 47 noirs,
802 1067 222 48 manquant
1048 1068 169 36 souvent
1236 1075 78 28 aux
1335 1075 71 28 su-

176 1135 216 52 périeures.
427 1137 174 41 Dessous
632 1136 98 40 d'un
760 1137 81 50 gris
870 1135 161 50 cendré,
1053 1147 95 29 avec
1177 1136 69 39 des
1270 1136 137 51 points

179 1209 169 47 ocellés,
380 1214 38 35 et
450 1222 81 28 une
563 1210 148 50 rangée
748 1209 220 50 marginale
1001 1208 48 40 de
1078 1208 138 40 taches
1251 1208 152 43 fauves,

177 1281 239 52 «'appuyant
439 1294 67 27 sur
524 1294 58 28 un
602 1283 115 50 point
740 1285 38 35 et
797 1280 227 41 surmontés
1052 1280 128 40 d'arcs
1201 1281 126 49 noirs,
1349 1291 75 27 un,

179 1364 53 28 ou
252 1352 103 40 deux
370 1355 133 50 points
520 1355 111 39 noirs
651 1355 22 38 à
692 1354 39 39 la
748 1354 95 39 base
863 1353 69 40 des
951 1352 265 52 supérieures.

232 1428 27 44 $
294 1424 102 40 D'un
424 1425 104 40 brun
557 1426 103 51 pâle,
687 1427 168 37 souvent
883 1423 107 40 sablé
1010 1424 48 39 de
1078 1424 103 48 bleu,
1212 1435 95 28 avec
1325 1435 82 27 une

177 1496 139 40 lunule
341 1497 115 40 noire
482 1498 91 51 plus
593 1509 52 29 ou
666 1497 134 39 moins
830 1500 232 48 apparente,
1091 1500 39 36 et
1151 1507 79 28 une
1261 1495 146 51 rangée

178 1569 219 49 marginale
418 1569 48 39 de
486 1570 137 40 taches
642 1570 155 38 fauves.

233 1641 182 40 Chenille
432 1643 17 37 ?

230 1713 236 50 Montagnes
496 1713 180 51 Alpines,
712 1712 300 51 Basses-Alpes,
1054 1711 167 49 Larche,
1257 1714 147 38 Barce-

176 1784 194 48 lonnette,
388 1785 142 50 Digne,
550 1788 113 36 mont
683 1785 133 46 Cenis,
839 1785 189 39 Lantaret
1049 1784 147 50 (Isère),
1214 1796 48 28 en
1273 1784 134 52 juillet

178 1860 38 36 et
236 1860 110 44 août,
369 1868 72 40 pas
461 1868 103 28 rare.

178 1948 166 45 ICARUS,
369 1949 107 38 Rott.
503 1947 158 49 Alexis,
702 1946 41 43 S.
778 1949 46 40 V.
866 1948 101 41 Gotl.
1009 1950 70 49 (Pl.
1117 1952 41 46 6,
1199 1949 99 51 fig.5
1341 1948 63 49 cf,

229 2021 69 50 fit.
320 2023 25 38 6
365 2020 59 52 9).

230 2115 94 38 32m.
347 2112 108 40 Ailes
485 2112 97 39 d'un
613 2111 93 41 bleu
732 2114 134 48 violet,
899 2126 166 40 soyeux,
1089 2125 94 29 avec
1215 2125 81 28 une
1328 2114 79 38 fine

175 2184 174 40 bordure
373 2185 113 39 noire
507 2187 36 37 et
565 2184 36 39 la
624 2185 139 50 frange
786 2185 185 41 blanche.
1003 2188 180 37 Dessous
1205 2185 95 39 d'un
1326 2187 81 48 gris

178 2256 146 40 cendré
353 2267 95 28 avec
478 2255 208 52 beaucoup
726 2256 48 40 de
810 2258 135 51 points
979 2258 110 38 noirs
1127 2256 144 40 ocellés
1309 2256 98 41 dont

177 2327 104 41 deux
300 2338 52 29 ou
372 2327 98 39 trois
490 2326 22 40 à
535 2327 37 38 la
590 2327 97 41 base
710 2327 69 41 des
800 2328 267 52 supérieures,
1090 2331 39 37 et
1158 2340 80 28 une
1260 2329 148 49 rangée

178 2398 48 40 de
252 2398 138 40 taches
421 2398 138 41 fauves
586 2400 282 50 triangulaires
889 2400 179 52 appuyée
1089 2412 69 28 sur
1178 2399 69 40 des
1272 2401 137 51 points

176 2471 127 40 noirs.
