1728 2996
611 285 43 5 -
687 263 54 39 65
770 284 50 5 —

1154 2528 36 36 4*

115 366 189 41 environs
333 363 48 41 de
411 364 126 48 Paris,
575 363 333 52 principalement
940 362 100 40 dans
1073 363 57 38 les
1164 362 88 40 bois
1286 361 54 40 du

114 437 151 51 Déseri,
287 436 90 52 près
407 435 49 40 de
476 435 239 50 Yersailles;
750 436 23 39 à
799 433 150 53 Lardy;
983 434 23 40 à
1028 433 314 42 Fontainebleau

113 512 38 38 et
170 508 101 40 dans
291 509 39 39 la
349 509 101 39 forêt
471 507 48 40 de
541 507 344 40 Saint-Germain.

171 584 246 40 L'Heliothis
447 583 205 51 dipsacea,
674 583 57 40 les
758 583 171 40 Acontia
959 581 158 50 solaris,
1144 583 197 39 albicollis

114 661 37 36 et
185 658 197 45 hictuosa,
404 654 223 40 l'Ei-astrin
656 654 262 52 sulphumlis,
941 654 133 40 volent
1095 654 23 40 à
1149 653 38 40 la
1213 657 130 37 même

112 728 154 52 époque
292 728 101 40 dans
420 727 58 40 les
498 727 105 40 lieux
626 727 148 47 arides,
798 727 335 51 principalement
1155 726 102 40 dans
1285 727 58 39 les

113 801 167 50 champs
300 799 48 40 de
367 799 156 40 luzerne
544 798 124 40 situés
688 798 91 52 près
800 797 71 41 des
890 798 103 40 bois.

168 871 55 40 Le
250 869 146 42 Cossus
416 869 230 54 ligniperda
675 874 130 47 paraît
837 869 143 52 depuis
1010 869 38 41 le
1077 871 51 40 25
1144 870 89 52 juin
1258 871 87 50 jus-

115 944 120 50 qu'au
272 947 47 36 10
346 946 115 46 août;
492 943 99 38 mais
623 942 98 40 c'est
750 953 89 29 vers
870 943 38 38 la
938 942 56 39 fin
1014 941 49 41 de
1089 942 132 52 juillet
1247 941 99 51 qu'il

115 1015 104 40 éclot
238 1015 36 40 le
293 1015 91 51 plus
403 1013 341 41 communément.
769 1012 63 41 On
851 1014 36 39 le
907 1016 140 38 trouve
1066 1017 169 36 souvent
1248 1013 97 53 posé

116 1092 138 35 contre
273 1087 36 40 le
327 1090 114 36 tronc
462 1085 70 40 des
547 1097 133 28 ormes
700 1086 68 50 qui
788 1085 172 40 bordent
979 1086 58 39 les
1056 1089 153 36 routes.

172 1161 108 38 Nous
315 1170 124 28 avons
468 1158 71 39 fait
568 1158 139 51 exprès
739 1157 50 40 de
818 1168 140 40 passer
986 1168 96 29 sous
1108 1158 148 39 silence
1289 1156 57 41 les

116 1231 161 52 espèces
307 1229 211 51 vulgaires,
545 1229 112 40 telles
687 1240 77 39 que
788 1229 58 39 les
874 1227 199 42 Vanesses
1093 1240 252 36 communes,

117 1304 36 38 le
184 1303 173 50 Satyrus
388 1302 207 47 Tithonus,
622 1302 38 38 la
691 1301 146 39 Plusia
862 1312 180 39 gamma,
1067 1304 95 43 etc.,
1186 1304 38 35 et
1255 1301 92 51 plu-

119 1375 129 39 sieurs
268 1372 242 51 Phalénites,
532 1384 77 38 que
632 1373 210 38 l'amateur
860 1373 35 39 le
915 1372 90 51 plus
1031 1372 142 40 novice
1197 1376 61 36 est
1279 1376 71 36 sur

119 1445 48 40 de
189 1449 232 35 rencontrer
439 1448 160 48 partout
618 1445 49 37 où
686 1444 28 38 il
735 1443 210 40 adressera
962 1454 65 29 ses
1042 1454 87 40 pas.

173 1520 105 36 Pour
311 1528 49 28 en
393 1516 93 39 finir
516 1527 93 28 avec
648 1516 56 39 les
739 1516 160 51 espèces
933 1516 69 50 qui
1036 1515 228 51 paraissent
1297 1526 50 28 au

122 1590 101 39 mois
256 1588 49 39 de
339 1588 161 51 juillet,
532 1587 335 40 bornons-nous
904 1587 23 38 à
965 1585 177 51 signaler
1171 1587 39 38 la
1244 1586 103 40 belle

122 1662 173 38 Vanesse
328 1660 123 39 Morio
488 1659 177 39 Vanessa
698 1661 185 50 antiopa.
920 1659 111 39 Cette
1062 1659 139 51 espèce
1235 1669 110 30 assez

123 1743 86 28 rare
236 1743 77 28 aux
347 1732 187 39 environs
562 1730 49 40 de
630 1732 127 47 Paris,
787 1736 59 34 est
874 1731 90 51 plus
998 1742 216 28 commune
1245 1730 103 40 dans

123 1804 195 39 certaines
344 1803 147 51 parties
512 1802 48 40 de
579 1802 38 39 la
638 1800 102 41 forêt
759 1801 49 40 de
829 1802 327 40 Fontainebleau.
1182 1805 167 37 Comme

124 1875 37 38 la
181 1874 169 41 chenille
365 1875 54 38 vit
432 1874 331 51 principalement
785 1886 68 27 sur
872 1874 36 40 le
923 1874 187 48 bouleau,
1133 1874 97 40 c'est
1248 1873 102 40 dans

124 1947 57 39 les
200 1947 104 39 lieux
326 1946 153 51 plantés
500 1945 48 40 de
570 1957 65 27 ces
654 1945 136 40 arbres
819 1946 98 50 qu'il
946 1947 187 39 convient
1163 1947 49 38 de
1239 1947 114 40 cher-

124 2019 96 40 cher
247 2018 34 39 le
309 2018 178 52 papillon
504 2031 9 36 ;
552 2018 101 38 mais
682 2029 53 29 on
765 2018 39 39 la
829 2022 212 36 rencontre
1065 2019 111 39 aussi
1196 2030 71 27 sur
1294 2019 58 38 les

126 2090 132 40 saules
277 2093 38 36 et
334 2090 215 51 peupliers.

178 2163 97 38 Vers
295 2162 56 39 les
371 2163 194 50 premiers
587 2163 117 50 jours
725 2161 153 51 d'août,
910 2161 36 40 le
971 2162 168 51 Lycœna
1163 2164 83 37 acis
1265 2162 88 40 vole

126 2233 99 39 dans
254 2233 57 39 les
331 2232 90 52 prés
450 2232 187 41 humides
652 2248 11 36 ;
698 2234 28 38 il
752 2237 60 36 est
842 2233 302 39 très-commun
1165 2232 103 40 dans
1297 2234 57 39 les

129 2305 167 50 prairies
324 2305 68 50 qui
412 2305 227 39 avoisinent
664 2305 35 40 le.
722 2305 126 40 lavoir
869 2305 214 51 d'Aulnay,
1106 2304 99 41 dans
1235 2306 119 40 celles

131 2376 213 48 d'Arcueil,
368 2376 47 40 de
435 2377 190 51 Gentilly,
648 2381 75 36 etc.

185 2450 54 37 Le
263 2447 145 41 Thecla
438 2449 140 39 betulie
598 2450 87 39 vole
704 2450 336 52 principalement
1070 2450 101 41 dans
1196 2451 58 39 les
1271 2449 86 52 jar-
