1792 3000
938 338 46 8 -
1016 314 80 44 206
1126 337 51 9 —

434 419 97 49 bite,
554 419 88 41 bois
664 430 86 30 secs
770 424 40 35 et
830 419 235 49 rocailleux,
1099 432 42 28 se
1160 431 97 41 pose
1291 426 172 35 souvent
1495 422 23 40 à
1550 423 119 40 terre.

435 494 201 41 Environs
674 492 49 41 de
761 494 131 48 Paris,
930 494 337 49 Fontainebleau,
1314 494 146 52 Lardy.
1493 501 76 35 etc.
1613 496 58 40 En

433 570 111 37 août.

434 653 90 40 Var.
548 651 195 54 Erythia,
763 652 78 40 Hb.

486 740 105 40 D'un
622 739 106 40 brun
765 739 91 52 plus
892 739 132 49 foncé,
1048 740 139 41 taches
1219 741 137 40 fauves
1384 743 92 51 plus
1514 744 154 52 petites,

430 812 91 52 plus
543 813 123 47 vives,
690 815 172 37 souvent
894 811 217 52 marquées
1141 811 49 41 de
1222 814 122 50 petits
1376 816 135 50 points
1543 816 125 40 noirs.

431 885 178 39 Dessous
624 883 70 40 des
715 882 254 54 supérieures
992 883 98 41 d'un
1106 885 126 50 jaune
1260 885 61 40 vif
1337 897 94 30 avec
1465 887 58 39 les
1541 887 130 50 lignes

429 956 95 40 bien
558 955 230 52 marquées.
835 957 176 39 Dessous
1042 955 70 41 des
1144 956 240 42 inférieures
1417 959 89 52 plus
1536 959 134 52 foncé,

431 1039 96 30 avec
553 1028 59 40 les
633 1028 131 50 lignes
784 1028 91 52 plus
896 1032 146 44 nettes,
1064 1028 90 52 plus
1175 1027 227 51 distinctes,
1426 1030 39 40 la
1483 1031 186 41 médiane

431 1104 38 36 et
488 1100 39 40 la
546 1100 191 40 basilaire
757 1100 178 40 formant
967 1103 112 37 entre
1113 1101 96 40 elles
1245 1113 80 28 une
1355 1102 133 41 bande
1522 1103 145 49 brune,

428 1173 366 40 l'anté-terminale
813 1172 267 48 très-dentée,
1104 1174 234 41 surmontée
1359 1179 169 36 souvent
1545 1174 120 43 d'une

436 1245 103 40 série
559 1244 49 41 de
628 1245 120 52 petits
768 1245 135 51 points
923 1244 157 41 blancs.

487 1318 154 40 France
661 1316 279 41 méridionale.

429 1413 263 46 STATILINUS,
715 1411 124 40 Hufn.
862 1411 163 50 Fauna,
1050 1412 153 50 Sulzer,
1226 1413 101 41 God.

486 1508 96 40 45m.
605 1507 109 40 Ailes
738 1506 169 49 brunes,
927 1504 257 55 supérieures
1215 1508 90 52 plus
1338 1508 162 41 foncées
1530 1513 40 37 et
1596 1522 71 30 ve-

427 1575 87 40 lues
534 1586 70 28 sur
619 1574 37 39 le
677 1573 159 51 disque,
865 1584 96 29 avec
982 1572 107 41 deux
1111 1585 94 38 gros
1236 1576 136 50 points
1404 1576 129 49 noirs,
1548 1577 120 51 quel-

429 1647 159 51 quefois
623 1644 171 54 pupillés
834 1644 49 40 de
922 1645 145 50 blanc,
1108 1646 163 52 séparés
1304 1659 73 41 par
1410 1648 106 41 deux
1547 1650 121 51 petits

428 1720 137 52 points
584 1718 160 40 blancs.
768 1717 244 41 Inférieures
1032 1729 95 30 avec
1146 1719 38 39 la
1205 1718 109 51 ligne
1334 1719 332 44 anté-terminale

429 1803 54 28 un
511 1802 78 40 peu
610 1790 91 52 plus
720 1788 158 52 foncée,
902 1790 235 40 surmontée
1174 1790 121 42 d'une
1329 1791 103 41 série
1464 1792 50 41 de
1547 1794 120 53 petits

429 1864 135 52 points
582 1862 157 48 blancs,
762 1865 171 37 souvent
952 1862 109 49 nuls,
1084 1867 39 35 et
1142 1863 98 41 d'un
1276 1865 114 51 point
1410 1866 89 40 noir
1519 1866 20 39 à
1562 1867 103 40 l'an-

429 1936 61 51 gle
522 1935 108 41 anal.
663 1936 177 39 Dessous
878 1934 71 41 des
987 1935 254 52 supérieures
1261 1936 96 42 d'un
1389 1939 81 49 gris
1502 1937 162 51 cendré,

428 2020 96 29 avec
545 2009 37 38 la
599 2007 97 41 base
716 2006 92 53 plus
820 2006 141 42 foncée
966 2008 196 51 jusqu'au
1179 2009 154 49 milieu,
1355 2014 38 36 et
1408 2010 58 41 les
1486 2022 104 41 yeux
1610 2010 55 41 du

428 2081 143 40 dessus
592 2078 149 41 cerclés
762 2078 49 41 de
837 2080 128 51 jaune
980 2093 11 38 ;
1024 2079 170 41 dessous
1224 2080 71 41 des
1314 2081 236 43 inférieures
1570 2094 95 30 avec

427 2153 40 40 la
495 2150 140 42 moitié
662 2150 250 53 postérieure
944 2151 219 41 nébuleuse
1195 2156 39 37 et
1261 2164 81 30 une
1372 2154 135 41 bande
1545 2155 118 42 blan-

426 2224 139 41 châtre
584 2222 193 50 longeant
795 2223 39 39 la
852 2223 108 50 ligne
980 2223 200 41 médiane.

488 2295 35 56 9
551 2307 57 28 un
630 2307 78 41 peu
726 2295 91 53 plus
838 2295 152 51 grande
1010 2299 39 37 et
1069 2301 122 48 ayant
1206 2309 81 29 une
1314 2297 132 42 bande
1467 2304 195 37 ante-ter-

426 2368 147 40 minale
588 2369 126 50 jaune
751 2368 151 48 d'ocre,
926 2369 363 53 très-saupoudrée
1321 2370 49 41 de
1399 2371 122 42 brun.
1560 2374 100 39 Des-

425 2452 97 30 sous
542 2439 71 40 des
630 2439 256 53 supérieures
904 2451 95 31 avec
1022 2441 59 41 les
1110 2453 105 41 yeux
1245 2441 92 54 plus
1368 2444 166 50 grands,
1569 2444 92 53 plus

423 2515 201 43 vivement
642 2512 149 42 cerclés
808 2512 51 41 de
871 2514 140 51 jaune.
