1776 2996
632 371 49 6 —
717 348 74 40 187
818 370 52 7 —

197 443 86 41 Elle
302 442 140 42 diffère
464 443 48 40 de
533 443 189 51 Cassiope
759 453 73 41 par
859 453 78 29 une
956 441 108 40 taille
1079 438 295 53 généralement

142 517 104 51 plus,
264 516 166 51 grande,
471 526 73 41 par
575 515 58 40 les
660 515 137 52 points
825 515 111 39 noirs
973 514 90 52 plus
1100 524 108 40 gros,
1239 511 134 40 mieux

141 588 170 51 alignés,
345 590 169 38 souvent
545 585 174 54 pupillés
749 586 50 40 de
831 585 137 50 blanc,
990 595 173 42 presque
1192 584 183 51 toujours

142 660 94 40 chez
272 660 58 40 les
369 658 196 41 femelles.
608 659 180 49 Vosges,
840 657 180 40 Chaume
1063 657 49 39 de
1150 656 154 46 Tanet,
1339 654 36 39 le

141 730 224 41 Brézouard
384 742 50 29 en
447 729 149 53 juillet.

142 836 89 39 Var.
257 834 207 53 Cassiope,
488 834 96 40 Fab.
607 833 100 41 God.

195 943 93 38 33m.
309 939 108 40 Ailes
433 938 95 40 d'un
540 938 103 40 brun
658 939 105 47 noir,
784 938 255 53 supérieures
1050 948 94 31 avec
1154 949 81 28 une
1245 937 132 41 bande

144 1013 277 50 ferrugineuse
444 1010 148 42 divisée
620 1022 73 40 par
712 1011 58 40 les
797 1022 208 38 nervures,
1028 1009 122 41 ornée
1170 1009 49 41 de
1240 1010 98 40 trois
1353 1010 24 41 à

141 1088 140 48 (luatre
301 1085 135 52 points
456 1082 128 50 noirs,
606 1094 82 29 non
707 1082 187 53 pupilles.
920 1081 241 42 Inférieures
1178 1093 97 30 avec
1295 1094 81 28 une

142 1157 146 52 rangée
317 1157 49 41 de
385 1157 138 41 taches
552 1157 91 53 plus
670 1157 162 52 petites,
849 1156 229 48 arrondies,
1099 1154 144 42 ornées
1263 1155 111 41 aussi

141 1230 180 41 chacune
341 1229 96 41 d'un
458 1230 117 52 point
594 1230 103 48 noir,
723 1241 83 29 non
830 1230 165 53 pupillé.
1014 1228 179 42 Dessous
1214 1229 71 41 des
1303 1241 71 29 su-

140 1303 204 51 périeures
362 1313 94 30 avec
471 1303 38 38 la
528 1302 132 40 bande
680 1302 279 50 ferrugineuse
974 1304 40 38 et
1033 1301 59 41 les
1109 1302 134 52 points
1262 1302 113 40 noirs

140 1374 51 40 du
215 1373 158 41 dessus.
394 1375 176 39 Dessous
590 1374 70 40 des
679 1372 240 43 inférieures
932 1374 99 40 d'un
1044 1373 106 40 brun
1170 1374 92 40 noir
1280 1386 95 29 avec

138 1447 35 39 la
214 1446 95 40 base
347 1446 90 52 plus
475 1446 140 41 foncée
639 1446 197 53 jusqu'au
868 1446 91 40 delà
991 1444 54 42 du
1079 1444 137 42 milieu
1249 1450 40 37 et
1315 1445 60 42 les

137 1519 135 51 points
295 1517 55 41 du
368 1518 162 48 dessus,
553 1519 90 52 plus
670 1519 135 52 petits,
827 1521 204 38 rarement
1051 1517 149 42 cerclés
1221 1517 49 41 de
1289 1518 83 40 fer-

138 1590 210 50 rugineux.

204 1661 35 54 9
266 1662 92 52 plus
374 1661 106 53 pâle,
501 1673 96 31 avec
623 1661 59 42 les
715 1663 137 52 points
880 1663 112 41 noirs
1020 1663 92 52 plus
1140 1666 231 50 apparents,

138 1734 37 40 le
196 1733 167 41 dessous
383 1733 71 41 des
481 1733 255 53 supérieures
755 1738 222 46 roussàtre,
998 1738 40 38 et
1057 1734 106 42 celui
1179 1735 71 41 des
1269 1734 104 41 infé-

139 1805 154 42 rieures
311 1806 106 40 brun
436 1805 163 41 cendré.

192 1878 135 53 Alpes,
343 1877 216 52 Pyrénées,
579 1879 226 50 Auvergne,
819 1880 168 50 Vosges,
1003 1891 194 30 commun
1217 1891 52 29 au
1284 1881 89 40 Val-

136 1952 60 39 tin
216 1953 40 38 et
280 1961 70 29 sur
383 1950 36 40 le
448 1949 227 41 Brézouard
706 1962 51 29 en
781 1952 147 52 juillet.
958 1954 77 39 Les
1065 1951 205 43 individus
1299 1952 72 41 des

137 2025 149 49 Vosges
318 2025 91 38 sont
438 2022 91 52 plus
557 2023 138 49 noirs,
731 2022 38 42 la
797 2024 133 42 bande
963 2026 279 51 ferrugineuse
1279 2026 92 53 plus

137 2102 88 40 vive
253 2104 39 37 et
317 2101 58 40 les
398 2101 137 51 points
554 2102 111 40 noirs
686 2103 135 41 mieux
842 2105 190 52 marqués
1062 2117 78 40 que
1169 2118 102 29 ceux
1300 2105 71 41 des

138 2175 119 52 Alpes
277 2176 40 39 et
337 2173 49 41 de
403 2173 255 53 l'Auvergne.

136 2281 92 38 Var.
251 2279 208 48 Nelamus,
476 2278 99 42 Bdv.

190 2388 145 41 Diffère
349 2387 47 41 de
415 2390 192 52 Cassiope
624 2403 50 29 en
695 2403 45 29 ce
759 2404 80 40 que
857 2393 58 41 les
936 2395 134 53 points
1090 2396 112 40 noirs
1216 2399 91 38 sont
1318 2409 51 28 en

139 2460 152 42 totalité
313 2472 51 29 ou
386 2473 50 28 en
456 2463 127 50 partie
600 2463 159 42 effacés.

194 2533 104 39 Avec
313 2533 36 39 le
368 2536 92 49 type
482 2535 100 38 mais
605 2535 88 51 plus
713 2547 101 29 rare.
