1792 3000
962 330 54 6 —
1046 308 52 42 34
1131 330 46 7 -

454 411 33 39 11
508 421 51 30 en
578 414 60 37 est
659 409 49 42 de
728 411 129 42 même
877 409 99 42 d'un
996 410 133 52 grand
1143 410 173 43 nombre
1337 410 49 42 de
1408 412 248 43 Noctuélites
1679 431 9 25 :

455 483 98 41 c'est
571 484 105 39 ainsi
697 483 127 52 qu'on
841 483 129 53 prend
992 494 69 29 sur
1075 484 57 40 les
1154 484 240 50 valérianes,
1419 496 69 30 sur
1503 486 187 53 l'origan,

456 557 102 40 dans
577 569 75 29 nos
663 556 175 53 jardins,
858 557 205 52 plusieurs
1082 556 161 54 espèces
1264 557 70 41 des
1353 570 143 41 genres
1510 559 178 51 Noctua,

454 630 178 52 Agrolis,
650 629 132 50 Polia,
804 628 190 50 Hadena,
1014 627 250 55 Cteophana,
1280 630 188 44 Cycullia
1482 632 210 41 Dianthœ-

456 704 77 45 cia,
555 704 77 38 etc.
650 703 217 51 Beaucoup
888 701 135 42 volent
1042 702 127 49 aussi,
1193 702 25 41 à
1239 706 104 38 cette
1371 702 138 54 heure,
1534 716 70 28 sur
1632 705 61 40 les

455 774 183 40 luzernes
660 777 38 36 et
712 774 58 40 les
796 773 150 50 trèfles,
963 774 337 52 principalement
1320 774 102 42 dans
1442 775 57 41 les
1521 776 173 52 prairies

456 847 69 50 qui
549 845 243 42 descendent
823 857 51 29 en
895 849 167 38 coteaux
1087 846 102 41 dans
1205 847 37 40 le
1264 848 208 50 voisinage
1497 847 75 41 des
1588 848 105 41 bois.

511 918 31 40 Il
570 931 26 40 y
614 930 25 29 a
658 930 145 30 encore
825 930 58 30 un
912 921 116 39 autre,
1046 930 122 40 genre
1190 918 49 41 de
1268 919 143 41 chasse
1440 921 71 50 qui
1533 924 61 37 est
1615 921 80 40 fort

456 991 105 41 usité
579 993 131 52 parmi
725 993 58 39 les
803 990 329 53 entomologistes
1162 991 54 41 du
1241 996 189 39 centre-et
1451 992 50 40 du
1524 991 101 41 midi
1645 992 48 41 de

456 1064 40 40 la
515 1065 170 49 France,
706 1064 134 53 parmi
864 1064 60 40 les
944 1064 205 52 Lyonnais
1170 1067 174 38 surtout.
1369 1065 32 39 Il
1421 1065 198 50 conSistli,
1637 1076 57 29 au

458 1140 181 37 moment
673 1136 49 41 de
753 1137 40 39 la
824 1136 196 49 floraison
1052 1136 69 41 des
1148 1136 209 53 bruyères,
1393 1137 24 40 à
1448 1137 164 42 étendre
1637 1150 56 28 un

459 1208 113 53 drap,
598 1208 179 54 pendant
808 1209 40 40 la
878 1209 118 49 nuit,
1019 1220 52 29 au
1106 1209 139 41 milieu
1267 1209 71 42 des
1372 1208 201 43 clairières
1596 1209 99 46 dont

460 1285 103 37 cette
600 1282 136 51 plante
766 1282 131 40 forme
923 1282 40 39 la
996 1281 243 52 végétation.
1277 1281 65 41 Au
1379 1285 136 38 centre
1545 1286 38 37 et
1614 1294 81 29 aux

458 1357 140 48 quatre
617 1354 112 40 coins
750 1353 56 40 du
827 1353 99 54 drap
947 1357 94 38 sont
1063 1353 185 54 disposés
1277 1354 70 41 des
1368 1355 200 52 lampions
1588 1355 104 43 allu-

456 1425 100 41 més.
579 1426 147 41 Attirés
739 1437 74 42 par
833 1430 103 37 cette
954 1426 181 52 lumière,
1160 1426 212 54 beaucoup
1385 1426 48 44 de
1449 1426 246 46 Noctuélites

455 1499 192 40 viennent
665 1499 170 51 voltiger
861 1499 23 40 à
904 1498 173 41 l'entour
1097 1502 39 37 et
1156 1510 54 30 on
1238 1499 58 40 les
1315 1499 128 53 prend
1465 1500 231 42 facilement

455 1582 95 30 avec
564 1570 38 41 le
630 1571 98 49 filet,
752 1583 51 28 ou
825 1573 131 38 même
975 1582 94 31 avec
1084 1572 39 39 la
1146 1572 131 52 pince.
1304 1572 112 40 Cette
1435 1570 181 42 manière
1632 1578 60 36 est

455 1644 218 40 excellente
702 1642 34 42 si
765 1643 83 41 l'on
875 1646 94 39 veut
1003 1655 44 29 se
1073 1656 194 40 procurer
1297 1645 203 52 plusieurs
1533 1645 162 53 espèces

454 1727 109 29 rares
598 1716 71 41 des
706 1728 143 39 genres
883 1717 183 49 Noctua,
1098 1717 184 52 Agrotis,
1320 1717 220 53 Luperina,
1573 1719 123 51 qu'on

455 1787 249 42 chercherait
730 1800 50 29 en
798 1787 95 43 vain
912 1800 74 41 par
1005 1788 178 42 d'autres
1204 1801 168 41 moyens
1393 1788 81 55 (1).
1524 1820 6 12 ,

508 1863 63 40 Un
586 1864 113 38 autre
720 1873 121 39 genre
862 1861 49 41 de
932 1862 144 41 chasse
1094 1861 315 54 très-productif
1421 1863 150 52 auquel
1587 1864 29 39 il
1636 1868 60 36 est

454 1933 83 41 aisé
557 1934 49 40 de
622 1946 42 28 se
683 1934 119 40 livrer
822 1934 138 51 quand
980 1946 53 28 on
1054 1933 133 42 réside
1209 1935 24 40 à
1250 1935 39 41 la
1310 1946 241 41 campagne,
1574 1940 61 37 est
1656 1938 40 40 la

454 2007 143 40 chasse
633 2007 25 39 à
680 2006 40 41 la
739 2007 170 40 Miellée.
946 2007 112 41 Cette
1090 2007 143 41 chasse
1261 2012 98 48 peut
1389 2020 43 30 se
1464 2008 100 41 faire
1583 2012 113 38 toute

453 2078 175 51 l'année,
662 2080 104 39 mais
799 2079 97 41 c'est
922 2081 162 38 surtout
1112 2080 182 52 pendant
1319 2081 57 41 les
1400 2082 105 42 mois
1532 2080 49 41 de
1600 2093 94 43 sep-

454 2151 154 41 tembre
623 2155 39 37 et
676 2152 164 41 octobre
856 2151 144 52 qu'elle
1014 2151 168 54 produit
1193 2152 58 40 les
1265 2152 206 42 meilleurs
1486 2153 205 43 résultats.

453 2223 88 40 Elle
570 2225 176 40 consiste
763 2224 23 40 à
816 2224 162 53 délayer
1008 2223 102 41 dans
1135 2224 49 41 de
1204 2225 118 51 l'eau,
1340 2251 8 5 -
1357 2224 54 40 du
1433 2226 121 49 miel,
1578 2225 50 42 de
1656 2226 39 42 la

460 2294 242 42 mélasse.ou
725 2300 114 37 autre
871 2296 166 40 matière
1056 2297 155 50 sucrée,
1231 2300 41 38 et
1296 2298 23 40 à
1338 2296 169 43 enduire
1523 2298 49 41 de
1591 2302 103 38 cette

453 2367 259 53 préparation
733 2381 95 30 avec
843 2382 57 28 un
918 2371 187 52 pinceau,
1127 2382 52 28 au
1199 2371 175 41 coucher
1391 2370 55 41 du
1466 2372 129 49 soleil,
1612 2383 81 32 une

497 2471 44 42 (1)
563 2472 61 34 Les
643 2472 268 43 entomologistes
932 2473 43 36 du
995 2472 77 36 Midi
1094 2472 167 44 appellent
1280 2474 85 36 cette
1384 2474 129 43 chasse,
1528 2475 32 34 la
1576 2475 117 37 chasse

455 2527 17 33 à
493 2524 32 36 la
544 2526 163 37 lanterne.
