1744 2988
949 357 52 6 -
1029 334 51 41 72
1110 357 52 8 —

491 435 98 42 Vers
602 434 58 43 les
675 437 192 52 premiers
876 438 117 52 jours
1009 438 220 52 d'octobre,
1245 437 222 57 lagriopis
1487 438 179 56 aprilina

438 521 234 29 commence
688 510 23 40 à
730 509 189 53 paraître.
937 511 60 40 On
1014 511 40 40 la
1067 515 141 37 trouve
1225 516 171 37 souvent
1415 524 70 29 sur
1501 513 38 40 le
1549 516 119 38 tronc

439 582 71 40 des
533 593 91 39 gros
654 583 147 40 chênes
822 583 168 53 exposés
1021 595 51 29 au'
1098 584 112 41 midi.
1244 587 111 39 Nous
1385 585 156 42 l'avons
1560 585 109 53 prise

438 654 298 51 fréquemment
769 655 101 41 dans
904 656 59 40 les
995 656 89 41 bois
1118 656 49 42 de
1197 657 177 41 Clamart
1408 660 40 38 et
1479 658 101 43 dans
1609 658 60 41 les

438 726 123 41 forêts
582 727 49 40 de
648 726 323 42 Saint-Germain
986 732 39 36 et
1045 728 48 41 de
1107 728 157 53 Bondy.
1288 730 63 40 On
1366 730 36 39 la
1424 729 74 41 fait
1512 729 159 42 tomber

438 798 227 50 également
686 811 50 29 en
754 800 157 41 battant
927 801 58 41 les
1004 800 137 42 taillis.

493 871 224 41 L'Hadena
746 876 150 49 protea
933 874 222 52 s'applique
1197 877 139 38 contre
1371 875 38 40 le
1438 877 122 39 tronc
1600 874 71 41 des

438 946 151 38 mêmes
622 944 153 41 arbres.
798 945 111 41 Nous
933 946 154 41 l'avons
1107 947 108 53 prise
1235 949 173 39 souvent
1431 957 53 30 au
1510 946 91 41 bois
1620 945 51 42 de

440 1016 207 51 Boulogne
667 1018 211 52 appliquée
906 1022 138 38 contre
1069 1020 37 40 le
1128 1023 119 38 tronc
1265 1018 71 43 des
1365 1020 145 52 jeunes
1539 1026 132 34 ormes

441 1090 68 49 qui
525 1089 172 41 bordent
716 1090 59 41 les
796 1090 135 42 allées.

494 1163 57 38 La
581 1161 184 42 Xanthia
793 1163 131 52 silago
958 1163 103 42 éclot
1088 1163 24 41 à
1142 1164 39 40 la
1209 1165 132 40 même
1373 1163 156 54 éqoque
1559 1167 39 37 et
1629 1175 43 30 se

442 1238 141 37 trouve
607 1234 102 40 dans
727 1235 59 40 les
810 1238 153 38 mêmes
983 1235 180 42 localités
1183 1245 78 43 que
1292 1237 60 40 les
1386 1236 107 41 deux
1511 1237 161 53 espèces

443 1318 79 40 que
540 1318 104 29 nous
665 1319 155 29 venons
837 1307 50 42 de
905 1309 188 51 signaler.
1116 1309 63 40 -On
1198 1309 85 41 fera
1301 1309 95 41 bien
1418 1308 49 41 de
1485 1310 35 39 la
1552 1309 118 41 cher-

441 1378 97 41 cher
575 1379 97 40 dans
700 1380 37 40 le
774 1381 209 50 voisinage
1021 1380 70 42 des
1122 1380 134 42 saules
1292 1391 230 40 marceaux,
1556 1380 117 41 arbre

441 1450 99 41 dont
558 1451 58 40 les
645 1452 169 41 chatons
834 1456 162 38 servent
1016 1453 48 41 de
1084 1454 231 41 nourriture
1336 1454 24 40 à
1374 1453 40 41 la
1433 1453 173 42 chenille
1624 1452 49 41 de

441 1526 103 38 cette
562 1524 202 41 Xanthia.

494 1596 241 41 L'Orthosia
767 1596 209 53 pistacina
1009 1609 42 29 se
1079 1598 103 40 tient
1216 1597 370 53 particulièrement
1620 1610 52 30 au

438 1670 72 40 bas
538 1669 70 40 des
637 1669 139 41 arbres
804 1671 70 50 qui
902 1670 173 41 bordent
1105 1671 59 40 les
1191 1673 150 38 routes.
1379 1672 112 40 Nous
1517 1670 155 44 l'avons
1689 1686 6 4 ■

438 1743 108 52 prise
565 1745 170 39 souvent
760 1754 70 28 sur
845 1743 40 39 la
905 1747 115 36 route
1040 1742 50 41 de
1108 1743 39 40 la
1160 1741 182 52 Révolte,
1364 1746 112 38 entre
1502 1744 38 40 la
1556 1747 116 49 porte

439 1814 150 41 Maillot
608 1817 40 38 et
667 1815 262 40 Saint-Ouen.

493 1889 77 38 Les
604 1887 176 41 Cerastis
799 1890 187 50 vaccinii,
1004 1888 110 52 polit
1117 1900 40 37 ,
1178 1888 351 54 erythrocephala,.
1561 1891 38 38 et
1627 1899 45 30 sa

438 1958 149 42 variété
611 1959 162 52 glabra,
800 1960 184 40 habitent
1016 1959 49 41 de
1091 1959 232 54 préférence
1350 1960 223 41 l'intérieur
1600 1960 70 41 des

439 2032 175 41 massifs.
649 2033 62 39 On
741 2032 59 40 les
833 2035 141 39 trouve
1002 2043 111 30 assez
1140 2036 171 38 souvent
1338 2032 143 54 posées
1513 2044 70 29 sur
1609 2032 63 42 les

438 2105 155 40 feuilles
614 2104 152 49 sèches,
789 2115 52 29 au
860 2107 183 38 moment
1072 2105 53 40 où
1146 2105 98 40 elles
1264 2106 195 40 viennent
1476 2104 193 42 d'éclore.

492 2178 57 38 La
579 2177 154 52 Xylina
762 2176 240 42 rhizolitha.
1015 2180 60 37 est
1094 2189 217 29 commune
1341 2176 101 42 dans
1469 2176 59 42 les
1549 2176 123 41 taillis

439 2249 48 40 de
506 2249 163 53 chênes;
702 2249 152 53 Xylina
879 2249 281 41 semibrunnea
1189 2249 29 41 o
1218 2249 73 41 cula
1291 2249 60 41 ta
1371 2253 60 37 est
1458 2249 211 54 beaucoup

436 2322 90 51 plus
547 2333 88 28 rare
656 2325 39 36 et
714 2333 42 28 se
775 2325 141 37 trouve
931 2321 101 41 dans
1060 2324 59 38 les
1140 2324 152 38 mêmes
1312 2321 196 41 endroits.

492 2392 232 41 L'Himeria
743 2394 204 52 pennaria
976 2397 59 38 est
1068 2405 216 30 commune
1314 2395 102 40 dans
1446 2393 223 41 l'intérieur

439 2464 68 41 des
534 2466 188 52 massifs,
745 2478 53 28 on
824 2467 39 39 la
881 2470 142 39 trouve
1043 2469 109 40 aussi
1172 2468 36 40 le
1237 2469 97 50 long
1353 2467 71 42 des
1444 2467 136 42 arbres
1600 2467 69 52 qui

436 2536 173 43 bordent
626 2537 59 42 les
705 2542 152 37 routes.
