1776 2984
651 357 48 8 -
730 336 80 42 185
838 356 52 9 —

221 431 35 59 9
277 434 91 54 plus
382 435 167 52 grande,
571 437 91 53 plus
678 438 107 51 grise
804 440 25 38 à
848 438 38 41 la
899 437 97 42 base
1015 435 248 43 au-dessous
1281 435 50 42 de
1350 435 39 42 la

160 506 144 42 cellule
316 511 39 37 et
369 512 122 48 ayant
506 508 37 41 le
563 509 169 41 dessous
752 509 72 41 des
842 510 238 40 inférieures
1098 509 87 40 lavé
1204 508 48 41 de
1260 510 128 51 jaune

159 576 150 44 d'ocre.

213 656 121 36 Assez
351 663 192 31 commun
564 653 101 42 dans
693 655 37 40 le
759 655 218 40 sud-ouest
996 654 50 41 de
1063 655 40 39 la
1121 654 169 48 France,
1312 664 75 30 en-

157 720 139 45 virons
310 722 49 43 de
387 726 137 41 Nimes
544 732 39 34 et
602 726 49 41 de
671 728 264 51 Montpellier,
955 738 50 29 en
1025 726 83 41 mai
1128 729 38 37 et
1180 723 108 55 juin.

158 820 95 43 Var.
273 822 49 40 A.
346 821 296 55 Canigulensis.

213 913 99 43 Plus
329 918 100 52 petit
448 930 78 39 que
542 918 38 41 le
599 922 110 50 type,
741 922 132 38 tantôt
892 919 98 40 d'un
1008 919 120 41 blanc
1148 931 91 40 pur,
1262 918 128 41 tantôt

160 984 99 44 d'un
277 987 119 42 blanc
409 990 191 50 jaunâtre
619 1002 96 30 avec
742 990 59 41 les
822 991 138 40 taches
985 992 135 40 noires
1142 991 91 52 plus
1253 991 134 52 épais-

158 1069 65 30 ses
236 1072 11 38 ;
277 1059 40 41 la
334 1059 96 43 base
449 1068 39 35 et
505 1062 39 40 la
559 1066 87 37 côte
667 1066 93 37 sont
778 1063 110 39 aussi
917 1065 90 50 plus
1042 1061 277 53 saupoudrées
1337 1061 51 41 de

158 1127 193 45 noirâtre.

213 1221 94 51 Pyr.
338 1221 70 41 Or.
429 1222 49 50 (le
494 1223 176 51 VeMet),
680 1223 93 52 juin
792 1227 39 37 et
841 1223 152 52 juillet.
1383 1215 24 22 *

159 1319 188 47 CLOTHO,
369 1318 76 40 Hb.
473 1320 79 39 Var
589 1320 209 48 Cleanthe,
819 1319 99 41 Bdv.
940 1322 102 51 Dup.
1063 1318 61 55 (pl
1156 1319 65 49 14,
1241 1319 65 51 fig.
1334 1323 51 48 1).

211 1411 31 38 L
258 1421 95 40 'arge
377 1410 143 42 Clotho
538 1411 170 41 n'existe
726 1423 73 41 pas
825 1424 49 28 en
904 1413 167 47 France,
1106 1411 74 40 elle
1199 1424 21 40 y
1243 1415 59 36 est
1326 1424 63 27 re-

156 1480 210 56 présentée
384 1493 105 41 pour
506 1482 37 41 la
564 1494 83 30 var.
671 1495 77 39 que
768 1495 105 28 nous
893 1482 180 52 figurons
1090 1483 50 40 ici
1160 1491 38 32 et
1218 1484 70 50 qui
1309 1483 80 40 dif-

157 1552 82 40 fère
266 1551 49 43 de
345 1553 143 41 Clotho
517 1566 73 41 par
601 1566 79 30 une
699 1554 110 41 taille
828 1555 90 52 plus
937 1555 140 52 petite,
1104 1554 59 41 les
1184 1556 95 39 ailes
1300 1555 92 52 plus

158 1623 193 53 chargées
370 1624 49 42 de
437 1626 92 40 noir
548 1630 39 37 et
600 1626 91 53 plus
711 1631 208 36 couvertes
939 1626 49 41 de
1007 1626 122 52 poils.

211 1695 86 43 Elle
314 1696 68 42 n'a
399 1709 145 29 encore
567 1697 62 41 été
643 1698 164 41 trouvée
827 1699 24 39 à
870 1701 116 38 notre
1006 1698 292 40 connaissance
1311 1709 79 40 que

158 1764 102 43 dans
278 1768 60 40 les
356 1770 308 51 Basses-Alpes,
693 1771 189 39 environs
912 1771 49 39 de
992 1771 139 49 Digne,
1169 1774 221 46 montagne

158 1836 50 42 de
226 1839 120 48 Lure,
366 1839 159 49 Lozère,
548 1842 188 39 environs
754 1841 49 41 de
818 1842 156 40 Florac.
997 1844 77 38 Pas
1094 1852 105 30 rare.

157 1923 177 49 PSYCHE,
356 1923 77 40 Hb.
456 1923 100 42 God.
578 1924 74 54 (pl.
680 1929 64 45 14,
761 1926 69 50 flg.
850 1929 53 43 2).

213 2008 113 40 Cette
355 2006 141 54 espèce
522 2012 62 37 est
615 2021 110 29 assez
744 2021 216 29 commune
986 2009 104 42 dans
1121 2011 58 41 les
1199 2011 189 41 environs

160 2075 51 43 de
230 2077 255 55 Montpellier
514 2084 40 36 et
586 2080 193 54 d'Hyères
807 2093 70 29 sur
905 2081 59 42 les
1000 2083 166 40 collines,
1193 2082 135 41 arides
1352 2086 38 36 et

163 2148 101 41 dans
291 2149 58 40 les
376 2150 208 51 garrigues
601 2164 10 38 ;
643 2163 74 29 son
736 2152 64 40 vol
821 2156 62 36 est
913 2164 111 29 assez
1043 2152 153 53 rapide,
1236 2157 39 36 et
1316 2153 74 40 elle

159 2220 105 41 n'est
293 2232 72 41 pas
387 2222 117 41 facile
528 2223 24 40 à
577 2224 173 52 prendre
769 2225 34 39 si
820 2236 46 28 ce
883 2224 104 40 n'est
1006 2224 36 40 le
1061 2226 141 38 matin.
1227 2222 62 41 Eu
1309 2225 80 39 mai

162 2296 40 37 et
218 2293 105 49 juin.

159 2369 75 41 Ab.
252 2370 142 48 lxora,
412 2371 99 41 Bdv.

213 2451 95 40 Plus
326 2451 114 41 noire
456 2464 52 29 au
528 2453 102 41 bord
662 2454 188 41 terminal
872 2454 70 41 des
963 2454 253 53 supérieures
1237 2459 39 36 et
1296 2467 95 28 sans

159 2530 107 45 yeux
278 2525 88 41 tant
380 2534 50 29 en
455 2523 143 43 dessus
611 2527 121 53 qu'en
752 2525 183 43 dessous.
