1780 3000
940 323 52 6 -
1023 303 51 37 30
1101 321 49 7 —

489 401 30 39 Il
537 403 95 38 vaut
650 402 136 40 mieux
808 413 41 30 se
870 402 127 41 servir
1017 401 48 41 de
1084 402 38 39 la
1137 402 116 52 pince
1273 401 23 40 à
1317 404 179 48 raquette
1512 413 78 40 que
1605 401 54 41 du

433 472 84 41 filet
544 485 101 41 pour
673 473 167 54 prendre
869 475 58 40 les
957 474 140 49 sésies,
1132 474 57 39 les
1208 474 179 50 teignes,
1410 485 49 29 en
1485 486 55 27 un
1575 477 86 37 mot

433 547 132 38 toutes
585 546 58 40 les
659 547 145 52 petites
821 547 177 52 espèces.

488 618 56 39 La
560 618 160 53 plupart
740 618 69 41 des
831 617 249 55 sphingides,
1103 617 70 40 des
1187 616 263 54 bombycites,
1482 616 70 41 des
1568 628 96 29 noc-

433 688 159 43 tuélites
614 694 38 37 et
683 690 71 41 des
774 690 222 52 géomètres
1028 702 41 28 se
1088 690 168 40 laissent
1279 690 142 52 piquer
1453 701 68 28 sur
1552 690 110 52 place

435 761 179 53 pendant
632 763 36 40 le
680 764 109 51 jour.

493 835 30 39 Il
541 838 59 37 est
621 834 69 42 des
708 835 162 53 espèces
883 838 219 38 nocturnes
1123 845 67 29 sur
1206 834 36 40 le
1255 833 169 41 corselet
1443 833 223 52 desquelles

435 906 58 41 les
512 906 180 53 épingles
710 912 92 36 sont
817 909 165 51 sujettes
1002 908 22 39 à
1044 907 139 51 glisser
1196 921 9 38 ;
1227 906 112 41 telles
1354 910 92 37 sont
1461 907 57 40 les
1537 907 127 40 liche-

437 979 96 40 nées
562 978 256 55 (Catocala),
840 981 37 39 la
897 979 183 52 catephia
1108 978 263 53 alchymista,
1403 982 37 37 et
1458 978 208 53 beaucoup

439 1050 177 42 d'autres
640 1063 160 29 encore.
840 1054 108 39 Pour
966 1052 91 52 plus
1078 1051 48 41 de
1148 1050 147 52 sûreté,
1319 1063 52 28 on
1392 1052 80 39 fera
1505 1052 93 39 bien
1620 1052 48 40 de

437 1122 59 41 les
521 1124 144 51 piquer
685 1123 163 41 d'abord
866 1136 94 29 avec
978 1136 81 28 une
1073 1122 162 52 aiguille
1254 1135 56 28 un
1328 1135 78 40 peu
1428 1124 116 48 forte,
1567 1124 102 39 mais

440 1193 99 42 dont
560 1194 38 42 la
623 1197 137 52 pointe
781 1208 91 29 sera
893 1195 255 41 très-acérée.
1185 1197 53 38 Le
1260 1195 177 53 papillon
1463 1194 107 41 étant
1589 1207 80 28 une

439 1267 76 41 fois
535 1268 137 53 piqué,
709 1280 53 29 on
792 1269 244 52 remplacera
1069 1268 47 40 de
1146 1268 104 39 suite
1280 1271 101 36 cette
1415 1267 162 51 aiguille
1598 1279 72 40 par

440 1350 80 30 une
537 1339 157 53 épingle
723 1340 312 54 proportionnée
1053 1351 50 29 au
1125 1351 116 41 corps
1263 1339 48 40 de
1330 1339 196 40 l'insecte.
1559 1341 111 38 Nous

440 1424 105 29 nous
559 1424 165 30 servons
744 1417 158 37 surtout
921 1425 94 28 avec
1034 1413 137 40 succès
1196 1424 102 41 pour
1317 1412 141 53 piquer
1473 1423 69 28 sur
1559 1411 113 52 place

440 1485 58 40 les
519 1485 161 52 espèces
713 1498 56 27 un
800 1498 78 40 peu
905 1485 122 48 vives,
1066 1485 94 40 d'un
1187 1486 98 51 petit
1317 1486 244 38 instrument
1594 1496 77 39 que

442 1559 156 39 chacun
617 1561 98 49 peut
730 1569 42 29 se
799 1558 203 51 fabriquer
1023 1557 208 41 aisément.
1257 1558 30 38 Il
1309 1557 175 40 consiste
1504 1568 49 28 en
1575 1559 23 38 3
1620 1568 51 28 ou

443 1634 23 36 2
505 1629 183 52 aiguilles
721 1629 161 42 réunies
912 1630 205 41 ensemble
1151 1630 107 40 l'une
1294 1632 137 38 contre
1464 1628 142 41 l'autre
1637 1633 37 36 et

443 1701 187 54 adaptées
649 1713 73 42 par
737 1703 40 39 la
796 1704 92 47 tète,
917 1713 51 29 au
1000 1714 146 41 moyen
1167 1701 49 42 de
1236 1702 95 48 cire,
1355 1701 100 39 dans
1472 1713 57 28 un
1549 1704 124 49 tuyau

445 1773 47 41 de
521 1774 135 52 plume
677 1775 67 51 qui
761 1775 57 40 les
838 1774 212 40 maintient
1081 1778 38 36 et
1151 1785 50 29 ne
1228 1774 87 40 leur
1346 1777 155 48 permet
1522 1784 70 41 pas
1625 1773 48 40 de

445 1845 186 41 s'écarter
650 1846 135 51 quand
805 1858 50 28 on
876 1847 82 40 s'en
981 1850 95 36 sert.

447 1968 13 14 «
485 1954 23 33 il
531 1954 71 33 faut
625 1954 67 33 s'en
712 1955 179 40 approcher
913 1963 77 24 avec
1011 1954 210 42 précaution,
1251 1955 31 31 et
1310 1953 132 33 surtout
1469 1953 45 32 lui
1541 1952 134 33 dérober

446 2022 12 14 «
486 2008 133 34 l'ombre
639 2008 43 33 du
702 2009 79 33 filet.
804 2009 57 33 S'il
885 2012 47 30 est
956 2017 57 32 par
1035 2012 101 37 terre,
1159 2017 41 24 on
1231 2017 76 32 pose
1328 2007 116 34 dessus
1464 2009 51 31 cet
1548 2007 123 32 instru-

448 2077 12 13 «
484 2064 100 40 ment,
602 2063 74 40 puis
695 2071 42 25 on
759 2063 69 34 léve
846 2063 31 33 la
893 2072 74 33 gaze
984 2071 83 33 pour
1080 2063 90 33 aider
1184 2063 150 33 l'insecte
1347 2063 19 32 à
1380 2065 139 30 monter.
1543 2063 55 32 S'il
1625 2065 49 30 est

446 2131 13 14 «
486 2126 58 24 sur
557 2126 63 24 une
634 2117 122 41 plante,
773 2127 57 24 sur
846 2127 43 24 un
910 2122 90 28 tronc
1015 2117 128 33 d'arbre
1159 2127 41 23 ou
1218 2119 112 32 contre
1347 2126 43 24 un
1407 2126 74 24 mur
1504 2118 173 39 raboteux,

445 2185 14 17 «
485 2180 41 25 on
541 2172 30 33 le
583 2172 101 41 prend
699 2180 40 25 en
758 2174 194 38 remontaut,
972 2173 31 32 et
1016 2180 40 25 on
1071 2174 152 31 retourne
1237 2171 38 33 de
1291 2171 84 34 suite
1393 2172 27 32 le
1437 2172 49 32 fer
1509 2180 82 31 pour
1612 2179 64 32 que

446 2239 13 14 «
487 2226 31 32 la
539 2227 99 39 poche
657 2234 35 25 se
718 2227 112 33 ferme.

487 2294 12 15 «
523 2280 115 41 Quand
650 2280 143 33 l'animal
808 2282 49 32 est
867 2280 112 42 captif,
992 2289 40 24 on
1046 2280 29 33 le
1090 2288 96 26 cerne
1203 2280 81 33 dans
1298 2288 43 24 un
1356 2280 55 33 des
1425 2279 89 33 coins
1530 2283 41 28 du
1590 2280 81 39 filet,

445 2347 13 17 «
483 2335 74 41 puis
571 2344 40 24 on
628 2336 46 32 lui
688 2344 111 33 presse
811 2336 190 33 doucement
1017 2336 47 32 les
1080 2334 88 34 côtis
1183 2334 38 34 de
1234 2335 31 32 la
1279 2334 142 41 poitrine
1435 2343 76 23 avec
1528 2334 30 32 le
1572 2342 104 32 pouce

446 2403 13 14 «
483 2393 31 30 et
534 2389 133 34 l'index.
688 2390 103 40 Après
811 2389 68 33 cela
899 2398 41 24 on
959 2390 28 32 le
1011 2389 97 41 pique
1127 2397 58 24 sur
1208 2389 29 32 le
1261 2389 112 33 milieu
1394 2388 42 33 du
1457 2388 153 40 corselet,
1634 2388 39 32 de

445 2456 12 16 «
483 2444 143 34 manière
645 2452 63 32 que
730 2444 32 33 la
782 2447 108 37 pointe
908 2443 38 33 de
968 2442 148 42 l'épingle
1137 2444 86 31 sorte
1243 2444 92 31 entre
1354 2443 29 32 la
1397 2441 168 34 deuxième
1581 2441 90 41 paire

446 2511 12 15 CI
484 2499 38 32 de
542 2500 116 39 pnttes.
683 2512 13 14 »
