1828 3036
982 287 320 131 [texte_manquant]

555 452 238 42 inférieures
815 452 93 42 d'un
929 453 333 51 gris-roussàtre,
1283 463 96 31 avec
1399 452 39 40 la
1455 453 97 40 hase
1570 457 39 37 et
1626 453 36 41 le
1687 454 102 41 bord

553 530 165 37 externe
739 526 97 41 d'un
859 525 352 42 cendré-verdàtre
1231 528 39 38 et
1283 537 80 29 une
1384 525 103 41 série
1512 524 51 42 de
1590 527 62 39 six
1682 539 104 40 yeux

545 600 113 40 noirs
680 599 148 41 cerclés
849 600 49 39 de
912 601 142 50 jaune.

607 671 34 56 Y
668 672 236 48 semblable,
927 672 104 40 mais
1050 672 92 53 plus
1161 672 138 41 claire.

599 745 31 40 Il
648 745 107 40 n'est
774 757 73 40 pas
869 755 89 30 rare
981 743 102 42 dans
1113 745 37 40 le
1172 744 103 41 nord
1295 748 39 38 et
1353 745 90 40 l'est
1461 744 48 41 de
1541 745 40 40 la
1612 747 168 49 France,

543 818 102 39 dans
665 819 58 38 les
737 818 171 52 prairies
928 817 192 41 humides
1140 817 70 41 des
1223 820 255 48 montagnes,
1500 819 164 49 Vosges,
1691 819 92 52 Epi-

541 891 82 47 na],
649 889 561 51 Sainte-Marie-aux-Mines,
1242 891 36 39 le
1299 891 146 51 champ
1472 890 55 40 du
1558 892 97 47 Feu,
1676 892 103 41 très-

540 975 194 28 commun
750 966 147 37 autour
917 962 54 41 du
991 963 61 41 lac
1074 963 48 41 de
1139 966 308 48 Retournemer,
1467 965 112 48 Jura,
1601 966 180 41 Cascade

540 1035 53 40 du
617 1037 98 50 Dey,
738 1037 77 39 etc.
840 1036 62 40 En
919 1034 107 54 juin.

929 1252 449 42 HESPERIDjE.

814 1367 234 40 ENROULÉS.
1078 1387 55 8 —
1162 1376 222 37 INVOLUTI,
1418 1376 94 30 BDV.

584 1543 202 41 Chenilles
804 1543 325 49 tortriciformes,
1146 1554 111 29 rases
1278 1555 53 29 ou
1351 1543 283 52 puhescentes,
1650 1547 122 47 ayant

528 1616 39 40 la
601 1619 76 37 tète
710 1615 79 41 fort
821 1628 139 38 grosse
993 1620 39 36 et
1069 1616 37 40 le
1137 1617 177 51 premier
1351 1627 159 29 anneau
1549 1616 147 39 aminci
1732 1620 38 35 et

529 1701 162 28 comme
711 1688 194 51 étranglé.
942 1688 258 53 Chrysalides
1220 1688 220 51 allongées,
1462 1689 232 40 fusiformes
1715 1700 53 28 ou

534 1763 212 50 coniques,
776 1773 95 29 sans
890 1762 116 41 tache
1032 1762 248 51 métallique.
1314 1764 81 37 Ins.
1418 1762 103 52 parf.
1553 1764 122 49 ayant
1706 1762 60 39 six

526 1839 130 48 pattes
690 1835 313 51 ambulatoires;
1033 1835 161 52 jambes
1222 1834 272 54 postérieures
1522 1834 162 40 munies
1716 1834 49 39 de

529 1909 107 42 deux
653 1910 135 54 paires
806 1909 195 52 d'épines,
1024 1910 142 40 cellule
1186 1909 70 40 des
1277 1909 98 40 ailes
1394 1908 271 52 postérieures
1685 1919 77 29 ou-

523 1986 123 38 verte.

578 2056 258 54 Chrysalides
868 2054 262 55 enveloppées
1162 2055 103 40 dans
1298 2054 70 41 des
1401 2054 157 40 feuilles
1586 2053 172 47 roulées,

521 2134 256 39 maintenues
797 2144 74 41 par
889 2144 56 27 un
964 2131 108 51 léger
1088 2131 103 39 tissu
1222 2129 308 43 arachnoïdien,
1554 2128 204 42 attachées

519 2217 73 41 par
617 2206 39 40 la
673 2216 146 41 queue,
839 2208 38 36 et
892 2206 184 46 souvent,
1098 2215 51 28 en
1170 2206 132 43 outre,
1320 2213 73 41 par
1412 2213 56 28 un
1483 2213 53 29 ou
1554 2201 203 52 plusieurs

517 2278 63 40 fils
601 2282 298 36 transversaux.
929 2276 116 54 (Bdv.
1070 2278 40 39 le
1130 2279 10 47 )

842 2432 119 34 Genre
985 2431 320 41 SPILOTHYRUS,
1331 2432 91 43 Dnp.

570 2574 157 39 Massue
749 2572 70 42 des
839 2578 197 39 antennes
1055 2575 235 55 pyriforme,
1307 2586 95 31 sans
1422 2574 214 50 courbure,
1662 2573 84 54 pal-
