1780 3000
919 325 52 6 —
1003 303 76 40 154
1107 325 52 7 —

808 449 119 35 Genre
950 448 219 42 APATURA,
1193 449 86 34 Fab.

482 588 205 39 Antennes
707 585 49 41 de
775 586 38 39 la
833 584 199 51 longueur
1049 584 54 41 du
1123 597 132 41 corps,
1272 597 42 29 se
1331 586 177 40 formant
1521 587 135 39 insen-

428 660 213 40 siblement
660 671 50 28 en
729 670 79 28 une
830 669 162 29 massue
1012 658 224 51 fusiforme,
1251 658 139 52 enflée,
1410 659 136 51 palpes
1566 659 90 51 plus

426 732 116 50 longs
562 744 78 39 que
671 731 38 40 la
744 733 93 46 tête,
861 731 220 39 connivens
1100 742 90 28 vers
1212 731 87 39 leur
1321 730 221 49 extrémité,
1569 731 87 39 leur

427 804 160 41 dernier
607 804 138 40 article
760 815 55 27 nu
830 806 38 37 et
884 803 195 51 très-aigu
1097 817 9 37 ;
1130 803 55 40 les
1201 802 100 41 deux
1320 804 194 51 premiers
1527 804 130 51 plutôt

426 887 266 40 squammeux
713 886 77 40 que
806 875 125 40 velus.
954 876 94 39 Tête
1075 887 57 27 un
1152 886 76 40 peu
1250 875 93 51 plus
1362 875 141 40 étroite
1524 887 78 39 que
1621 876 36 39 le

426 948 185 49 corselet,
633 948 168 40 celui-ci
821 947 268 40 très-robuste
1105 951 37 37 et
1156 959 171 40 presque
1346 948 109 39 aussi
1469 947 94 51 long
1581 959 77 39 que

425 1019 244 41 l'abdomen.
706 1020 108 40 Ailes
845 1018 252 54 supérieures
1126 1019 175 49 sinuées,
1335 1020 58 39 les
1421 1019 237 40 inférieures

425 1091 247 41 denticulées
698 1095 39 37 et
766 1091 253 53 dépourvues
1049 1091 48 41 de
1125 1104 145 39 queue.
1306 1093 72 39 Les
1398 1096 141 47 quatre
1561 1092 96 39 ailes

423 1164 143 41 ornées
586 1164 49 40 de
656 1164 137 40 taches
817 1164 182 49 ocellées,
1035 1176 93 29 avec
1151 1176 57 28 un
1227 1165 112 40 reflet
1360 1165 119 40 violet
1498 1165 165 39 très-vif

423 1236 102 40 dans
542 1237 58 40 les
622 1235 140 42 mâles.

475 1309 203 40 Chenilles
697 1321 47 28 en
765 1309 128 40 forme
912 1309 47 39 de
982 1309 158 49 limace,
1162 1320 95 30 avec
1277 1309 37 40 la
1330 1312 76 37 tête
1426 1308 235 41 surmontée

424 1380 51 41 de
516 1380 106 41 deux
661 1393 143 28 cornes
848 1383 242 51 épineuses,
1126 1385 39 37 et
1194 1380 105 41 deux
1328 1384 143 50 petites
1502 1382 158 51 pointes

422 1456 260 39 conniventes
702 1455 23 39 à
744 1454 146 40 l'anus.
914 1453 258 53 Chrysalides
1191 1453 265 53 comprimées
1476 1452 182 42 latérale-

422 1531 127 45 ment,
570 1539 95 29 avec
684 1527 37 40 le
742 1526 73 41 dos
834 1526 147 41 bombé
1003 1530 38 36 et
1062 1526 157 49 caréné,
1243 1530 38 37 et
1301 1527 38 39 la
1362 1529 79 37 tête
1460 1526 140 40 bifide.

422 1626 97 46 IRIS,
543 1626 46 38 L.
613 1625 100 41 God.
733 1624 74 54 (pl.
827 1628 40 46 9,
893 1625 69 50 fig.
985 1623 61 55 1.)

472 1723 179 48 Presque
671 1725 111 37 toute
803 1722 39 40 la
862 1722 63 47 F.,
951 1724 160 37 surtout
1138 1720 98 41 dans
1267 1721 36 39 le
1335 1719 119 48 nord,
1477 1718 101 41 dans
1599 1719 57 40 les

417 1793 150 50 grands
586 1793 106 49 bois,
712 1792 27 41 il
760 1792 106 42 aime
886 1794 25 40 à
931 1805 42 28 se
993 1804 165 41 reposer
1178 1804 69 29 sur
1270 1793 38 39 la
1328 1792 119 40 fiente
1467 1791 69 40 des
1556 1791 95 40 bes-

417 1866 125 39 tiaux.
576 1866 32 39 Il
629 1869 60 36 est
709 1877 193 29 commun
923 1865 101 40 dans
1052 1866 38 39 la
1112 1866 101 39 forêt
1234 1864 49 41 de
1308 1863 203 48 Monnaie,
1535 1863 119 39 d'Ar-

416 1938 252 48 minvilliers,
699 1938 50 40 de
780 1938 157 52 Bondy,
970 1949 51 29 en
1050 1938 141 40 Alsace
1218 1941 39 35 et
1287 1936 101 41 dans
1407 1937 58 39 les
1484 1937 169 48 Vosges,

416 2013 95 45 etc.,
535 2021 49 29 en
599 2010 94 52 juin
712 2018 38 32 et
762 2011 153 51 juillet,
937 2010 58 40 les
1009 2009 182 41 femelles
1209 2013 93 36 sont
1319 2009 91 52 plus
1429 2008 181 40 difliciles
1630 2008 24 40 à

415 2081 162 41 obtenir
591 2094 78 39 que
689 2082 59 41 les
765 2083 142 40 mâles.

468 2154 182 40 Chenille
671 2166 51 28 en
741 2156 80 38 mai
843 2159 39 36 et
896 2156 94 50 juin
1010 2167 70 28 sur
1100 2156 36 39 le
1156 2153 171 41 tremble
1347 2158 38 35 et
1400 2153 35 39 le
1452 2153 195 52 peuplier,

412 2228 57 40 vit
485 2238 53 29 au
552 2227 101 40 haut
673 2227 71 41 des
763 2228 216 40 branches.

413 2324 75 40 AB.
512 2324 99 49 Iole,
638 2323 41 41 S.
696 2325 46 39 V.
760 2325 143 48 Beroë,
926 2323 99 41 Fab.

467 2420 146 41 Diffère
628 2420 116 41 d'Iris
762 2433 50 28 en
833 2433 44 28 ce
897 2421 147 52 qu'elle
1058 2421 66 39 n'a
1143 2432 69 28 sur
1226 2421 56 39 les
1299 2421 254 51 supérieures
1569 2431 77 39 que

410 2492 58 41 les
487 2493 140 42 taches
645 2493 196 42 blanches
867 2493 51 42 de
944 2494 148 51 l'angle
1111 2494 145 54 apical,
1289 2497 38 36 et
1353 2504 76 42 que
1457 2493 37 39 la
1514 2491 130 41 bande
