1780 3000
929 338 52 8 —
1011 318 77 40 126
1115 338 54 7 —

425 411 41 41 la
494 412 161 52 plupart
675 410 70 43 des
764 411 140 50 mâles,
926 423 57 30 un
1008 423 79 41 peu
1106 411 197 43 échancré
1321 416 121 36 avant
1461 416 66 36 cet
1545 410 119 52 angle

428 484 103 40 dans
552 484 58 41 les
629 485 195 40 femelles.

483 556 202 42 Chenilles
716 569 49 28 en
794 557 113 41 ovale
935 556 176 51 allongé,
1134 568 191 32 convexe,
1352 557 136 40 vivant
1519 568 70 28 sur
1607 557 58 39 les

426 628 158 53 plantes
611 629 156 41 basses.
801 628 258 54 Chrysalides
1091 640 173 42 presque
1296 628 180 43 ovoïdes,
1510 629 152 52 pubes-

428 704 153 37 centes.

426 793 180 47 BALLUS,
626 791 98 41 Fab.
749 791 72 49 (Pl.
844 791 40 48 b,
914 791 68 52 fig.
1003 792 24 40 5
1053 790 62 50 cf,
1139 790 67 51 fig.
1232 793 24 39 6
1287 790 74 56 9.)

482 891 96 37 28m.
602 887 106 41 Ailes
730 887 97 40 d'un
844 887 107 40 brun
971 886 147 42 cendré
1136 899 57 28 un
1216 899 75 39 peu
1310 888 92 51 plus
1421 887 99 40 clair
1539 899 69 27 sur
1628 886 36 39 le

428 960 159 53 disqus,
615 971 95 29 avec
744 960 194 50 quelques
965 961 143 50 petites
1139 959 138 41 taches
1305 960 137 40 fauves
1468 960 24 40 à
1520 960 144 49 l'angle

429 1033 106 39 anal.
561 1032 180 41 Corselet
769 1033 115 49 garni
905 1031 48 40 de
972 1032 105 51 poils
1097 1035 121 37 verts.
1241 1032 177 40 Dessous
1444 1031 70 41 des
1541 1032 123 53 supé-

427 1106 153 38 rieures
601 1115 95 29 avec
721 1105 36 39 le
774 1104 143 51 disque
937 1105 132 46 fauve,
1095 1115 98 29 orné
1215 1103 48 41 de
1283 1115 93 39 gros
1398 1104 132 51 points
1550 1105 112 41 noirs

427 1176 149 41 cerclés
595 1176 50 40 de
662 1176 109 48 bleu,
793 1177 169 40 dessous
990 1176 70 40 des
1078 1175 235 41 inférieures
1328 1187 173 40 presque
1529 1177 131 40 entiè-

431 1252 158 36 rement
618 1252 165 38 couvert
810 1260 74 40 par
901 1257 55 31 un
976 1248 120 40 duvet
1118 1251 88 37 vert
1237 1247 143 41 décoré
1401 1248 49 40 de
1468 1248 198 52 quelques

430 1321 122 52 petits
571 1322 136 51 points
727 1332 145 40 rouges
894 1324 38 37 et
948 1320 156 40 blancs.

490 1392 35 55 9
564 1393 106 40 Avec
701 1393 36 39 le
770 1392 143 51 disque
949 1392 71 40 des
1052 1390 255 53 supérieures
1339 1396 38 35 et
1402 1403 82 29 une
1512 1392 152 51 grande

427 1468 118 40 tache
565 1468 224 50 marginale
808 1479 82 29 aux
909 1467 241 40 inférieures
1170 1466 98 40 d'un
1287 1467 116 41 fauve
1423 1466 112 42 clair.

482 1540 178 41 Chenille
681 1552 50 28 en
751 1540 97 50 mai,
871 1551 70 28 sur
960 1540 36 39 le
1016 1540 127 39 Lotus
1162 1539 205 53 hispidus.

481 1614 214 46 Provence,
719 1613 188 39 environs
931 1611 207 53 d'Hyères,
1171 1610 217 54 Pyrénées,
1416 1611 245 53 Perpignan,

428 1695 51 28 en
497 1695 109 28 mars
627 1687 39 36 et
685 1684 113 40 avril.

426 1781 273 47 VIRGAURE.®,
724 1778 46 41 L.
794 1779 72 48 (Pl.
891 1782 41 45 b,
950 1778 68 52 fig.
1043 1780 25 39 7
1095 1779 63 49 cr,
1182 1777 67 52 fig.
1274 1782 22 37 8
1327 1777 75 56 9.)

481 1878 97 38 33m.
603 1875 109 40 Ailes
726 1875 98 40 d'un
843 1875 230 40 fauve-doré
1092 1874 267 41 très-brillant
1377 1886 95 30 avec
1488 1887 80 28 une
1587 1887 75 40 pe-

428 1948 72 39 tite
522 1946 177 41 bordure
719 1948 113 38 noire
853 1946 180 41 crénelée
1053 1946 333 41 intérieurement
1407 1959 70 28 sur
1487 1948 59 39 les
1565 1948 103 40 infé-

428 2021 169 46 rieures,
621 2018 169 41 dessous
812 2018 97 40 d'un
926 2018 116 41 fauve
1061 2019 104 52 pâle,
1191 2024 130 41 terne,
1342 2031 94 29 avec
1457 2019 71 40 des
1547 2020 119 51 petits
1696 2039 8 3 -

427 2092 136 52 points
583 2092 111 39 noirs
715 2095 38 36 et
772 2103 81 28 une
871 2092 111 49 ligne
1002 2091 48 40 de
1078 2092 140 41 taches
1234 2091 194 41 blanches
1461 2103 77 29 aux
1557 2091 107 42 infé-

428 2165 171 39 rieures.

491 2235 34 56 9
564 2235 104 39 D'un
697 2235 116 40 fauve
841 2236 132 39 moins
1004 2236 59 39 vif
1084 2247 95 29 avec
1211 2235 209 53 beaucoup
1449 2235 49 40 de
1525 2237 140 41 taches

428 2306 153 41 brunes
621 2311 38 35 et
696 2307 59 40 les
788 2307 238 40 inférieures
1066 2308 252 53 quelquefois
1354 2307 312 53 complètement

429 2380 190 40 envahies
634 2390 72 41 par
724 2383 103 36 cette
848 2380 181 40 couleur.

483 2450 181 42 Chenille
700 2462 50 29 en
776 2452 93 50 juin
907 2456 39 35 et
983 2451 227 54 septembre
1248 2464 70 28 sur
1347 2451 40 42 la
1425 2463 119 41 verge
1577 2452 89 41 d'or

428 2522 209 54 (Solidago
666 2524 294 52 virga-aurea).
