1732 3012
1002 344 53 8 —
1083 324 50 39 98
1163 343 53 9 —

488 424 248 42 s'oblitèrent
775 428 38 37 et
853 424 290 54 disparaissent
1183 428 170 39 souvent
1393 425 321 55 complètement.

485 498 126 53 Après
626 500 110 39 avoir
753 497 138 42 trouvé
909 510 58 28 un
993 497 159 41 endroit
1168 498 263 49 convenable,
1448 499 74 41 elle
1543 499 61 53 s'y
1622 498 93 52 fixe,

491 582 42 29 se
555 570 200 52 dépouille
777 570 48 40 de
846 581 44 30 sa
916 581 104 42 peau
1042 575 40 36 et
1100 581 117 42 passe
1237 571 23 40 à
1278 570 111 41 l'état
1407 571 49 40 de
1475 572 242 53 chrysalide.

540 643 109 40 Dans
669 646 63 37 cet
751 642 93 50 état,
869 643 183 40 l'insecte
1074 654 51 29 ne
1144 643 130 52 prend
1293 654 157 30 aucune
1470 645 249 51 nourriture,

485 715 29 40 il
532 718 60 37 est
619 715 101 40 dans
739 726 82 29 une
840 714 241 41 immobilité
1100 715 194 53 complète
1314 718 38 38 et
1371 717 152 51 respire
1542 716 24 41 à
1584 716 132 53 peine.

487 789 62 39 En
568 787 264 41 l'examinant
860 798 95 31 avec
980 789 197 39 attention
1197 788 25 41 à
1239 800 80 28 une
1351 790 177 40 certaine
1547 788 170 55 époque,

486 872 54 28 on
559 861 83 40 voit
672 860 24 40 à
720 863 152 38 travers
899 872 73 28 son
992 861 218 53 enveloppe
1229 872 79 29 une
1327 862 129 52 partie
1478 861 71 41 des
1569 862 149 41 formes

487 935 55 40 du
571 936 178 52 papillon
770 935 146 52 qu'elle
945 937 200 41 renferme
1174 940 39 37 et
1238 937 69 52 qui,
1335 936 152 43 semble
1516 941 84 39 être
1629 952 89 29 em-

486 1008 208 41 maillotté.
717 1009 106 41 C'est
850 1020 104 41 pour
976 1012 103 39 cette
1108 1011 138 40 raison
1280 1022 74 40 que
1381 1012 197 53 quelques
1596 1016 122 38 natu-

485 1081 158 41 ralistes
676 1086 72 36 ont
776 1081 134 42 donné
928 1082 37 41 le
984 1094 96 29 nom
1115 1082 50 41 de
1184 1081 124 55 Pupe,
1326 1085 114 52 Pupa
1468 1096 52 30 ou
1540 1086 176 53 Poupée,

486 1165 80 30 aux
593 1155 199 52 nymphes
821 1155 70 40 des
921 1154 299 54 Lépidoptères,
1251 1157 101 39 mais
1381 1157 104 41 celui
1515 1157 48 41 de
1594 1158 122 53 chry-

487 1227 125 41 salide
627 1238 23 29 a
669 1227 178 53 prévalu,
860 1228 24 40 à
901 1240 121 29 cause
1044 1228 70 41 des
1128 1229 140 41 taches
1283 1227 136 43 dorées
1432 1230 48 41 de
1500 1229 219 55 quelques-

486 1311 105 29 unes
613 1299 48 41 de
681 1312 66 29 ces
772 1300 250 53 chrysalides

542 1374 55 39 Le
622 1373 122 41 mode
764 1372 49 42 de
831 1374 337 41 transformation
1188 1377 60 38 est
1264 1374 206 43 très-varié
1489 1378 40 39 et
1549 1376 100 42 offre
1669 1376 49 42 de

485 1444 104 42 bons
609 1446 223 40 caractères
853 1445 252 53 génériques,
1125 1448 52 39 M.
1199 1446 212 42 Boisduval
1430 1448 94 42 s'est
1543 1451 172 39 avanta-

486 1522 233 46 geusement
751 1519 104 40 servi
886 1530 103 41 pour
1008 1519 58 40 les
1086 1519 290 52 Rhopalocêres
1397 1519 47 42 de
1468 1520 41 40 la
1536 1521 181 42 manière

487 1590 99 40 dont
610 1590 39 40 la
678 1590 228 52 chrysalide
934 1594 60 37 est
1023 1591 196 41 attachée.
1242 1592 70 41 Cet
1334 1596 143 38 auteur
1496 1593 58 41 les
1574 1604 24 30 a
1616 1593 104 42 divi-

486 1663 87 40 sées
608 1675 50 29 en
695 1666 193 36 succincti
920 1664 230 51 (succeint),
1191 1665 69 50 qui
1299 1661 233 46 s'attachent
1570 1678 76 41 par
1678 1668 40 40 la

486 1746 130 40 queue
637 1737 39 38 et
690 1747 74 42 par
786 1747 57 29 un
877 1736 80 39 lien
977 1736 239 40 transversal
1232 1747 50 29 en
1300 1736 123 41 orme
1439 1737 49 41 de
1508 1736 180 44 ceinture
1704 1752 10 40 ;

487 1818 49 29 en
564 1809 186 51 suspensi
779 1807 270 53 (suspendus),
1073 1809 70 51 qui
1176 1811 92 38 sont
1297 1809 218 52 pendantes
1536 1814 39 37 et
1592 1810 124 44 fixées

486 1881 224 43 seulement
728 1892 74 41 par
821 1880 40 40 la
880 1892 131 40 queue
1024 1895 10 38 ;
1059 1884 38 37 et
1118 1893 50 28 en
1187 1881 171 41 invoMi
1378 1882 28 54 f
1406 1881 217 55 enroulés),
1647 1885 69 50 qui

485 1955 302 52 s'enveloppent
808 1952 100 41 dans
929 1953 59 40 les
1006 1953 157 41 feuilles
1196 1965 52 30 ou
1277 1953 97 43 dms
1392 1967 58 28 un
1470 1955 108 51 léger
1595 1957 118 50 tissu,

484 2028 256 40 maintenues
760 2037 74 41 par
852 2025 204 52 plusieurs
1075 2025 64 41 fils
1161 2029 294 39 transversaux.
1478 2027 237 53 Cependant

485 2100 27 41 il
527 2114 25 39 y
567 2112 24 28 a
611 2100 193 52 quelques
821 2098 246 53 exceptions,
1085 2110 83 38 car,
1185 2099 191 52 quelques
1390 2101 167 51 Satyrus
1570 2107 147 47 posent

484 2175 88 41 leur
591 2172 228 53 chrysalide
839 2183 70 29 sur
929 2172 39 40 la
988 2176 105 36 terre
1112 2183 94 29 sans
1223 2184 129 29 aucun
1373 2172 97 42 lien.

538 2247 103 40 Chez
659 2246 58 40 les
738 2244 259 41 Hétérocères
1016 2244 37 40 le
1080 2244 120 41 mode
1222 2244 48 40 de
1295 2245 329 43 transformation
1654 2251 62 37 est

482 2330 148 30 encore
658 2320 92 52 plus
766 2317 123 50 varié,
907 2317 199 42 certaines
1127 2317 190 41 chenilles
1333 2318 252 43 s'enfoncent
1615 2319 100 46 dans

481 2392 39 41 la
544 2395 120 45 terre,
688 2395 38 37 et
747 2392 59 39 les
825 2393 136 38 autres
986 2389 113 42 filent
1118 2389 88 42 leur
1226 2401 124 41 coque
1369 2390 24 41 à
1412 2391 35 41 la
1470 2392 159 41 surface
1660 2403 53 30 ou

477 2468 115 37 entre
628 2465 57 40 les
720 2462 201 42 branches
965 2461 70 43 des
1076 2462 153 51 arbres,
1270 2467 168 40 souvent
1483 2468 113 39 entre
1642 2463 71 43 des

476 2537 159 43 feuilles
653 2536 205 43 attachées
880 2548 94 32 avec
995 2536 70 42 des
1086 2536 64 42 fils
1170 2536 50 42 de
1240 2537 95 42 soie.
