1708 3012
937 387 53 7 -
1018 367 53 38 90
1100 386 50 6 —

433 465 81 42 suit
535 468 37 39 et
596 466 69 51 qui
701 469 86 38 naît
822 465 48 42 de
903 466 39 40 la
970 469 130 37 même
1121 465 150 42 souche
1298 476 76 42 que
1399 464 38 40 la
1457 462 200 50 médiane,

432 539 66 39 n'a
515 540 115 49 point
647 550 95 39 reçu
762 537 47 41 de
828 550 99 29 nom
942 539 250 51 particulier;
1215 549 158 30 comme
1390 538 73 40 elle
1484 541 59 37 est
1561 537 100 40 très-

431 611 245 52 rapprochée
702 611 48 41 de
770 612 38 39 la
834 612 165 47 costale,
1021 616 38 36 et
1080 612 143 50 qu'elle
1244 612 306 42 s'anastomose.
1550 612 110 42 sou-

431 687 94 36 vent
545 694 94 29 avec
660 684 73 39 elle
755 695 53 28 ou
846 694 95 29 avec
961 694 57 28 un
1042 683 49 40 de
1111 695 65 28 ses
1195 694 204 37 rameaux,
1424 682 74 40 elle
1524 682 95 40 n'en
1638 693 24 28 a

431 766 72 41 pas
542 754 60 41 été
640 754 225 51 distinguée
901 766 74 41 par
1008 756 38 39 la
1080 756 162 51 plupart
1281 753 69 42 des
1376 755 256 39 naturalistes
1648 768 10 37 ;

432 828 52 39 M.
509 826 217 41 Boisduval
752 828 40 38 la
817 838 165 29 nomme
1001 827 283 39 sous-costale.
1307 827 57 38 La
1390 826 202 40 troisième
1613 826 48 53 (b)

432 908 42 29 se
504 910 164 29 nomme
692 899 198 40 médiane.
924 900 86 39 Elle
1040 900 153 39 fournit
1225 899 100 39 trois
1350 909 53 29 ou
1424 901 141 47 quatre
1594 909 69 28 ra-

430 981 148 29 meaux
596 982 52 28 ou
669 983 191 28 nervures
881 971 255 40 secondaires
1159 972 70 49 qui
1250 982 42 29 se
1308 970 244 51 prolongeilt
1569 981 94 29 sans

432 1053 42 28 se
494 1041 177 42 ramifier
679 1044 166 50 jusqu'à
862 1043 233 40 l'extrémité
1112 1042 49 41 de
1180 1043 119 39 l'aile.
1314 1042 191 51 L'espace
1519 1041 147 51 qu'elle

430 1113 120 41 laisse
571 1118 112 37 entre
714 1115 75 40 elle
822 1120 38 35 et
887 1116 39 39 la
955 1116 150 39 costale
1129 1127 42 28 se
1191 1126 164 29 nomme
1374 1113 159 41 cellule.
1553 1114 111 40 Cette

432 1186 142 41 cellule
595 1191 60 35 est
674 1191 169 36 souvent
874 1186 148 41 fermée
1042 1187 115 48 (ainsi
1177 1197 76 41 que
1275 1197 104 29 nous
1416 1185 249 51 l'indiquons

432 1270 72 41 par
523 1259 69 40 des
619 1261 148 50 points)
803 1261 59 50 (c).
905 1261 178 39 Souvent
1110 1260 73 40 elle
1207 1263 60 36 est
1299 1263 163 37 ouverte
1501 1262 38 36 et
1569 1268 52 30 on
1640 1269 26 29 a

433 1331 75 40 tiré
526 1333 104 51 parti
650 1332 47 40 de
719 1336 102 37 cette
843 1331 240 54 disposition
1102 1344 104 39 pour
1227 1332 38 39 la
1286 1330 289 41 classification
1609 1331 57 37 La

434 1404 223 51 quatrième
670 1416 172 29 nervure
857 1404 34 52 (lj
913 1405 66 39 n'a
998 1405 113 51 point
1127 1415 94 39 reçu
1243 1402 48 41 de
1309 1414 97 29 nom
1424 1403 96 39 bien
1534 1400 130 58 précis

434 1475 23 40 à
481 1487 119 29 cause
627 1476 48 40 de
704 1488 75 28 son
811 1488 77 41 peu
920 1476 305 51 d'importance.
1252 1477 51 38 M.
1328 1473 216 42 Boisduval
1563 1483 100 41 pro-

432 1553 97 40 pose
559 1541 49 40 de
635 1542 37 39 la
698 1553 184 28 nommer
909 1541 179 40 Radiale.
1126 1541 133 48 (?uant
1289 1552 80 28 aux
1400 1550 163 42 espaces
1594 1537 72 51 qui

434 1616 92 37 sont
546 1616 111 37 entre
677 1613 58 40 les
754 1624 206 37 nervures,
979 1624 44 28 ce
1040 1623 54 29 ne
1116 1616 93 36 sont
1228 1613 114 51 point
1360 1611 19 40 à
1401 1613 262 51 proprement

432 1686 132 52 parler
593 1686 69 40 des
685 1686 178 49 cellules,
887 1698 53 28 on
969 1686 57 40 les
1055 1686 154 52 appelle
1241 1696 162 41 espaces
1436 1686 230 37 inter-ner-

433 1770 167 28 vuraux
619 1758 37 49 (d
678 1759 24 40 à
718 1760 59 50 k).

487 1828 57 41 La
570 1830 175 40 seconde
787 1830 77 40 aile
896 1841 43 29 se
973 1840 165 31 nomme
1170 1830 75 40 aile
1272 1828 239 47 inférieure,
1540 1826 73 40 elle
1643 1836 24 29 a

434 1914 92 39 reçu
549 1903 57 40 les
638 1906 152 37 mêmes
814 1915 118 28 noms
961 1909 126 45 quant
1114 1915 79 29 aux
1213 1903 130 52 angles,
1343 1903 65 52 et
1425 1912 77 29 aux
1521 1898 138 48 bords,

435 1974 238 53 cependant,
698 1976 52 47 (m
770 1976 35 50 k)
835 1987 42 28 se
913 1987 164 29 nomme
1110 1975 90 52 plus
1233 1974 298 51 généralement
1560 1970 102 41 bord

423 2047 221 40 'antérieur
676 2059 51 28 ou
756 2052 164 36 externe
951 2059 78 39 que
1062 2051 112 45 côte,
1210 2050 51 47 (m
1277 2049 35 48 o)
1344 2045 186 53 s'appelle
1562 2042 102 41 bord

432 2119 250 49 abdominal,
707 2121 46 50 (k)
774 2124 60 36 est
853 2120 146 50 l'angle
1019 2119 225 53 supérieur,
1262 2120 46 51 (o)
1330 2117 186 54 s'appelle
1530 2116 133 42 exclu-

432 2193 200 40 sivement
652 2193 121 51 angle
794 2193 112 40 anal.

487 2266 41 39 Si
556 2277 53 28 on
628 2277 187 40 compare
833 2266 105 40 l'aile
955 2266 218 39 inférieure
1191 2276 96 29 avec
1305 2265 38 39 la
1363 2262 232 53 supérieure
1615 2274 53 28 on

432 2342 187 35 retrouve
643 2337 58 40 les
731 2340 154 38 mêmes
917 2349 206 36 nervures,
1153 2338 101 38 mais
1283 2336 87 40 leur
1401 2335 178 52 position
1608 2338 61 36 est

431 2422 57 27 un
507 2421 79 40 peu
614 2408 225 51 différente,
874 2410 94 40 elles
994 2410 181 39 naissent
1200 2411 132 37 toutes
1363 2406 122 41 d'une
1518 2406 150 41 souche

434 2495 217 29 commune
674 2488 38 35 et
727 2496 53 28 on
800 2484 58 40 les
880 2484 203 50 distingue
1103 2483 102 40 ainsi
1225 2495 8 26 :
1253 2483 40 39 la
1309 2482 91 52 plus
1419 2480 249 53 rapprochée

434 2556 54 41 du
519 2555 104 45 bord
661 2557 204 44 antérieur
895 2562 62 48 la),
987 2557 187 53 s'appelle
1204 2556 164 49 costale,
1400 2565 156 32 comme
1590 2565 81 34 aux
