1776 2984
635 323 54 8 —
719 303 71 39 171
823 321 51 10 —

142 407 232 52 DICTYNNA,
405 410 98 54 Esp.
526 409 101 43 God.

197 511 79 39 38m
331 508 108 40 Ailes
459 519 54 29 un
539 520 74 41 peu
637 507 165 42 dentées
819 507 96 41 d'un
932 507 105 41 brun
1056 508 105 48 noir,
1184 519 95 29 avec
1300 507 70 41 des

143 580 138 40 taches
304 579 203 53 disposées
527 592 72 40 par
616 580 153 41 bandes
788 580 152 49 fauves,
960 579 163 42 étroites
1137 591 69 30 sur
1223 579 58 41 les
1298 591 71 28 su-

142 651 217 52 périeures,
377 653 248 44 très-petites
653 656 39 37 et
719 652 90 53 plus
827 652 258 41 blanchâtres
1104 664 69 28 sur
1186 651 58 41 les
1263 651 105 41 infé-

142 725 166 47 rieures,
330 724 167 41 dessous
525 723 70 41 des
623 725 254 51 supérieures
907 724 96 40 d'un
1023 725 115 39 fauve
1160 724 208 48 brunâtre,

141 807 95 30 avec
249 796 194 52 quelques
455 798 137 39 taches
606 798 136 39 noires
757 801 38 36 et
808 798 38 39 le
857 800 173 37 sommet
1037 798 140 50 jaune.
1194 797 176 40 Dessous

142 867 71 41 des
243 869 237 41 inférieures
511 869 93 40 d'un
638 870 113 39 fauve
784 869 91 52 plus
902 880 51 29 ou
986 870 134 39 moins
1148 872 219 45 roussâtre,

139 952 96 29 avec
251 953 80 28 une
351 942 147 50 rangée
517 941 247 53 postérieure
784 941 48 40 de
851 940 164 42 lunules
1031 943 227 50 jaunâtres,
1279 942 90 51 plus

141 1013 171 50 grandes
346 1026 70 27 sur
445 1015 56 39 les
532 1013 252 52 inférieures,
806 1014 36 40 le
863 1014 145 51 disque
1026 1013 71 41 des
1117 1013 252 52 supérieures

141 1085 100 41 offre
253 1098 80 28 une
352 1086 106 50 ligne
479 1090 227 36 transverse
734 1086 48 40 de
804 1086 136 40 taches
963 1087 152 47 noires,
1138 1096 95 30 avec
1254 1085 115 51 quel-

138 1170 99 39 ques
257 1160 112 38 traits
389 1158 48 41 de
454 1162 104 37 cette
576 1161 127 37 même
723 1159 179 40 couleur.
922 1159 75 39 Les
1019 1156 239 41 inférieures
1274 1161 94 36 sont

138 1229 220 41 traversées
389 1230 100 40 dans
518 1231 88 39 leur
634 1231 136 39 milieu
803 1241 70 42 par
900 1240 80 29 une
999 1228 147 41 double
1164 1228 133 41 bande
1320 1229 49 40 de

141 1302 137 40 taches
295 1302 192 40 blanches
513 1306 38 36 et
573 1304 211 50 jaunâtres
805 1316 10 37 ;
847 1302 38 39 la
912 1302 97 40 base
1030 1304 60 38 est
1110 1301 191 51 marquée
1321 1301 48 40 de

140 1377 140 47 quatre
295 1373 48 41 de
357 1386 66 28 ces
442 1375 137 39 taches
595 1389 10 36 ;
623 1378 113 37 entre
751 1375 175 40 celles-ci
942 1377 39 37 et
1000 1374 38 40 la
1056 1373 132 41 bande
1199 1372 171 54 précitée

142 1449 60 37 est
218 1458 80 28 une
317 1450 114 36 autre
450 1447 116 40 tache
588 1446 148 41 bordée
758 1445 48 42 de
833 1447 103 39 noir.
963 1445 30 40 Il
1010 1459 24 39 y
1044 1457 23 29 a
1091 1457 50 29 en
1161 1450 114 36 outre
1291 1458 80 28 une

139 1516 108 52 ligne
267 1518 245 51 postérieure
525 1518 49 41 de
591 1519 93 51 cinq
699 1520 133 51 points
845 1519 110 40 noirs
970 1517 229 41 surmontés
1214 1516 48 42 de
1276 1518 95 41 che-

139 1601 120 29 vrons
280 1590 50 40 de
349 1593 131 38 même
500 1591 178 40 couleur.

194 1670 26 43 9
241 1664 90 50 plus
350 1663 189 40 arrondie
559 1667 38 36 et
616 1664 133 40 moins
769 1664 171 41 obscure
959 1675 51 30 en
1028 1663 156 42 dessus.

193 1733 181 42 Chenille
393 1747 49 28 en
462 1736 79 38 mai
562 1747 69 28 sur
650 1736 39 39 la
709 1735 229 51 Véronique
953 1740 171 47 agreste.

194 1807 128 38 Moins
338 1806 205 52 repandue
555 1806 101 51 qu'A
666 1807 340 48 thalin,environ's
1018 1808 49 40 de
1077 1807 289 52 Paris,Bondy,

141 1879 171 47 Ozouer,
341 1878 258 52 Compiégne,
629 1878 303 53 Basses-Alpes,
954 1881 225 51 Auvergne,
1201 1881 165 50 Vosges,

140 1949 465 52 Pyrénées-Orientales.

140 2047 258 47 PARTHENIE,
419 2045 278 42 Borkhausen.

193 2148 98 38 35m.
323 2145 96 40 Plus
439 2147 122 52 petite
581 2146 228 52 qu'Athalia
828 2148 24 41 à
868 2149 172 52 laquelle
1058 2150 73 40 elle
1150 2150 217 42 ressemble

138 2216 223 53 beaucoup.
383 2219 75 39 Les
485 2218 127 51 lignes
643 2220 133 40 noires
808 2222 69 49 qui
906 2225 223 37 traversent
1148 2222 57 40 les
1227 2227 140 45 quatre

138 2288 99 40 ailes
257 2293 91 35 sont
368 2288 88 52 plus
476 2289 176 50 étroites,
676 2295 37 36 et
740 2291 37 40 la
797 2293 105 51 ligne
932 2292 185 41 médiane
1155 2292 70 41 des
1243 2294 122 53 supé-

140 2360 150 39 rieures
312 2360 149 41 formée
490 2362 36 39 le
556 2362 92 53 plus
669 2368 171 35 souvent
866 2362 50 42 de
938 2364 138 41 taches
1097 2364 208 42 arrondies
1325 2371 39 36 et

143 2431 227 48 détachées,
404 2433 137 52 palpes
574 2435 148 50 jaunes
752 2447 48 28 en
831 2435 157 50 dessus,
1022 2436 36 40 le
1102 2436 170 41 dessous
1314 2451 51 28 ne

143 2502 137 41 diffère
301 2515 49 28 en
371 2504 90 40 rien
478 2504 212 42 d'Athalie.
