1792 2988
947 336 53 8 —
1028 315 51 41 26
1108 337 53 7 —

437 422 40 37 et
497 417 98 41 dont
624 417 59 41 les
712 416 186 42 résultats
919 420 92 39 sont
1044 416 85 42 loin
1164 422 168 37 souvent
1376 416 239 44 d'atteindre
1634 418 38 42 le

440 490 72 40 but
526 490 121 52 qu'on
667 502 41 29 se
728 501 188 42 propose.

497 564 105 39 Celle
623 575 76 41 que
728 575 104 28 nous
853 574 126 30 avons
1000 562 168 54 adoptée
1201 563 335 50 définitivement,
1558 564 114 53 après

441 636 111 40 avoir
580 635 139 52 essayé
743 634 47 41 de
813 639 134 37 toutes
967 636 57 39 les
1045 639 160 45 autres,
1228 632 37 44 èt
1293 636 96 40 dont
1417 648 104 29 nous
1548 648 125 29 avons

442 706 60 40 été
522 706 38 41 le
579 707 91 52 plus
690 706 182 51 satisfait,
900 711 59 36 est
979 708 38 39 la
1035 708 131 40 vieille
1185 707 188 41 méthode
1389 707 285 42 d'insufflation

442 789 69 28 sur
527 779 171 50 laquelle
728 791 102 28 nous
850 791 104 28 nous
974 779 211 41 étendrons
1215 792 53 28 un
1288 791 78 41 peu
1386 780 90 52 plus
1497 780 171 51 longue-

442 854 113 36 ment
573 851 93 40 bien
699 851 143 51 qu'elle
877 852 77 40 soit
976 851 256 42 mentionnée
1265 855 42 39 et
1332 852 79 41 fort
1429 851 96 42 bien
1545 852 130 54 expli-

442 922 101 52 quée
561 934 73 41 par
650 923 203 52 plusieurs
874 927 175 37 auteurs.

499 993 107 42 Voici
639 994 48 41 de
717 996 132 50 quelle
879 996 178 40 manière
1094 1008 53 29 on
1184 996 121 41 devra
1341 997 195 53 procéder
1571 1009 105 41 pour

443 1067 164 41 souffler
627 1067 57 41 les
704 1067 193 41 chenilles
917 1069 122 51 qu'on
1073 1068 177 41 désirera
1278 1081 212 30 conserver
1511 1070 98 41 dans
1631 1081 45 29 sa

438 1139 215 41 -collection
676 1152 8 27 :

496 1213 60 40 On
573 1223 280 30 commencera
873 1224 72 41 par
967 1212 112 41 vider
1098 1214 261 41 entièrement
1379 1215 38 39 la
1436 1214 168 41 chenille
1626 1226 48 29 en

441 1286 38 39 la
497 1293 185 44 pressant
695 1289 109 36 entre
823 1286 37 39 le
880 1297 127 41 pouce
1028 1289 39 37 et
1080 1285 152 42 l'index
1253 1291 40 36 et
1314 1299 50 28 en
1385 1288 148 40 faisant
1553 1288 123 40 sortir

442 1369 95 30 avec
552 1356 89 42 soin
655 1368 72 42 par
744 1357 237 41 l'extrémité
1000 1357 48 41 de
1064 1357 231 42 l'abdomen
1314 1363 90 36 tous
1417 1360 56 40 les
1487 1359 189 42 intestins

441 1435 38 35 et
497 1429 187 42 viscères.
718 1431 181 50 Lorsque
934 1431 38 39 le
993 1442 117 41 corps
1140 1430 49 42 de
1220 1432 37 40 la
1291 1431 172 42 chenille
1491 1445 50 28 ne
1574 1444 101 30 con-

440 1503 155 41 tiendra
613 1503 89 52 plus
722 1501 102 51 rien,
847 1514 45 29 ce
913 1502 99 41 dont
1039 1503 29 39 il
1088 1514 89 30 sera
1197 1503 118 41 facile
1336 1503 51 41 de
1405 1504 198 41 s'assurer
1623 1517 51 29 en

438 1579 149 49 voyant
605 1574 34 41 si
658 1577 39 39 la
714 1586 104 42 peau
838 1579 62 37 est
930 1574 97 42 bien
1045 1578 296 50 transparente,
1376 1588 52 29 on
1448 1576 227 42 introduira

442 1648 99 41 dans
559 1649 132 39 l'anus
709 1660 56 28 un
793 1647 96 40 tube
916 1646 49 41 de
984 1648 120 52 paille
1134 1648 289 53 proportionné
1458 1649 23 40 à
1500 1650 39 40 la
1558 1662 117 39 gros-

441 1733 92 29 seur
551 1721 48 40 de
618 1722 38 39 la
686 1719 187 50 chenille,
896 1723 38 37 et
954 1732 53 28 on
1027 1720 36 40 le
1084 1720 123 41 fixera
1226 1721 24 40 à
1271 1721 37 40 la
1338 1733 120 40 peau,
1481 1723 79 39 soit
1579 1734 95 29 avec

440 1807 56 27 un
515 1795 56 48 fil,
588 1794 91 48 soit,
701 1806 44 28 ce
764 1792 70 53 qui
851 1797 61 37 est
930 1792 233 53 préférable,
1186 1804 97 30 avec
1301 1806 81 28 une
1402 1794 157 52 épingle
1577 1795 97 40 très-

440 1867 79 40 fine
540 1883 9 24 :
572 1878 54 29 on
646 1866 190 40 allumera
856 1866 154 40 ensuite
1044 1864 55 41 du
1119 1865 179 41 clmrbon
1320 1865 49 41 de
1391 1865 86 42 bois
1497 1866 100 41 dans
1616 1879 59 28 un

439 1938 193 52 réchaud,
656 1941 38 37 et
712 1937 137 53 quand
880 1938 35 40 le
936 1937 180 41 charbon
1150 1950 88 29 sera
1257 1938 95 41 bien
1384 1939 290 42 incandescent

440 2022 53 29 on
509 2011 159 51 placera
684 2009 211 41 au-dessus
913 2021 56 28 un
989 2021 97 29 vase
1107 2022 51 29 en
1178 2011 81 40 tôle
1282 2010 48 41 de
1348 2009 128 43 forme
1497 2024 175 29 concave

438 2097 52 29 ou
514 2097 80 29 une
615 2085 141 52 simple
775 2084 146 52 plaque
953 2083 50 41 de
1026 2084 79 41 tôle
1129 2087 294 39 extrêmement
1444 2087 134 40 mince
1602 2099 8 27 :
1634 2087 36 39 la

439 2158 78 42 tôle
554 2170 50 28 ne
636 2156 157 42 fardera
824 2167 72 42 pas
932 2157 24 40 à
988 2155 241 43 s'échauffer
1261 2161 38 37 et
1336 2161 22 37 à
1391 2157 176 52 dégager
1595 2171 77 29 une

437 2230 151 52 grande
619 2229 179 53 quantité
831 2229 49 41 de
913 2229 224 53 calorique;
1162 2230 98 41 c'est
1281 2231 107 40 alors
1411 2230 97 52 qu'il
1529 2232 143 40 faudra

436 2303 163 41 souffler
617 2303 38 40 la
672 2301 170 43 chenille
863 2314 51 29 en
934 2301 39 41 la
991 2305 138 37 tenant
1155 2303 23 39 à
1199 2304 194 51 quelques
1415 2304 255 41 centimètres

434 2375 223 41 au-dessus
687 2375 48 41 de
767 2376 38 40 la
834 2376 78 39 tôle
934 2379 37 35 et
999 2385 49 30 en
1072 2375 158 40 roulant
1259 2377 37 39 le
1330 2380 123 49 tuyau
1482 2375 49 43 de
1553 2377 118 52 paille

435 2451 102 40 dans
568 2461 63 30 ses
665 2448 132 52 doigts
820 2448 179 54 pendant
1035 2449 123 51 qu'on
1192 2449 205 51 soufflera,
1419 2450 81 41 afin
1534 2462 77 40 que
1632 2452 37 40 la

434 2523 172 41 chenille
634 2522 118 42 sèche
773 2522 226 52 également
1019 2522 49 41 de
1090 2528 89 35 tous
1206 2522 55 42 les
1282 2522 124 41 côtés.
1443 2525 108 40 Dans
1570 2524 95 41 l'es-
