1728 2996
616 345 45 6 -
695 323 52 40 59
781 346 47 6 -

113 420 133 45 tandis
274 435 77 40 que
382 422 57 43 les
472 423 169 42 Cidaria
671 438 49 28 rit
724 438 17 27 s
745 429 107 45 sala,
880 425 241 49 intmanata,
1152 425 186 53 p?,it)îata

114 496 254 51 (ribesiaria),
388 497 203 40 undulata
613 502 38 36 et
674 499 185 39 vetulata
878 510 50 29 ne
957 509 42 30 se
1017 498 173 52 plaisent
1219 498 120 50 guère

114 580 77 39 que
211 568 99 40 dans
341 570 58 39 les
417 571 150 51 parties
596 569 189 42 humides
815 575 38 36 et
879 569 233 52 ombragées
1142 570 70 40 des
1232 568 102 42 bois.

163 641 40 40 Si
223 641 36 40 le
275 652 169 41 passage
464 642 54 40 du
543 643 103 40 mois
667 642 48 41 de
729 643 93 52 juin
844 654 49 29 au
915 643 132 40 moins
1063 642 48 41 de
1128 642 130 53 juillet
1280 646 60 36 est

108 713 24 40 à
150 713 36 39 la
206 712 77 40 fois
307 713 35 40 le
363 718 182 36 moment
563 715 36 40 le
622 715 91 52 plus
733 715 203 40 favorable
957 726 102 41 pour
1079 714 172 53 prendre
1280 714 58 40 les

107 784 172 49 grandes
299 785 160 52 espèces
479 786 49 40 de
555 787 311 52 Rhopalocères,
889 787 103 40 ainsi
1012 798 77 41 que
1109 787 39 40 la
1177 788 161 51 plupart

107 855 70 41 des
197 856 243 51 Phalénites,
463 859 96 40 c'est
579 860 110 39 aussi
708 859 186 53 l'époque
914 860 48 41 de
987 860 208 41 l'éclosion
1217 859 121 40 d'une

105 926 107 42 foule
244 928 47 41 de
320 929 406 54 Microlépidoptères,
750 932 210 52 Pyralites,
997 932 239 49 Crambites,
1267 932 70 39 Ti-

107 1001 143 52 néites,
267 1004 95 49 etc.,
379 1001 98 42 dont
495 1003 310 41 l'énumération
819 1003 230 52 fatiguerait
1069 1008 114 37 notre
1203 1005 135 52 plume

108 1076 131 40 moins
263 1076 78 40 vite
372 1087 144 30 encore
547 1088 77 40 que
654 1077 226 40 l'attention
915 1077 53 40 du
998 1077 206 41 chasseur.
1238 1080 100 38 Bor-

109 1159 232 30 nons-nous
375 1148 104 42 donc
512 1150 24 39 à
564 1150 57 39 lui
653 1151 174 49 signaler
855 1153 103 38 cette
991 1149 154 54 époque
1178 1162 158 29 comme

108 1221 110 39 étant
248 1221 97 40 celle
367 1222 51 39 où
438 1233 74 29 son
532 1221 83 41 filet
633 1234 51 29 ne
705 1222 95 52 doit,
826 1234 103 41 pour
948 1223 104 40 ainsi
1073 1222 99 51 dire,
1189 1223 150 51 jamais

111 1304 42 29 se
173 1304 176 41 reposer.
366 1292 18 25 v

164 1366 54 39 Le
236 1376 168 40 passage
435 1364 53 41 du
517 1366 102 40 mois
640 1365 47 41 de
716 1367 92 51 juin
842 1378 52 28 au
922 1368 101 39 mois
1044 1366 48 41 de
1116 1367 134 52 juillet
1279 1371 60 36 est

108 1448 145 28 encore
281 1436 166 52 marqué
475 1449 73 40 par
578 1437 206 42 l'éclosion
817 1438 49 41 de
894 1438 106 41 deux
1020 1439 314 52 Polyommates.

115 1508 101 41 L'un
238 1512 58 37 est
328 1509 39 39 la
390 1509 144 40 Thecla
555 1522 167 40 quercus
742 1510 98 40 dont
872 1511 39 39 la
943 1510 174 50 femelle,
1140 1511 90 53 plus
1253 1515 84 36 tar-

111 1579 87 42 dive
217 1592 77 39 que
323 1582 36 39 le
375 1582 120 50 mâle,
517 1580 147 43 n'éclot
686 1583 120 50 guère
826 1593 78 40 que
924 1582 102 41 dans
1045 1583 37 40 le
1103 1587 169 37 courant
1292 1583 49 41 de

99 1658 147 51 juillet.
270 1659 111 39 Cette
411 1657 141 53 espèce
583 1664 57 34 est
671 1669 216 30 commune
922 1657 101 41 dans
1049 1659 59 40 les
1138 1657 201 42 clairières

107 1729 69 41 des
208 1729 89 40 bois
331 1728 132 42 arides
490 1733 37 37 et
561 1735 239 36 montueux.
825 1730 161 41 L'autre
1011 1736 59 35 est
1099 1731 40 39 la
1166 1731 171 51 Lycœna

104 1801 141 41 Alcon.
281 1801 111 40 Cette
421 1803 143 50 espèce
596 1805 60 36 est
684 1803 186 51 très-peu
905 1801 205 53 répandue
1143 1801 100 41 dans
1280 1803 61 40 les

109 1873 187 39 environs
326 1872 49 41 de
393 1874 127 39 Paris.
546 1871 61 42 On
631 1873 37 40 la
698 1877 142 38 trouve
868 1874 252 52 quelquefois
1152 1874 102 41 dans
1283 1875 58 40 les

108 1944 200 40 clairières
328 1943 48 41 de
394 1944 40 40 la
458 1945 102 40 forêt
590 1944 48 42 de
663 1944 344 52 Saint-Germain,
1030 1951 111 37 entre
1160 1948 180 39 Maison-

108 2016 137 40 Laffite
261 2020 37 36 et
317 2009 158 48 l'Étoile
497 2016 48 41 de
566 2017 206 41 Conflans.

162 2094 56 38 La
237 2094 164 38 Procris
434 2095 125 50 pruni
584 2096 59 37 est
674 2105 215 30 commune
923 2093 101 41 dans
1053 2092 58 42 les
1136 2093 206 41 clairières

110 2162 48 42 de
177 2165 39 38 la
235 2167 130 38 même
390 2165 102 40 forêt
520 2166 53 39 où
604 2165 204 41 abondent
836 2166 59 41 les
913 2166 257 52 prunelliers,
1194 2169 146 37 autour

111 2235 184 52 desquels
315 2236 73 40 elle
416 2237 105 40 aime
541 2237 24 40 à
583 2238 184 50 voltiger.
790 2239 62 40 On
879 2239 39 39 la
938 2237 129 54 prend
1088 2238 252 51 quelquefois

111 2308 108 39 aussi
238 2319 51 28 au
310 2308 90 41 bois
422 2308 48 41 de
490 2309 222 51 Boulogne.

166 2382 55 37 La
246 2380 172 41 Melitœa
448 2382 211 52 parthenie
687 2381 105 42 éclot
822 2381 101 41 dans
942 2382 57 40 les
1019 2382 193 53 premiers
1227 2381 117 54 jours

112 2450 48 43 de
187 2451 148 53 juillet,
357 2464 103 40 pour
478 2454 39 39 la
543 2453 173 43 seconde
748 2455 76 41 fois
844 2454 250 52 quelquefois
1121 2457 130 39 même
1274 2454 70 43 dès

111 2526 36 40 le
166 2528 52 38 20
242 2525 107 52 juin,
372 2526 33 39 si
432 2525 155 42 l'année
620 2531 60 39 est
709 2527 185 53 précoce.
916 2527 84 41 Elle
1031 2531 58 38 est
1118 2528 122 41 très.
1240 2528 103 41 com-
