1812 2996
682 385 50 7 —
763 367 77 36 225
870 385 49 7 —

1241 2633 54 36 13.

547 537 120 33 Genre
692 536 260 42 SYRICHTUS,
977 537 88 33 Bdv.

239 686 203 40 Chenilles
464 686 157 52 glabres
654 697 53 28 ou
737 697 56 28 un
813 697 78 41 peu
924 685 282 53 pubescentes,
1243 686 178 40 tortrici-

185 759 167 47 formes,
374 759 159 39 munies
552 756 121 41 d'une
694 768 139 39 grosse
852 760 94 46 tête,
970 769 95 29 avec
1084 757 37 40 le
1149 758 177 51 premier
1345 769 74 28 an-

185 842 105 29 neau
311 829 195 51 étranglé.
528 830 261 51 Chrysalides
809 831 219 50 coniques,
1045 830 248 40 renfermées
1321 830 101 40 dans

185 916 56 28 un
259 903 110 50 léger
388 904 103 39 tissu
511 905 112 37 entre
643 901 59 41 les
716 902 170 41 feuilles.

242 979 80 37 Ins.
343 976 102 52 parf.
470 977 75 38 Les
562 978 142 49 quatre
720 976 98 40 ailes
833 974 150 42 étalées
1005 974 102 41 dans
1123 976 38 39 le
1181 986 118 41 repos
1313 989 10 36 ;
1347 977 80 38 tête

186 1060 112 29 assez
320 1059 153 39 grosse,
495 1059 175 41 presque
689 1048 110 40 aussi
821 1048 111 51 large
952 1059 79 40 que
1050 1048 37 40 le
1109 1047 172 41 corselet
1296 1061 9 38 ;
1335 1047 91 52 pal-

186 1133 70 41 pes
287 1120 170 48 écartés,
491 1120 241 51 très-velus,
764 1132 95 29 avec
891 1121 37 40 le
961 1120 162 40 dernier
1162 1120 138 40 article
1337 1120 91 51 plus

188 1194 150 47 mince,
372 1203 175 42 presque
579 1204 54 28 nu
667 1196 38 36 et
738 1204 112 29 assez
880 1193 157 40 saillant
1055 1207 11 36 ;
1097 1196 199 36 antennes
1334 1202 95 29 sans

186 1266 214 50 hameçon,
422 1264 195 40 terminée
630 1276 94 40 spar
746 1276 80 29 une
857 1276 163 29 massue
1042 1276 181 38 mousse,
1247 1262 183 52 allongée

190 1341 39 36 et
249 1350 55 27 un
325 1348 78 41 peu
429 1336 150 51 arquée
612 1336 49 40 de
682 1336 153 41 dedans
857 1348 49 29 en
925 1336 148 41 dehors
1090 1351 10 36 ;
1129 1337 171 40 corselet
1318 1347 112 29 assez

194 1410 166 40 robuste
378 1423 10 37 ;
410 1408 203 41 abdomen
626 1408 50 41 de
691 1408 38 41 la
743 1409 200 51 longueur
964 1408 72 41 des
1056 1409 99 40 ailes
1175 1406 254 43 inférieures;

190 1482 60 40 les
291 1481 99 40 ailes
428 1480 247 51 légèrement
709 1480 249 42 denticulées
994 1485 38 36 et
1069 1493 203 41 pourvues
1311 1480 121 41 d'une

192 1555 141 48 frange
380 1552 239 41 blanchâtre
664 1552 333 53 très-prononcée
1055 1560 37 34 et
1144 1552 282 53 entrecoupée.

192 1625 111 47 (Bdv.
330 1627 72 48 le.)

245 1697 285 40 Observation.
553 1698 185 50 Quoique
758 1709 45 29 ce
823 1708 125 42 genre
981 1699 79 38 soit
1089 1709 80 40 peu
1190 1697 241 48 nombreux,

191 1771 25 38 il
239 1770 93 40 n'en
353 1770 126 40 existe
503 1772 204 49 peut-être
726 1781 71 42 pas
825 1782 57 27 un
901 1771 131 51 parmi
1053 1771 58 39 les
1134 1770 299 52 Rhopalocères

191 1844 53 39 (fÙ
266 1842 55 40 les
342 1841 160 53 espèces
521 1842 131 39 soient
671 1841 90 53 plus
791 1843 80 39 mal
892 1854 200 37 connues,
1115 1846 38 36 et
1185 1842 98 40 dont
1304 1843 37 38 la
1363 1855 69 39 sy-

193 1915 192 51 nonymie
424 1914 79 40 soit
532 1915 109 38 aussi
675 1914 274 41 embrouillée.
993 1917 55 37 La
1079 1916 217 39 confusion
1318 1919 61 36 est
1400 1916 32 38 si

194 1986 168 51 grande,
383 1986 99 51 qu'il
503 1987 121 39 serait
642 1986 24 40 à
685 1985 153 41 désirer
868 1987 232 50 qu'aucune
1130 1987 141 52 espèce
1301 1999 50 28 ne
1373 1988 59 39 fût

195 2071 145 29 encore
361 2058 164 41 décrite.
560 2057 125 51 (Bdv.)

252 2131 125 52 Après
397 2133 62 38 cet
479 2141 101 29 aveu
601 2129 50 42 de
668 2134 116 37 notre
807 2135 141 36 savant
970 2135 160 45 maître,
1148 2144 104 28 nous
1273 2143 51 29 ne
1338 2144 97 40 pou-

198 2215 98 29 vons
314 2214 104 29 nous
438 2203 133 40 flatter
592 2202 50 41 de
664 2203 99 41 faire
784 2204 38 39 la
842 2203 170 41 lumière
1033 2215 70 28 sur
1124 2207 102 37 cette
1254 2203 151 40 famille
1424 2218 9 36 ;

198 2287 103 28 nous
322 2275 135 41 ferons
477 2285 103 42 pour
598 2274 38 41 le
656 2275 153 50 mieux,
841 2276 103 40 mais
978 2287 106 30 nous
1105 2275 238 53 n'espérons
1363 2287 73 42 pas

200 2347 198 40 atteindre
415 2347 37 40 le
472 2347 87 39 but.

202 2458 160 43 PROTO,
381 2457 94 51 Esp.
497 2456 106 51 Dup.

261 2562 93 40 30m,
378 2558 106 43 Ailes
503 2558 166 51 brunes,
690 2570 56 30 un
768 2570 77 44 peu
873 2557 264 54 denticulées,
1157 2570 96 31 avec
1278 2571 58 31 un
1360 2559 80 43 du-
