1780 2988
930 333 55 9 —
1014 310 76 42 180
1119 333 53 9 —

437 408 168 44 renflées
636 420 52 31 au
713 408 155 43 milieu.
900 408 242 43 Inférieures
1169 419 97 32 avec
1295 420 81 30 une
1404 408 148 53 rangée
1580 407 86 44 dis-

436 483 155 43 coïdale
611 482 48 42 de
678 484 93 50 cinq
800 483 134 52 points
955 481 109 42 noirs
1092 481 98 41 dont
1208 481 221 42 l'intérieur
1454 482 91 53 plus
1571 481 98 53 petit

437 568 77 40 que
544 557 36 39 le
615 557 175 40 suivant.
830 556 176 39 Dessous
1040 554 71 40 des
1148 554 237 41 inférieures
1418 554 97 40 d'un
1553 555 116 40 fauve

437 630 85 51 pâle
541 640 94 29 avec
655 628 211 51 beaucoup
887 626 49 41 de
956 626 137 42 taches
1115 626 223 51 argentées,
1355 625 99 41 dont
1470 627 201 51 plusieurs

438 700 195 54 groupées
653 701 90 51 près
767 699 47 40 de
841 700 37 39 la
906 699 113 48 base,
1043 703 38 36 et
1106 699 59 40 les
1196 703 135 36 autres
1362 699 178 40 formant
1566 699 106 40 deux

437 776 129 49 lignes
599 778 249 36 transverses
876 773 285 53 postérieures,
1191 774 248 39 renfermant
1466 784 81 30 une
1570 772 102 41 série

439 847 49 40 de
510 848 138 39 taches
668 847 200 40 oculaires
886 846 315 50 ferrugineuses.

493 929 25 46 c;
541 921 96 40 Plus
656 921 89 52 pâle
762 923 39 38 et
828 920 166 53 n'ayant
1019 930 72 42 pas
1110 919 58 41 les
1188 931 191 29 nervures
1406 919 168 41 renflées
1595 929 79 30 aux

439 991 267 53 supérieures.

493 1063 191 50 Chenille,
707 1076 49 29 en
771 1065 92 52 juin
884 1076 70 29 sur
975 1064 231 41 différentes
1227 1064 162 53 espèces
1410 1064 48 41 de
1477 1064 193 41 violettes.

496 1142 224 40 Commune
746 1141 101 41 dans
872 1142 58 40 les
959 1140 148 54 grands
1137 1142 87 41 bois
1245 1142 48 40 de
1312 1147 111 36 toute
1443 1143 38 40 la
1503 1144 168 46 France,

442 1225 50 29 en
506 1214 153 52 juillet;
683 1214 73 40 elle
777 1215 241 40 affectionne
1035 1214 210 54 beaucoup
1267 1215 58 40 les
1345 1215 121 40 fleurs
1486 1214 47 41 de
1553 1226 121 29 ronce

442 1291 38 36 et
499 1287 102 41 n'est
621 1299 72 41 pas
714 1287 159 42 difficile
894 1289 24 39 à
931 1288 188 53 prendre.

441 1383 25 34 .t
477 1389 39 29 n.
541 1377 225 51 Cleodoxa,
791 1378 101 42 Och.

495 1472 150 42 Diffère
664 1473 196 52 Ad'dippe
890 1484 50 29 en
967 1484 44 29 ce
1041 1484 78 40 que
1140 1471 58 42 les
1225 1472 137 41 taches
1391 1471 209 51 argentées
1620 1471 55 41 du

446 1545 170 41 dessous
636 1550 71 37 ont
739 1546 309 51 complétement
1069 1545 162 52 disparu
1253 1549 38 36 et
1319 1548 92 37 sont
1431 1544 244 53 remplacées

439 1630 73 41 par
530 1619 53 40 du
606 1620 126 51 jaune
748 1619 112 48 clair,
884 1619 162 52 excepté
1065 1618 39 41 la
1123 1619 183 52 prunelle
1327 1618 70 40 des
1418 1629 101 40 yeux
1541 1617 133 40 ferru-

439 1693 160 49 gineux,
633 1694 52 38 où
714 1693 36 39 la
778 1692 166 40 couleur
971 1691 144 41 nacrée
1144 1693 169 51 persiste
1346 1692 198 50 toujours.
1570 1690 105 41 Avec

439 1764 169 53 Adippe,
632 1766 102 39 mais
756 1766 134 39 moins
913 1776 232 37 commune,
1169 1776 94 29 sans
1284 1767 82 37 être
1387 1775 101 29 rare.

441 1857 171 50 PAPHIA,
635 1857 47 39 L.
706 1854 104 42 God.
833 1855 77 53 (pl.
936 1858 64 46 13,
1025 1855 68 51 fig.
1115 1857 52 49 1.)

493 1949 96 39 65m.
615 1947 108 41 Ailes
750 1947 255 53 supérieures
1032 1949 122 50 ayant
1185 1945 146 51 l'angle
1352 1945 126 52 apical
1513 1945 163 40 saillant

439 2024 40 37 et
510 2019 185 53 arrondi;
726 2019 238 41 inférieures
991 2018 178 50 dentées,
1199 2018 58 41 les
1286 2024 140 45 quatre
1452 2018 97 40 ailes
1578 2017 97 41 d'un

437 2093 117 40 fauve
589 2092 83 50 vif,
713 2092 220 41 traversées
967 2103 73 41 par
1076 2095 142 48 quatre
1249 2089 168 51 rangées
1456 2089 48 41 de
1536 2089 139 41 taches

438 2166 150 48 noires,
611 2165 40 40 la
681 2165 194 52 première
903 2165 23 39 à
950 2164 128 53 partir
1099 2162 47 41 de
1179 2164 37 39 la
1245 2162 111 49 base,
1389 2162 220 51 anguleuse
1637 2166 39 36 et

438 2237 190 53 composé
659 2238 49 41 de
747 2238 138 42 taches
918 2237 282 51 irrégulières,
1238 2237 57 41 les
1330 2237 106 40 deux
1471 2237 205 41 suivantes

437 2310 211 56 parallèles
669 2316 39 37 et
726 2312 172 41 formées
920 2311 48 41 de
989 2312 137 40 taches
1141 2311 90 52 plus
1253 2323 51 28 ou
1319 2311 134 40 moins
1475 2310 201 52 quadran-

440 2385 201 51 gulaires,
677 2384 39 41 la
754 2385 223 51 quatrième
1018 2384 210 41 terminale
1265 2383 153 42 formée
1453 2383 48 41 de
1537 2383 139 40 taches

440 2458 305 50 triangulaires;
776 2458 58 41 les
861 2458 253 53 supérieures
1135 2461 70 36 ont
1237 2469 50 28 en
1308 2461 114 36 outre
1448 2457 58 40 les
1535 2460 141 49 quatre

441 2529 203 43 dernières
664 2542 193 30 nervures
877 2532 136 41 noires
1036 2535 39 38 et
1094 2529 281 43 très-renflées.
1400 2530 177 41 Dessous
1606 2527 70 43 des
