1800 2984
654 339 52 8 —
735 322 79 37 229
840 340 54 7 —

158 421 153 40 rieures
327 431 95 29 avec
437 420 59 40 les
516 424 155 37 mêmes
689 420 137 41 taches
845 431 77 42 que
941 420 134 50 Cirsii,
1097 420 104 40 mais
1226 420 37 40 le
1294 420 97 40 fond

160 491 71 41 des
250 490 99 42 ailes
368 495 61 37 est
448 491 98 42 d'un
564 493 118 41 fauve
702 496 226 48 rougeâtre.
951 494 159 39 Massue
1139 491 71 41 des
1244 495 148 37 anten-

160 576 72 29 nes
252 567 211 49 rougeâtre
484 577 50 29 en
561 565 188 41 dessous.

214 640 27 41 ?
275 638 90 50 plus
385 638 104 50 pâle,
512 637 254 53 saupoudrée
786 637 48 41 de
856 638 82 51 gris
957 638 184 49 jaunâtre
1169 640 39 37 et
1228 636 165 52 n'ayant

160 721 77 40 que
258 709 49 41 de
331 710 227 52 très-petits
578 711 134 52 points
739 710 141 41 blancs
900 710 92 54 près
1012 710 50 40 de
1086 709 148 52 l'angle
1262 709 130 53 apical

160 780 70 42 des
249 782 268 52 supérieures.
539 782 239 41 Inférieures
800 783 167 52 n'ayant
987 794 78 40 que
1087 783 197 51 quelques
1314 782 78 39 fai-

161 854 85 40 bles
278 854 137 41 taches
445 855 215 50 grisâtres.

214 928 85 38 Peu
320 926 195 54 répandu.
538 927 101 53 Dép.
663 926 70 42 des
754 928 303 51 Basses-Alpes.
1081 928 61 39 En
1156 926 149 52 juillet.

161 1023 128 48 SERRA
289 1023 151 48 TULÆ,
465 1023 96 41 Rbr.

217 1122 94 38 25m.
349 1118 255 42 Très-voisin
625 1118 55 41 du
715 1118 217 54 précédent
970 1118 100 41 dont
1103 1119 27 39 il
1165 1130 51 28 ne
1251 1117 143 41 diffère

163 1191 119 50 guère
319 1202 78 40 que
432 1203 72 40 par
539 1192 37 39 le
604 1191 170 41 dessous
811 1191 71 41 des
914 1191 99 41 ailes
1051 1189 241 42 inférieures
1326 1190 68 50 qui

164 1266 60 37 est
244 1263 232 52 d'unjaune
495 1263 90 52 pâle
605 1262 254 53 quelquefois
878 1263 243 51 légèrement
1141 1261 197 42 verdâtre.

218 1335 118 40 Assez
371 1346 193 29 commun
590 1336 25 40 à
651 1334 334 50 Fontainebleau,
1018 1346 52 29 au
1104 1335 199 50 Canigou,
1343 1346 50 28 au

164 1408 201 47 Lautaret,
387 1408 103 39 ainsi
520 1406 119 52 qu'en
658 1408 213 52 Auvergne
890 1411 39 37 et
949 1406 102 42 dans
1086 1407 58 40 les
1183 1407 207 51 B.-Alpes.

164 1480 60 39 En
238 1479 151 51 juillet.

215 1566 27 32 y
262 1551 198 50 analogue
479 1552 24 39 à
522 1551 37 40 la
579 1549 253 54 précédente.

162 1636 211 47 CACALIÆ,
396 1636 98 39 Rbr.

215 1721 93 38 261.
331 1719 108 40 Ailes
466 1718 97 41 d'un
593 1719 311 40 brun-noirâtre
924 1730 96 29 avec
1052 1730 57 29 un
1140 1719 109 52 léger
1284 1721 114 40 reflet

163 1790 98 40 d'un
282 1790 309 51 gris-verdâtre,
613 1802 90 29 vers
724 1790 39 40 la
787 1791 97 39 base
902 1795 39 36 et
964 1802 70 29 sur
1053 1791 38 41 le
1109 1802 133 41 corps.
1266 1791 127 53 Supé-

162 1864 151 39 rieures
331 1874 96 29 avec
444 1875 81 28 une
541 1863 109 50 ligne
667 1862 132 42 brisée
818 1862 49 40 de
886 1863 121 51 petits
1025 1864 136 51 points
1179 1864 156 48 blancs,
1360 1869 37 35 et

162 1935 102 40 deux
286 1946 89 29 vers
393 1936 39 39 la
452 1935 156 40 cellule.
632 1935 176 40 Dessous
829 1934 70 41 des
928 1934 240 41 inférieures
1194 1936 202 48 verdâtre,

161 2007 92 53 plus
273 2006 116 41 foncé
407 2019 90 28 vers
514 2005 41 42 la
574 2007 96 40 base
691 2011 38 36 et
743 2008 37 39 le
799 2007 98 50 long
917 2005 50 42 de
984 2007 42 40 la
1045 2008 198 49 gouttière
1264 2007 132 43 abdo-

162 2080 164 47 minale,
359 2091 95 28 avec
491 2078 71 42 des
594 2079 138 41 taches
769 2079 207 50 blanches,
1011 2078 99 42 dont
1146 2091 82 30 une
1259 2081 136 40 ovale-

161 2151 202 51 oblongue
388 2163 90 28 vers
498 2151 36 41 le
553 2151 103 41 bord
675 2150 220 50 antérieur,
917 2163 82 29 une
1020 2154 114 38 autre
1154 2163 90 29 vers
1264 2151 37 42 le
1317 2154 79 38 mi-

161 2224 77 40 lieu
262 2223 52 40 du
344 2223 102 40 bord
464 2224 173 49 interne,
669 2228 38 36 et
732 2235 81 29 une
844 2223 134 41 bande
1009 2225 268 40 transversale
1308 2225 88 40 mé-

162 2296 134 47 diane,
331 2296 276 52 interrompue
635 2307 52 29 au
717 2296 156 48 milieu,
903 2295 221 41 maculaire
1152 2300 40 37 et
1223 2309 174 40 presque

162 2367 146 41 effacée
327 2379 90 29 vers
431 2367 37 40 le
481 2367 103 41 bord
603 2368 254 52 abdominal;
877 2369 92 52 puis
996 2379 81 30 une
1109 2367 135 43 bande
1276 2369 120 41 anté-

163 2440 219 50 marginale
420 2439 50 41 de
499 2440 139 41 taches
656 2441 193 42 blanches
876 2441 91 54 plus
986 2452 53 31 ou
1061 2441 134 43 moins
1223 2441 172 44 fondues

161 2524 96 31 avec
280 2512 35 41 la
335 2512 166 43 couleur
518 2513 200 42 verdâtre.
