1788 3008
706 309 55 8 —
789 289 45 37 11
865 308 53 9 —

626 754 375 51 USTENSILES.

253 1103 55 41 Le
321 1105 172 51 premier
504 1107 39 37 et
556 1104 35 39 le
608 1104 89 51 plus
712 1104 219 51 important
948 1107 60 36 est
1022 1104 35 39 le
1072 1103 88 50 filet
1180 1104 24 38 à
1216 1103 202 53 papillon,

197 1177 27 39 il
253 1176 83 40 doit
366 1178 82 37 être
473 1176 24 39 à
516 1175 37 40 la
585 1176 77 39 fois
691 1174 106 52 léger
824 1187 103 40 pour
946 1177 83 38 être
1063 1174 130 40 manié
1224 1174 201 41 vivement

199 1252 39 36 et
257 1259 95 29 avec
372 1247 154 48 succès,
560 1258 110 29 assez
690 1246 126 41 solide
836 1258 103 41 pour
967 1246 164 41 résister
1150 1258 77 29 aux
1258 1259 166 29 mouve-

201 1323 130 37 ments
364 1319 218 51 brusques;
616 1319 27 38 il
664 1322 60 36 est
759 1319 189 52 composé
967 1318 97 40 d'un
1085 1318 127 41 cercle
1241 1330 48 28 en
1317 1319 40 39 fil
1378 1318 49 41 de

202 1391 71 48 fer,
297 1391 206 40 d'environ
524 1393 52 38 30
596 1390 254 41 centimètres
871 1390 49 40 de
940 1390 210 48 diamètre,
1187 1391 69 50 qui
1278 1403 42 27 se
1349 1391 79 52 plie

201 1476 49 27 en
271 1461 106 42 deux
399 1474 48 28 au
471 1474 145 40 moyen
637 1462 49 39 de
705 1462 200 48 brisures,
941 1463 24 38 il
988 1475 24 39 y
1033 1474 51 29 en
1105 1474 24 29 a
1149 1466 130 37 même
1298 1465 68 49 qui
1387 1476 42 28 se

200 1536 125 51 plient
343 1546 49 28 en
413 1538 141 47 quatre
572 1537 38 37 et
630 1538 175 48 peuvent
824 1532 103 42 ainsi
947 1537 81 37 être
1049 1535 200 51 emportés
1269 1535 100 40 dans
1390 1535 38 40 la

199 1606 128 52 poche
344 1619 10 38 ;
375 1609 145 36 autour
539 1605 48 40 de
606 1617 44 28 ce
666 1606 129 40 cercle
810 1610 60 36 est
892 1617 57 28 un
971 1606 128 40 ruban
1116 1606 48 40 de
1178 1608 85 40 soie
1282 1609 150 49 auquel

201 1682 59 35 est
279 1689 128 29 cousu
427 1677 37 40 le
484 1688 67 29 sac
568 1708 10 18 ,
604 1676 70 52 qui
702 1689 103 40 pour
824 1688 51 29 ne
894 1689 72 40 pas
987 1678 84 40 être
1103 1678 161 41 déchiré
1294 1692 73 39 par
1391 1681 40 39 la

202 1750 197 52 première
429 1749 117 52 épine
579 1748 121 41 devra
727 1752 82 37 être
841 1760 50 29 en
925 1753 115 49 crêpe
1075 1749 94 42 lisse
1195 1751 50 40 de
1274 1750 99 50 soie,
1394 1753 37 38 la

202 1822 167 40 couleur
399 1824 109 37 verte
538 1824 60 37 est
631 1820 238 52 préférable,
890 1833 119 40 parce
1038 1823 144 50 qu'elle
1212 1829 60 35 est
1300 1825 132 40 moins

203 1892 235 51 remarquée
458 1904 71 40 par
554 1892 58 40 les
640 1893 198 51 papillons
856 1907 9 37 ;
887 1893 36 39 le
943 1895 171 39 manche
1134 1906 50 29 en
1213 1895 175 42 bambou
1409 1908 24 29 a

203 1976 78 28 une
304 1964 150 40 douille
474 1975 49 28 en
544 1964 134 40 cuivre
698 1976 69 28 sur
786 1964 170 51 laquelle
976 1977 42 29 se
1037 1966 105 40 visse
1159 1967 38 40 le
1215 1967 95 41 filet.

753 2052 62 38 Fig.
836 2056 26 26 1.

261 2429 53 39 Le
336 2428 199 52 fauchoir,
552 2430 66 49 fig.
637 2433 37 45 1,
690 2432 80 37 sert
784 2431 159 38 surtout
957 2428 24 40 à
990 2426 168 42 récolter
1171 2427 57 41 les
1247 2427 191 41 chenilles

211 2501 135 40 vivant
376 2512 68 28 sur
460 2501 57 40 les
548 2500 155 53 plantes
723 2501 138 40 basses
881 2515 9 37 ;
925 2500 95 41 c'est
1054 2512 56 28 un
1136 2499 82 41 filet
1241 2499 49 41 de
1310 2501 129 38 même
