<?xml version="1.0" encoding="utf-8"?>
<alto SCHEMAVERSION="alto_bnf-v2_0" xmlns="http://www.loc.gov/standards/alto/ns-v3#" xmlns:xlink="http://www.w3.org/TR/xlink" xmlns:xsi="http://www.w3.org/2001/XMLSchema-instance" xsi:schemaLocation="http://www.loc.gov/standards/alto/ns-v3# http://bibnum.bnf.fr/schema/alto_bnf-v2_0.xsd">
  <Description>
    <MeasurementUnit>pixel</MeasurementUnit>
    <sourceImageInformation>
      <fileName>00000213.jp2</fileName>
      <documentIdentifier documentIdentifierLocation="IFN">9612399</documentIdentifier>
    </sourceImageInformation>
    <OCRProcessing ID="OCR_1">
      <ocrProcessingStep>
        <processingDateTime>2015-10-09</processingDateTime>
        <processingStepDescription>[001_OCR_BRUT]OCR BRUT 99.17 %</processingStepDescription>
        <processingStepDescription>[002_CHARS]{1117}</processingStepDescription>
        <processingStepDescription>[003_CHARS_USED]{1036}</processingStepDescription>
        <processingStepDescription>[004_CHARS_SUSPECTS_USED]{0}</processingStepDescription>
        <processingStepDescription>[005_CHARS_UNUSED]{81}</processingStepDescription>
        <processingStepDescription>[006_CHARS_SUSPECTS_UNUSED]{0}</processingStepDescription>
        <processingStepDescription>[007_STRINGS]{223}</processingStepDescription>
        <processingStepDescription>[008_STRINGS_USED]{223}</processingStepDescription>
        <processingStepDescription>[009_STRINGS_SUSPECTS_UNUSED]{0}</processingStepDescription>
        <processingStepDescription>[010_CHARS_LETTERS]{1036}</processingStepDescription>
        <processingStepDescription>[011_CHARS_PUNCTUATION]{71}</processingStepDescription>
        <processingStepDescription>[012_CHARS_DIGITS]{8}</processingStepDescription>
        <processingStepDescription>[013_CHARS_SUSPECT]{0}</processingStepDescription>
        <processingStepDescription>[022_CHARS_UNUSED_BY_BLOCK]{0}</processingStepDescription>
        <processingStepDescription>[023_BLOCKS_SUSPECTS]{0}</processingStepDescription>
        <processingStepDescription>[111_LIGS_DETECTED_CURV]{0}</processingStepDescription>
      </ocrProcessingStep>
    </OCRProcessing>
  </Description>
  <Styles>
    <TextStyle FONTFAMILY="Times" FONTSIZE="7" ID="TXT_4"/>
    <TextStyle FONTFAMILY="Times" FONTSIZE="9" ID="TXT_5"/>
  </Styles>
  <Tags>
    <OtherTag ID="TAG_importantEN" LABEL="important" TYPE="EN"/>
    <OtherTag ID="TAG_important" LABEL="important"/>
  </Tags>
  <Layout>
    <Page ACCURACY="99.17" HEIGHT="2996" ID="PAG_00000213" PHYSICAL_IMG_NR="213" PRINTED_IMG_NR="207" QUALITY="OK" WIDTH="1776">
      <TopMargin HEIGHT="401" HPOS="0" ID="PAG_00000213_TopMargin" VPOS="0" WIDTH="1776">
        <TextBlock HEIGHT="37" HPOS="624" ID="PAG_00000213_TB000001" LANG="fr" STYLEREFS="TXT_5" VPOS="305" WIDTH="239">
          <TextLine HEIGHT="37" HPOS="624" ID="PAG_00000213_TL000001" STYLEREFS="TXT_5" VPOS="305" WIDTH="239">
            <String CONTENT="—" HEIGHT="8" HPOS="624" ID="PAG_00000213_ST000001" STYLEREFS="TXT_5" VPOS="324" WC="1" WIDTH="53"/>
            <SP HPOS="677" ID="PAG_00000213_SP000001" VPOS="305" WIDTH="28"/>
            <String CONTENT="207" HEIGHT="37" HPOS="705" ID="PAG_00000213_ST000002" STYLEREFS="TXT_5" VPOS="305" WC="1" WIDTH="78"/>
            <SP HPOS="783" ID="PAG_00000213_SP000002" VPOS="322" WIDTH="30"/>
            <String CONTENT="—" HEIGHT="8" HPOS="813" ID="PAG_00000213_ST000003" STYLEREFS="TXT_5" VPOS="322" WC="1" WIDTH="50"/>
          </TextLine>
        </TextBlock>
      </TopMargin>
      <PrintSpace HEIGHT="2120" HPOS="101" ID="PAG_00000213_PrintSpace" VPOS="401" WIDTH="1282">
        <TextBlock HEIGHT="196" HPOS="122" ID="PAG_00000213_TB000002" LANG="fr" STYLEREFS="TXT_5" VPOS="401" WIDTH="1261">
          <TextLine HEIGHT="55" HPOS="178" ID="PAG_00000213_TL000002" STYLEREFS="TXT_5" VPOS="401" WIDTH="1205">
            <String CONTENT="Assez" HEIGHT="40" HPOS="178" ID="PAG_00000213_ST000004" STYLEREFS="TXT_5" VPOS="401" WC="1" WIDTH="120"/>
            <SP HPOS="298" ID="PAG_00000213_SP000003" VPOS="412" WIDTH="20"/>
            <String CONTENT="commun" HEIGHT="30" HPOS="318" ID="PAG_00000213_ST000005" STYLEREFS="TXT_5" VPOS="412" WC="1" WIDTH="194"/>
            <SP HPOS="512" ID="PAG_00000213_SP000004" VPOS="401" WIDTH="20"/>
            <String CONTENT="dans" HEIGHT="42" HPOS="532" ID="PAG_00000213_ST000006" STYLEREFS="TXT_5" VPOS="401" WC="1" WIDTH="102"/>
            <SP HPOS="634" ID="PAG_00000213_SP000005" VPOS="415" WIDTH="28"/>
            <String CONTENT="presque" HEIGHT="41" HPOS="662" ID="PAG_00000213_ST000007" STYLEREFS="TXT_5" VPOS="415" WC="1" WIDTH="172"/>
            <SP HPOS="834" ID="PAG_00000213_SP000006" VPOS="405" WIDTH="22"/>
            <String CONTENT="T." HEIGHT="38" HPOS="856" ID="PAG_00000213_ST000008" STYLEREFS="TXT_5" VPOS="405" WC="1" WIDTH="46"/>
            <SP HPOS="902" ID="PAG_00000213_SP000007" VPOS="401" WIDTH="20"/>
            <String CONTENT="la" HEIGHT="42" HPOS="922" ID="PAG_00000213_ST000009" STYLEREFS="TXT_5" VPOS="401" WC="1" WIDTH="39"/>
            <SP HPOS="961" ID="PAG_00000213_SP000008" VPOS="404" WIDTH="22"/>
            <String CONTENT="Fr." HEIGHT="39" HPOS="983" ID="PAG_00000213_ST000010" STYLEREFS="TXT_5" VPOS="404" WC="1" WIDTH="65"/>
            <SP HPOS="1048" ID="PAG_00000213_SP000009" VPOS="402" WIDTH="24"/>
            <String CONTENT="endroits" HEIGHT="42" HPOS="1072" ID="PAG_00000213_ST000011" STYLEREFS="TXT_5" VPOS="402" WC="1" WIDTH="180"/>
            <SP HPOS="1252" ID="PAG_00000213_SP000010" VPOS="404" WIDTH="18"/>
            <String CONTENT="ari-" HEIGHT="39" HPOS="1270" ID="PAG_00000213_ST000012" STYLEREFS="TXT_5" SUBS_CONTENT="arides," SUBS_TYPE="HypPart1" VPOS="404" WC="1" WIDTH="83"/>
            <HYP CONTENT="-" HPOS="1353" VPOS="443" WIDTH="30"/>
          </TextLine>
          <TextLine HEIGHT="53" HPOS="122" ID="PAG_00000213_TL000003" STYLEREFS="TXT_5" VPOS="472" WIDTH="1225">
            <String CONTENT="des," HEIGHT="49" HPOS="122" ID="PAG_00000213_ST000013" STYLEREFS="TXT_5" SUBS_CONTENT="arides," SUBS_TYPE="HypPart2" VPOS="472" WC="1" WIDTH="86"/>
            <SP HPOS="208" ID="PAG_00000213_SP000011" VPOS="486" WIDTH="35"/>
            <String CONTENT="se" HEIGHT="27" HPOS="243" ID="PAG_00000213_ST000014" STYLEREFS="TXT_5" VPOS="486" WC="1" WIDTH="42"/>
            <SP HPOS="285" ID="PAG_00000213_SP000012" VPOS="485" WIDTH="24"/>
            <String CONTENT="pose" HEIGHT="40" HPOS="309" ID="PAG_00000213_ST000015" STYLEREFS="TXT_5" VPOS="485" WC="1" WIDTH="94"/>
            <SP HPOS="403" ID="PAG_00000213_SP000013" VPOS="475" WIDTH="27"/>
            <String CONTENT="volontiers" HEIGHT="41" HPOS="430" ID="PAG_00000213_ST000016" STYLEREFS="TXT_5" VPOS="475" WC="1" WIDTH="222"/>
            <SP HPOS="652" ID="PAG_00000213_SP000014" VPOS="488" WIDTH="32"/>
            <String CONTENT="sur" HEIGHT="28" HPOS="684" ID="PAG_00000213_ST000017" STYLEREFS="TXT_5" VPOS="488" WC="1" WIDTH="70"/>
            <SP HPOS="754" ID="PAG_00000213_SP000015" VPOS="477" WIDTH="36"/>
            <String CONTENT="la" HEIGHT="39" HPOS="790" ID="PAG_00000213_ST000018" STYLEREFS="TXT_5" VPOS="477" WC="1" WIDTH="38"/>
            <SP HPOS="828" ID="PAG_00000213_SP000016" VPOS="480" WIDTH="34"/>
            <String CONTENT="terre," HEIGHT="44" HPOS="862" ID="PAG_00000213_ST000019" STYLEREFS="TXT_5" VPOS="480" WC="1" WIDTH="116"/>
            <SP HPOS="978" ID="PAG_00000213_SP000017" VPOS="476" WIDTH="36"/>
            <String CONTENT="Fontainebleau." HEIGHT="41" HPOS="1014" ID="PAG_00000213_ST000020" STYLEREFS="TXT_5" TAGREFS="TAG_importantEN" VPOS="476" WC="0.97" WIDTH="333"/>
          </TextLine>
          <TextLine HEIGHT="53" HPOS="122" ID="PAG_00000213_TL000004" STYLEREFS="TXT_5" VPOS="544" WIDTH="753">
            <String CONTENT="Lardy," HEIGHT="53" HPOS="122" ID="PAG_00000213_ST000021" STYLEREFS="TXT_5" TAGREFS="TAG_importantEN" VPOS="544" WC="1" WIDTH="146"/>
            <SP HPOS="268" ID="PAG_00000213_SP000018" VPOS="547" WIDTH="22"/>
            <String CONTENT="La" HEIGHT="38" HPOS="290" ID="PAG_00000213_ST000022" STYLEREFS="TXT_5" TAGREFS="TAG_importantEN" VPOS="547" WC="1" WIDTH="55"/>
            <SP HPOS="345" ID="PAG_00000213_SP000019" VPOS="547" WIDTH="19"/>
            <String CONTENT="Varenne," HEIGHT="48" HPOS="364" ID="PAG_00000213_ST000023" STYLEREFS="TXT_5" TAGREFS="TAG_important" VPOS="547" WC="1" WIDTH="198"/>
            <SP HPOS="562" ID="PAG_00000213_SP000020" VPOS="551" WIDTH="19"/>
            <String CONTENT="etc." HEIGHT="37" HPOS="581" ID="PAG_00000213_ST000024" STYLEREFS="TXT_5" VPOS="551" WC="1" WIDTH="76"/>
            <SP HPOS="657" ID="PAG_00000213_SP000021" VPOS="549" WIDTH="26"/>
            <String CONTENT="En" HEIGHT="39" HPOS="683" ID="PAG_00000213_ST000025" STYLEREFS="TXT_5" VPOS="549" WC="1" WIDTH="60"/>
            <SP HPOS="743" ID="PAG_00000213_SP000022" VPOS="552" WIDTH="20"/>
            <String CONTENT="août." HEIGHT="36" HPOS="763" ID="PAG_00000213_ST000026" STYLEREFS="TXT_5" VPOS="552" WC="1" WIDTH="112"/>
          </TextLine>
        </TextBlock>
        <TextBlock HEIGHT="52" HPOS="120" ID="PAG_00000213_TB000003" LANG="fr" STYLEREFS="TXT_5" VPOS="624" WIDTH="376">
          <TextLine HEIGHT="52" HPOS="120" ID="PAG_00000213_TL000005" STYLEREFS="TXT_5" VPOS="624" WIDTH="376">
            <String CONTENT="Var." HEIGHT="43" HPOS="120" ID="PAG_00000213_ST000027" STYLEREFS="TXT_5" VPOS="624" WC="1" WIDTH="93"/>
            <SP HPOS="213" ID="PAG_00000213_SP000023" VPOS="627" WIDTH="22"/>
            <String CONTENT="Allionia," HEIGHT="49" HPOS="235" ID="PAG_00000213_ST000028" STYLEREFS="TXT_5" VPOS="627" WC="1" WIDTH="196"/>
            <SP HPOS="431" ID="PAG_00000213_SP000024" VPOS="630" WIDTH="22"/>
            <String CONTENT="F." HEIGHT="38" HPOS="453" ID="PAG_00000213_ST000029" STYLEREFS="TXT_5" VPOS="630" WC="1" WIDTH="43"/>
          </TextLine>
        </TextBlock>
        <TextBlock HEIGHT="340" HPOS="114" ID="PAG_00000213_TB000004" LANG="fr" STYLEREFS="TXT_5" VPOS="709" WIDTH="1261">
          <TextLine HEIGHT="57" HPOS="174" ID="PAG_00000213_TL000006" STYLEREFS="TXT_5" VPOS="709" WIDTH="1175">
            <String CONTENT="57&quot;'." HEIGHT="41" HPOS="174" ID="PAG_00000213_ST000030" STYLEREFS="TXT_5" VPOS="709" WC="0.98" WIDTH="93"/>
            <SP HPOS="267" ID="PAG_00000213_SP000025" VPOS="711" WIDTH="33"/>
            <String CONTENT="Plus" HEIGHT="40" HPOS="300" ID="PAG_00000213_ST000031" STYLEREFS="TXT_5" VPOS="711" WC="0.99" WIDTH="94"/>
            <SP HPOS="394" ID="PAG_00000213_SP000026" VPOS="711" WIDTH="20"/>
            <String CONTENT="grand," HEIGHT="51" HPOS="414" ID="PAG_00000213_ST000032" STYLEREFS="TXT_5" VPOS="711" WC="1" WIDTH="141"/>
            <SP HPOS="555" ID="PAG_00000213_SP000027" VPOS="713" WIDTH="43"/>
            <String CONTENT="plus" HEIGHT="53" HPOS="598" ID="PAG_00000213_ST000033" STYLEREFS="TXT_5" VPOS="713" WC="1" WIDTH="88"/>
            <SP HPOS="686" ID="PAG_00000213_SP000028" VPOS="714" WIDTH="32"/>
            <String CONTENT="foncé" HEIGHT="41" HPOS="718" ID="PAG_00000213_ST000034" STYLEREFS="TXT_5" VPOS="714" WC="1" WIDTH="116"/>
            <SP HPOS="834" ID="PAG_00000213_SP000029" VPOS="726" WIDTH="34"/>
            <String CONTENT="en" HEIGHT="29" HPOS="868" ID="PAG_00000213_ST000035" STYLEREFS="TXT_5" VPOS="726" WC="1" WIDTH="49"/>
            <SP HPOS="917" ID="PAG_00000213_SP000030" VPOS="714" WIDTH="34"/>
            <String CONTENT="dessus," HEIGHT="48" HPOS="951" ID="PAG_00000213_ST000036" STYLEREFS="TXT_5" VPOS="714" WC="1" WIDTH="158"/>
            <SP HPOS="1109" ID="PAG_00000213_SP000031" VPOS="713" WIDTH="36"/>
            <String CONTENT="d'un" HEIGHT="42" HPOS="1145" ID="PAG_00000213_ST000037" STYLEREFS="TXT_5" VPOS="713" WC="1" WIDTH="93"/>
            <SP HPOS="1238" ID="PAG_00000213_SP000032" VPOS="714" WIDTH="29"/>
            <String CONTENT="gris" HEIGHT="51" HPOS="1267" ID="PAG_00000213_ST000038" STYLEREFS="TXT_5" VPOS="714" WC="1" WIDTH="82"/>
          </TextLine>
          <TextLine HEIGHT="58" HPOS="120" ID="PAG_00000213_TL000007" STYLEREFS="TXT_5" VPOS="782" WIDTH="1255">
            <String CONTENT="moins" HEIGHT="40" HPOS="120" ID="PAG_00000213_ST000039" STYLEREFS="TXT_5" VPOS="782" WC="1" WIDTH="131"/>
            <SP HPOS="251" ID="PAG_00000213_SP000033" VPOS="783" WIDTH="15"/>
            <String CONTENT="jaunâtre" HEIGHT="51" HPOS="266" ID="PAG_00000213_ST000040" STYLEREFS="TXT_5" VPOS="783" WC="0.99" WIDTH="190"/>
            <SP HPOS="456" ID="PAG_00000213_SP000034" VPOS="795" WIDTH="19"/>
            <String CONTENT="en" HEIGHT="29" HPOS="475" ID="PAG_00000213_ST000041" STYLEREFS="TXT_5" VPOS="795" WC="1" WIDTH="50"/>
            <SP HPOS="525" ID="PAG_00000213_SP000035" VPOS="783" WIDTH="20"/>
            <String CONTENT="dessous," HEIGHT="51" HPOS="545" ID="PAG_00000213_ST000042" STYLEREFS="TXT_5" VPOS="783" WC="1" WIDTH="185"/>
            <SP HPOS="730" ID="PAG_00000213_SP000036" VPOS="797" WIDTH="22"/>
            <String CONTENT="avec" HEIGHT="30" HPOS="752" ID="PAG_00000213_ST000043" STYLEREFS="TXT_5" VPOS="797" WC="1" WIDTH="95"/>
            <SP HPOS="847" ID="PAG_00000213_SP000037" VPOS="787" WIDTH="23"/>
            <String CONTENT="le" HEIGHT="40" HPOS="870" ID="PAG_00000213_ST000044" STYLEREFS="TXT_5" VPOS="787" WC="1" WIDTH="35"/>
            <SP HPOS="905" ID="PAG_00000213_SP000038" VPOS="785" WIDTH="41"/>
            <String CONTENT="2e" HEIGHT="40" HPOS="946" ID="PAG_00000213_ST000045" STYLEREFS="TXT_5" VPOS="785" WC="1" WIDTH="38"/>
            <SP HPOS="984" ID="PAG_00000213_SP000039" VPOS="787" WIDTH="35"/>
            <String CONTENT="œil" HEIGHT="40" HPOS="1019" ID="PAG_00000213_ST000046" STYLEREFS="TXT_5" VPOS="787" WC="1" WIDTH="67"/>
            <SP HPOS="1086" ID="PAG_00000213_SP000040" VPOS="786" WIDTH="31"/>
            <String CONTENT="des" HEIGHT="41" HPOS="1117" ID="PAG_00000213_ST000047" STYLEREFS="TXT_5" VPOS="786" WC="1" WIDTH="70"/>
            <SP HPOS="1187" ID="PAG_00000213_SP000041" VPOS="788" WIDTH="34"/>
            <String CONTENT="supé-" HEIGHT="52" HPOS="1221" ID="PAG_00000213_ST000048" STYLEREFS="TXT_5" SUBS_CONTENT="supérieures" SUBS_TYPE="HypPart1" VPOS="788" WC="1" WIDTH="124"/>
            <HYP CONTENT="-" HPOS="1345" VPOS="840" WIDTH="30"/>
          </TextLine>
          <TextLine HEIGHT="58" HPOS="118" ID="PAG_00000213_TL000008" STYLEREFS="TXT_5" VPOS="853" WIDTH="1255">
            <String CONTENT="rieures" HEIGHT="41" HPOS="118" ID="PAG_00000213_ST000049" STYLEREFS="TXT_5" SUBS_CONTENT="supérieures" SUBS_TYPE="HypPart2" VPOS="853" WC="1" WIDTH="151"/>
            <SP HPOS="269" ID="PAG_00000213_SP000042" VPOS="855" WIDTH="20"/>
            <String CONTENT="ordinairement" HEIGHT="42" HPOS="289" ID="PAG_00000213_ST000050" STYLEREFS="TXT_5" VPOS="855" WC="1" WIDTH="317"/>
            <SP HPOS="606" ID="PAG_00000213_SP000043" VPOS="869" WIDTH="20"/>
            <String CONTENT="non" HEIGHT="29" HPOS="626" ID="PAG_00000213_ST000051" STYLEREFS="TXT_5" VPOS="869" WC="1" WIDTH="83"/>
            <SP HPOS="709" ID="PAG_00000213_SP000044" VPOS="857" WIDTH="22"/>
            <String CONTENT="cerclé" HEIGHT="42" HPOS="731" ID="PAG_00000213_ST000052" STYLEREFS="TXT_5" VPOS="857" WC="1" WIDTH="128"/>
            <SP HPOS="859" ID="PAG_00000213_SP000045" VPOS="858" WIDTH="29"/>
            <String CONTENT="de" HEIGHT="41" HPOS="888" ID="PAG_00000213_ST000053" STYLEREFS="TXT_5" VPOS="858" WC="1" WIDTH="49"/>
            <SP HPOS="937" ID="PAG_00000213_SP000046" VPOS="860" WIDTH="31"/>
            <String CONTENT="jaune." HEIGHT="51" HPOS="968" ID="PAG_00000213_ST000054" STYLEREFS="TXT_5" VPOS="860" WC="1" WIDTH="138"/>
            <SP HPOS="1106" ID="PAG_00000213_SP000047" VPOS="857" WIDTH="39"/>
            <String CONTENT="Inférieu-" HEIGHT="42" HPOS="1145" ID="PAG_00000213_ST000055" STYLEREFS="TXT_5" SUBS_CONTENT="Inférieures" SUBS_TYPE="HypPart1" VPOS="857" WC="1" WIDTH="198"/>
            <HYP CONTENT="-" HPOS="1343" VPOS="899" WIDTH="30"/>
          </TextLine>
          <TextLine HEIGHT="56" HPOS="114" ID="PAG_00000213_TL000009" STYLEREFS="TXT_5" VPOS="925" WIDTH="1233">
            <String CONTENT="res" HEIGHT="29" HPOS="114" ID="PAG_00000213_ST000056" STYLEREFS="TXT_5" SUBS_CONTENT="Inférieures" SUBS_TYPE="HypPart2" VPOS="936" WC="1" WIDTH="63"/>
            <SP HPOS="177" ID="PAG_00000213_SP000048" VPOS="925" WIDTH="20"/>
            <String CONTENT="très-foncées" HEIGHT="43" HPOS="197" ID="PAG_00000213_ST000057" STYLEREFS="TXT_5" VPOS="925" WC="0.98" WIDTH="260"/>
            <SP HPOS="457" ID="PAG_00000213_SP000049" VPOS="939" WIDTH="20"/>
            <String CONTENT="en" HEIGHT="29" HPOS="477" ID="PAG_00000213_ST000058" STYLEREFS="TXT_5" VPOS="939" WC="1" WIDTH="49"/>
            <SP HPOS="526" ID="PAG_00000213_SP000050" VPOS="928" WIDTH="23"/>
            <String CONTENT="dessous," HEIGHT="51" HPOS="549" ID="PAG_00000213_ST000059" STYLEREFS="TXT_5" VPOS="928" WC="1" WIDTH="179"/>
            <SP HPOS="728" ID="PAG_00000213_SP000051" VPOS="941" WIDTH="27"/>
            <String CONTENT="avec" HEIGHT="29" HPOS="755" ID="PAG_00000213_ST000060" STYLEREFS="TXT_5" VPOS="941" WC="1" WIDTH="95"/>
            <SP HPOS="850" ID="PAG_00000213_SP000052" VPOS="931" WIDTH="21"/>
            <String CONTENT="la" HEIGHT="39" HPOS="871" ID="PAG_00000213_ST000061" STYLEREFS="TXT_5" VPOS="931" WC="1" WIDTH="37"/>
            <SP HPOS="908" ID="PAG_00000213_SP000053" VPOS="931" WIDTH="21"/>
            <String CONTENT="ligne" HEIGHT="50" HPOS="929" ID="PAG_00000213_ST000062" STYLEREFS="TXT_5" VPOS="931" WC="1" WIDTH="107"/>
            <SP HPOS="1036" ID="PAG_00000213_SP000054" VPOS="930" WIDTH="12"/>
            <String CONTENT="basilaire" HEIGHT="41" HPOS="1048" ID="PAG_00000213_ST000063" STYLEREFS="TXT_5" VPOS="930" WC="1" WIDTH="189"/>
            <SP HPOS="1237" ID="PAG_00000213_SP000055" VPOS="930" WIDTH="15"/>
            <String CONTENT="bien" HEIGHT="40" HPOS="1252" ID="PAG_00000213_ST000064" STYLEREFS="TXT_5" VPOS="930" WC="1" WIDTH="95"/>
          </TextLine>
          <TextLine HEIGHT="51" HPOS="115" ID="PAG_00000213_TL000010" STYLEREFS="TXT_5" VPOS="998" WIDTH="203">
            <String CONTENT="marquée." HEIGHT="51" HPOS="115" ID="PAG_00000213_ST000065" STYLEREFS="TXT_5" VPOS="998" WC="0.96" WIDTH="203"/>
          </TextLine>
        </TextBlock>
        <TextBlock HEIGHT="56" HPOS="168" ID="PAG_00000213_TB000005" LANG="fr" STYLEREFS="TXT_5" VPOS="1071" WIDTH="674">
          <TextLine HEIGHT="56" HPOS="168" ID="PAG_00000213_TL000011" STYLEREFS="TXT_5" VPOS="1071" WIDTH="674">
            <String CONTENT="F." HEIGHT="38" HPOS="168" ID="PAG_00000213_ST000066" STYLEREFS="TXT_5" VPOS="1073" WC="1" WIDTH="43"/>
            <SP HPOS="211" ID="PAG_00000213_SP000056" VPOS="1073" WIDTH="24"/>
            <String CONTENT="M." HEIGHT="38" HPOS="235" ID="PAG_00000213_ST000067" STYLEREFS="TXT_5" VPOS="1073" WC="1" WIDTH="50"/>
            <SP HPOS="285" ID="PAG_00000213_SP000057" VPOS="1071" WIDTH="27"/>
            <String CONTENT="dép." HEIGHT="54" HPOS="312" ID="PAG_00000213_ST000068" STYLEREFS="TXT_5" VPOS="1071" WC="1" WIDTH="86"/>
            <SP HPOS="398" ID="PAG_00000213_SP000058" VPOS="1072" WIDTH="26"/>
            <String CONTENT="du" HEIGHT="42" HPOS="424" ID="PAG_00000213_ST000069" STYLEREFS="TXT_5" VPOS="1072" WC="1" WIDTH="54"/>
            <SP HPOS="478" ID="PAG_00000213_SP000059" VPOS="1075" WIDTH="23"/>
            <String CONTENT="Var," HEIGHT="47" HPOS="501" ID="PAG_00000213_ST000070" STYLEREFS="TXT_5" TAGREFS="TAG_importantEN" VPOS="1075" WC="1" WIDTH="93"/>
            <SP HPOS="594" ID="PAG_00000213_SP000060" VPOS="1075" WIDTH="21"/>
            <String CONTENT="En" HEIGHT="39" HPOS="615" ID="PAG_00000213_ST000071" STYLEREFS="TXT_5" VPOS="1075" WC="1" WIDTH="61"/>
            <SP HPOS="676" ID="PAG_00000213_SP000061" VPOS="1075" WIDTH="15"/>
            <String CONTENT="juillet." HEIGHT="52" HPOS="691" ID="PAG_00000213_ST000072" STYLEREFS="TXT_5" VPOS="1075" WC="1" WIDTH="151"/>
          </TextLine>
        </TextBlock>
        <TextBlock HEIGHT="49" HPOS="114" ID="PAG_00000213_TB000006" LANG="fr" STYLEREFS="TXT_5" VPOS="1162" WIDTH="324">
          <TextLine HEIGHT="49" HPOS="114" ID="PAG_00000213_TL000012" STYLEREFS="TXT_5" VPOS="1162" WIDTH="324">
            <String CONTENT="FIDIA." HEIGHT="41" HPOS="114" ID="PAG_00000213_ST000073" STYLEREFS="TXT_4" VPOS="1162" WC="0.84" WIDTH="129"/>
            <SP HPOS="243" ID="PAG_00000213_SP000062" VPOS="1164" WIDTH="24"/>
            <String CONTENT="L." HEIGHT="38" HPOS="267" ID="PAG_00000213_ST000074" STYLEREFS="TXT_5" VPOS="1164" WC="1" WIDTH="44"/>
            <SP HPOS="311" ID="PAG_00000213_SP000063" VPOS="1162" WIDTH="26"/>
            <String CONTENT="God," HEIGHT="49" HPOS="337" ID="PAG_00000213_ST000075" STYLEREFS="TXT_5" VPOS="1162" WC="1" WIDTH="101"/>
          </TextLine>
        </TextBlock>
        <TextBlock HEIGHT="1054" HPOS="103" ID="PAG_00000213_TB000007" LANG="fr" STYLEREFS="TXT_5" VPOS="1251" WIDTH="1271">
          <TextLine HEIGHT="55" HPOS="166" ID="PAG_00000213_TL000013" STYLEREFS="TXT_5" VPOS="1251" WIDTH="1179">
            <String CONTENT="58m." HEIGHT="37" HPOS="166" ID="PAG_00000213_ST000076" STYLEREFS="TXT_5" VPOS="1253" WC="0.82" WIDTH="92"/>
            <SP HPOS="258" ID="PAG_00000213_SP000064" VPOS="1251" WIDTH="34"/>
            <String CONTENT="Ailes" HEIGHT="40" HPOS="292" ID="PAG_00000213_ST000077" STYLEREFS="TXT_5" VPOS="1251" WC="1" WIDTH="108"/>
            <SP HPOS="400" ID="PAG_00000213_SP000065" VPOS="1251" WIDTH="21"/>
            <String CONTENT="dentées," HEIGHT="51" HPOS="421" ID="PAG_00000213_ST000078" STYLEREFS="TXT_5" VPOS="1251" WC="1" WIDTH="184"/>
            <SP HPOS="605" ID="PAG_00000213_SP000066" VPOS="1252" WIDTH="32"/>
            <String CONTENT="d'un" HEIGHT="41" HPOS="637" ID="PAG_00000213_ST000079" STYLEREFS="TXT_5" VPOS="1252" WC="1" WIDTH="96"/>
            <SP HPOS="733" ID="PAG_00000213_SP000067" VPOS="1252" WIDTH="21"/>
            <String CONTENT="brun" HEIGHT="41" HPOS="754" ID="PAG_00000213_ST000080" STYLEREFS="TXT_5" VPOS="1252" WC="1" WIDTH="103"/>
            <SP HPOS="857" ID="PAG_00000213_SP000068" VPOS="1254" WIDTH="30"/>
            <String CONTENT="grisâtre," HEIGHT="50" HPOS="887" ID="PAG_00000213_ST000081" STYLEREFS="TXT_5" VPOS="1254" WC="1" WIDTH="183"/>
            <SP HPOS="1070" ID="PAG_00000213_SP000069" VPOS="1253" WIDTH="19"/>
            <String CONTENT="supérieures" HEIGHT="53" HPOS="1089" ID="PAG_00000213_ST000082" STYLEREFS="TXT_5" VPOS="1253" WC="1" WIDTH="256"/>
          </TextLine>
          <TextLine HEIGHT="56" HPOS="111" ID="PAG_00000213_TL000014" STYLEREFS="TXT_5" VPOS="1322" WIDTH="1236">
            <String CONTENT="ayant" HEIGHT="46" HPOS="111" ID="PAG_00000213_ST000083" STYLEREFS="TXT_5" VPOS="1327" WC="1" WIDTH="122"/>
            <SP HPOS="233" ID="PAG_00000213_SP000070" VPOS="1322" WIDTH="19"/>
            <String CONTENT="la" HEIGHT="40" HPOS="252" ID="PAG_00000213_ST000084" STYLEREFS="TXT_5" VPOS="1322" WC="1" WIDTH="38"/>
            <SP HPOS="290" ID="PAG_00000213_SP000071" VPOS="1323" WIDTH="20"/>
            <String CONTENT="frange" HEIGHT="51" HPOS="310" ID="PAG_00000213_ST000085" STYLEREFS="TXT_5" VPOS="1323" WC="1" WIDTH="138"/>
            <SP HPOS="448" ID="PAG_00000213_SP000072" VPOS="1324" WIDTH="18"/>
            <String CONTENT="très-blanche," HEIGHT="46" HPOS="466" ID="PAG_00000213_ST000086" STYLEREFS="TXT_5" VPOS="1324" WC="1" WIDTH="294"/>
            <SP HPOS="760" ID="PAG_00000213_SP000073" VPOS="1325" WIDTH="24"/>
            <String CONTENT="entrecoupée" HEIGHT="53" HPOS="784" ID="PAG_00000213_ST000087" STYLEREFS="TXT_5" VPOS="1325" WC="1" WIDTH="264"/>
            <SP HPOS="1048" ID="PAG_00000213_SP000074" VPOS="1325" WIDTH="36"/>
            <String CONTENT="de" HEIGHT="41" HPOS="1084" ID="PAG_00000213_ST000088" STYLEREFS="TXT_5" VPOS="1325" WC="1" WIDTH="49"/>
            <SP HPOS="1133" ID="PAG_00000213_SP000075" VPOS="1325" WIDTH="32"/>
            <String CONTENT="brun," HEIGHT="48" HPOS="1165" ID="PAG_00000213_ST000089" STYLEREFS="TXT_5" VPOS="1325" WC="1" WIDTH="121"/>
            <SP HPOS="1286" ID="PAG_00000213_SP000076" VPOS="1329" WIDTH="21"/>
            <String CONTENT="et" HEIGHT="36" HPOS="1307" ID="PAG_00000213_ST000090" STYLEREFS="TXT_5" VPOS="1329" WC="1" WIDTH="40"/>
          </TextLine>
          <TextLine HEIGHT="55" HPOS="109" ID="PAG_00000213_TL000015" STYLEREFS="TXT_5" VPOS="1394" WIDTH="1237">
            <String CONTENT="une" HEIGHT="29" HPOS="109" ID="PAG_00000213_ST000091" STYLEREFS="TXT_5" VPOS="1405" WC="1" WIDTH="82"/>
            <SP HPOS="191" ID="PAG_00000213_SP000077" VPOS="1394" WIDTH="32"/>
            <String CONTENT="bande" HEIGHT="41" HPOS="223" ID="PAG_00000213_ST000092" STYLEREFS="TXT_5" VPOS="1394" WC="1" WIDTH="132"/>
            <SP HPOS="355" ID="PAG_00000213_SP000078" VPOS="1397" WIDTH="19"/>
            <String CONTENT="ante-terminale" HEIGHT="40" HPOS="374" ID="PAG_00000213_ST000093" STYLEREFS="TXT_5" VPOS="1397" WC="1" WIDTH="328"/>
            <SP HPOS="702" ID="PAG_00000213_SP000079" VPOS="1408" WIDTH="31"/>
            <String CONTENT="peu" HEIGHT="41" HPOS="733" ID="PAG_00000213_ST000094" STYLEREFS="TXT_5" VPOS="1408" WC="1" WIDTH="76"/>
            <SP HPOS="809" ID="PAG_00000213_SP000080" VPOS="1398" WIDTH="41"/>
            <String CONTENT="distincte," HEIGHT="49" HPOS="850" ID="PAG_00000213_ST000095" STYLEREFS="TXT_5" VPOS="1398" WC="1" WIDTH="201"/>
            <SP HPOS="1051" ID="PAG_00000213_SP000081" VPOS="1397" WIDTH="22"/>
            <String CONTENT="marquée" HEIGHT="51" HPOS="1073" ID="PAG_00000213_ST000096" STYLEREFS="TXT_5" VPOS="1397" WC="1" WIDTH="191"/>
            <SP HPOS="1264" ID="PAG_00000213_SP000082" VPOS="1397" WIDTH="33"/>
            <String CONTENT="de" HEIGHT="40" HPOS="1297" ID="PAG_00000213_ST000097" STYLEREFS="TXT_5" VPOS="1397" WC="1" WIDTH="49"/>
          </TextLine>
          <TextLine HEIGHT="53" HPOS="109" ID="PAG_00000213_TL000016" STYLEREFS="TXT_5" VPOS="1465" WIDTH="1265">
            <String CONTENT="taches" HEIGHT="41" HPOS="109" ID="PAG_00000213_ST000098" STYLEREFS="TXT_5" VPOS="1465" WC="1" WIDTH="138"/>
            <SP HPOS="247" ID="PAG_00000213_SP000083" VPOS="1465" WIDTH="14"/>
            <String CONTENT="plus" HEIGHT="53" HPOS="261" ID="PAG_00000213_ST000099" STYLEREFS="TXT_5" VPOS="1465" WC="1" WIDTH="91"/>
            <SP HPOS="352" ID="PAG_00000213_SP000084" VPOS="1467" WIDTH="16"/>
            <String CONTENT="claires" HEIGHT="40" HPOS="368" ID="PAG_00000213_ST000100" STYLEREFS="TXT_5" VPOS="1467" WC="1" WIDTH="141"/>
            <SP HPOS="509" ID="PAG_00000213_SP000085" VPOS="1467" WIDTH="15"/>
            <String CONTENT="du" HEIGHT="40" HPOS="524" ID="PAG_00000213_ST000101" STYLEREFS="TXT_5" VPOS="1467" WC="1" WIDTH="54"/>
            <SP HPOS="578" ID="PAG_00000213_SP000086" VPOS="1468" WIDTH="19"/>
            <String CONTENT="côté" HEIGHT="41" HPOS="597" ID="PAG_00000213_ST000102" STYLEREFS="TXT_5" VPOS="1468" WC="0.89" WIDTH="86"/>
            <SP HPOS="683" ID="PAG_00000213_SP000087" VPOS="1469" WIDTH="17"/>
            <String CONTENT="interne" HEIGHT="40" HPOS="700" ID="PAG_00000213_ST000103" STYLEREFS="TXT_5" VPOS="1469" WC="1" WIDTH="157"/>
            <SP HPOS="857" ID="PAG_00000213_SP000088" VPOS="1473" WIDTH="20"/>
            <String CONTENT="et" HEIGHT="36" HPOS="877" ID="PAG_00000213_ST000104" STYLEREFS="TXT_5" VPOS="1473" WC="1" WIDTH="39"/>
            <SP HPOS="916" ID="PAG_00000213_SP000089" VPOS="1469" WIDTH="18"/>
            <String CONTENT="bordée" HEIGHT="40" HPOS="934" ID="PAG_00000213_ST000105" STYLEREFS="TXT_5" VPOS="1469" WC="1" WIDTH="148"/>
            <SP HPOS="1082" ID="PAG_00000213_SP000090" VPOS="1468" WIDTH="20"/>
            <String CONTENT="extérieure-" HEIGHT="42" HPOS="1102" ID="PAG_00000213_ST000106" STYLEREFS="TXT_5" SUBS_CONTENT="extérieurement" SUBS_TYPE="HypPart1" VPOS="1468" WC="1" WIDTH="242"/>
            <HYP CONTENT="-" HPOS="1344" VPOS="1510" WIDTH="30"/>
          </TextLine>
          <TextLine HEIGHT="56" HPOS="109" ID="PAG_00000213_TL000017" STYLEREFS="TXT_5" VPOS="1537" WIDTH="1235">
            <String CONTENT="ment" HEIGHT="37" HPOS="109" ID="PAG_00000213_ST000107" STYLEREFS="TXT_5" SUBS_CONTENT="extérieurement" SUBS_TYPE="HypPart2" VPOS="1541" WC="1" WIDTH="109"/>
            <SP HPOS="218" ID="PAG_00000213_SP000091" VPOS="1537" WIDTH="23"/>
            <String CONTENT="d'une" HEIGHT="42" HPOS="241" ID="PAG_00000213_ST000108" STYLEREFS="TXT_5" VPOS="1537" WC="1" WIDTH="120"/>
            <SP HPOS="361" ID="PAG_00000213_SP000092" VPOS="1538" WIDTH="20"/>
            <String CONTENT="ligne" HEIGHT="52" HPOS="381" ID="PAG_00000213_ST000109" STYLEREFS="TXT_5" VPOS="1538" WC="1" WIDTH="108"/>
            <SP HPOS="489" ID="PAG_00000213_SP000093" VPOS="1540" WIDTH="20"/>
            <String CONTENT="onduleuse" HEIGHT="42" HPOS="509" ID="PAG_00000213_ST000110" STYLEREFS="TXT_5" VPOS="1540" WC="1" WIDTH="224"/>
            <SP HPOS="733" ID="PAG_00000213_SP000094" VPOS="1541" WIDTH="22"/>
            <String CONTENT="noirâtre" HEIGHT="40" HPOS="755" ID="PAG_00000213_ST000111" STYLEREFS="TXT_5" VPOS="1541" WC="1" WIDTH="180"/>
            <SP HPOS="935" ID="PAG_00000213_SP000095" VPOS="1555" WIDTH="19"/>
            <String CONTENT=";" HEIGHT="38" HPOS="954" ID="PAG_00000213_ST000112" STYLEREFS="TXT_5" VPOS="1555" WC="1" WIDTH="9"/>
            <SP HPOS="963" ID="PAG_00000213_SP000096" VPOS="1545" WIDTH="24"/>
            <String CONTENT="cette" HEIGHT="37" HPOS="987" ID="PAG_00000213_ST000113" STYLEREFS="TXT_5" VPOS="1545" WC="1" WIDTH="104"/>
            <SP HPOS="1091" ID="PAG_00000213_SP000097" VPOS="1541" WIDTH="30"/>
            <String CONTENT="bande" HEIGHT="41" HPOS="1121" ID="PAG_00000213_ST000114" STYLEREFS="TXT_5" VPOS="1541" WC="1" WIDTH="132"/>
            <SP HPOS="1253" ID="PAG_00000213_SP000098" VPOS="1545" WIDTH="30"/>
            <String CONTENT="est" HEIGHT="37" HPOS="1283" ID="PAG_00000213_ST000115" STYLEREFS="TXT_5" VPOS="1545" WC="1" WIDTH="61"/>
          </TextLine>
          <TextLine HEIGHT="54" HPOS="108" ID="PAG_00000213_TL000018" STYLEREFS="TXT_5" VPOS="1611" WIDTH="1263">
            <String CONTENT="en" HEIGHT="28" HPOS="108" ID="PAG_00000213_ST000116" STYLEREFS="TXT_5" VPOS="1621" WC="1" WIDTH="50"/>
            <SP HPOS="158" ID="PAG_00000213_SP000099" VPOS="1615" WIDTH="19"/>
            <String CONTENT="outre" HEIGHT="36" HPOS="177" ID="PAG_00000213_ST000117" STYLEREFS="TXT_5" VPOS="1615" WC="1" WIDTH="114"/>
            <SP HPOS="291" ID="PAG_00000213_SP000100" VPOS="1611" WIDTH="18"/>
            <String CONTENT="ornée" HEIGHT="40" HPOS="309" ID="PAG_00000213_ST000118" STYLEREFS="TXT_5" VPOS="1611" WC="1" WIDTH="121"/>
            <SP HPOS="430" ID="PAG_00000213_SP000101" VPOS="1611" WIDTH="22"/>
            <String CONTENT="de" HEIGHT="41" HPOS="452" ID="PAG_00000213_ST000119" STYLEREFS="TXT_5" VPOS="1611" WC="1" WIDTH="48"/>
            <SP HPOS="500" ID="PAG_00000213_SP000102" VPOS="1612" WIDTH="18"/>
            <String CONTENT="deux" HEIGHT="40" HPOS="518" ID="PAG_00000213_ST000120" STYLEREFS="TXT_5" VPOS="1612" WC="1" WIDTH="103"/>
            <SP HPOS="621" ID="PAG_00000213_SP000103" VPOS="1624" WIDTH="23"/>
            <String CONTENT="gros" HEIGHT="39" HPOS="644" ID="PAG_00000213_ST000121" STYLEREFS="TXT_5" VPOS="1624" WC="1" WIDTH="94"/>
            <SP HPOS="738" ID="PAG_00000213_SP000104" VPOS="1613" WIDTH="19"/>
            <String CONTENT="points" HEIGHT="52" HPOS="757" ID="PAG_00000213_ST000122" STYLEREFS="TXT_5" VPOS="1613" WC="1" WIDTH="137"/>
            <SP HPOS="894" ID="PAG_00000213_SP000105" VPOS="1614" WIDTH="22"/>
            <String CONTENT="noirs," HEIGHT="47" HPOS="916" ID="PAG_00000213_ST000123" STYLEREFS="TXT_5" VPOS="1614" WC="1" WIDTH="128"/>
            <SP HPOS="1044" ID="PAG_00000213_SP000106" VPOS="1624" WIDTH="29"/>
            <String CONTENT="vagues," HEIGHT="39" HPOS="1073" ID="PAG_00000213_ST000124" STYLEREFS="TXT_5" VPOS="1624" WC="1" WIDTH="167"/>
            <SP HPOS="1240" ID="PAG_00000213_SP000107" VPOS="1613" WIDTH="22"/>
            <String CONTENT="fai-" HEIGHT="39" HPOS="1262" ID="PAG_00000213_ST000125" STYLEREFS="TXT_5" SUBS_CONTENT="faiblement" SUBS_TYPE="HypPart1" VPOS="1613" WC="1" WIDTH="79"/>
            <HYP CONTENT="-" HPOS="1341" VPOS="1652" WIDTH="30"/>
          </TextLine>
          <TextLine HEIGHT="57" HPOS="106" ID="PAG_00000213_TL000019" STYLEREFS="TXT_5" VPOS="1680" WIDTH="1264">
            <String CONTENT="blement" HEIGHT="41" HPOS="106" ID="PAG_00000213_ST000126" STYLEREFS="TXT_5" SUBS_CONTENT="faiblement" SUBS_TYPE="HypPart2" VPOS="1680" WC="1" WIDTH="176"/>
            <SP HPOS="282" ID="PAG_00000213_SP000108" VPOS="1681" WIDTH="22"/>
            <String CONTENT="pupillés" HEIGHT="53" HPOS="304" ID="PAG_00000213_ST000127" STYLEREFS="TXT_5" VPOS="1681" WC="1" WIDTH="169"/>
            <SP HPOS="473" ID="PAG_00000213_SP000109" VPOS="1688" WIDTH="21"/>
            <String CONTENT="et" HEIGHT="36" HPOS="494" ID="PAG_00000213_ST000128" STYLEREFS="TXT_5" VPOS="1688" WC="1" WIDTH="39"/>
            <SP HPOS="533" ID="PAG_00000213_SP000110" VPOS="1683" WIDTH="20"/>
            <String CONTENT="séparés" HEIGHT="53" HPOS="553" ID="PAG_00000213_ST000129" STYLEREFS="TXT_5" VPOS="1683" WC="1" WIDTH="161"/>
            <SP HPOS="714" ID="PAG_00000213_SP000111" VPOS="1696" WIDTH="19"/>
            <String CONTENT="par" HEIGHT="41" HPOS="733" ID="PAG_00000213_ST000130" STYLEREFS="TXT_5" VPOS="1696" WC="1" WIDTH="73"/>
            <SP HPOS="806" ID="PAG_00000213_SP000112" VPOS="1684" WIDTH="29"/>
            <String CONTENT="deux" HEIGHT="41" HPOS="835" ID="PAG_00000213_ST000131" STYLEREFS="TXT_5" VPOS="1684" WC="1" WIDTH="103"/>
            <SP HPOS="938" ID="PAG_00000213_SP000113" VPOS="1686" WIDTH="18"/>
            <String CONTENT="points" HEIGHT="50" HPOS="956" ID="PAG_00000213_ST000132" STYLEREFS="TXT_5" VPOS="1686" WC="1" WIDTH="135"/>
            <SP HPOS="1091" ID="PAG_00000213_SP000114" VPOS="1684" WIDTH="20"/>
            <String CONTENT="blancs" HEIGHT="41" HPOS="1111" ID="PAG_00000213_ST000133" STYLEREFS="TXT_5" VPOS="1684" WC="1" WIDTH="141"/>
            <SP HPOS="1252" ID="PAG_00000213_SP000115" VPOS="1696" WIDTH="20"/>
            <String CONTENT="as-" HEIGHT="28" HPOS="1272" ID="PAG_00000213_ST000134" STYLEREFS="TXT_5" SUBS_CONTENT="assez" SUBS_TYPE="HypPart1" VPOS="1696" WC="1" WIDTH="68"/>
            <HYP CONTENT="-" HPOS="1340" VPOS="1724" WIDTH="30"/>
          </TextLine>
          <TextLine HEIGHT="53" HPOS="108" ID="PAG_00000213_TL000020" STYLEREFS="TXT_5" VPOS="1755" WIDTH="1233">
            <String CONTENT="sez" HEIGHT="28" HPOS="108" ID="PAG_00000213_ST000135" STYLEREFS="TXT_5" SUBS_CONTENT="assez" SUBS_TYPE="HypPart2" VPOS="1764" WC="1" WIDTH="63"/>
            <SP HPOS="171" ID="PAG_00000213_SP000116" VPOS="1764" WIDTH="20"/>
            <String CONTENT="gros." HEIGHT="38" HPOS="191" ID="PAG_00000213_ST000136" STYLEREFS="TXT_5" VPOS="1764" WC="1" WIDTH="108"/>
            <SP HPOS="299" ID="PAG_00000213_SP000117" VPOS="1755" WIDTH="21"/>
            <String CONTENT="Inférieures" HEIGHT="40" HPOS="320" ID="PAG_00000213_ST000137" STYLEREFS="TXT_5" VPOS="1755" WC="1" WIDTH="242"/>
            <SP HPOS="562" ID="PAG_00000213_SP000118" VPOS="1760" WIDTH="20"/>
            <String CONTENT="ayant" HEIGHT="47" HPOS="582" ID="PAG_00000213_ST000138" STYLEREFS="TXT_5" VPOS="1760" WC="1" WIDTH="123"/>
            <SP HPOS="705" ID="PAG_00000213_SP000119" VPOS="1763" WIDTH="20"/>
            <String CONTENT="souvent" HEIGHT="34" HPOS="725" ID="PAG_00000213_ST000139" STYLEREFS="TXT_5" VPOS="1763" WC="1" WIDTH="171"/>
            <SP HPOS="896" ID="PAG_00000213_SP000120" VPOS="1768" WIDTH="18"/>
            <String CONTENT="une" HEIGHT="28" HPOS="914" ID="PAG_00000213_ST000140" STYLEREFS="TXT_5" VPOS="1768" WC="1" WIDTH="82"/>
            <SP HPOS="996" ID="PAG_00000213_SP000121" VPOS="1756" WIDTH="26"/>
            <String CONTENT="série" HEIGHT="40" HPOS="1022" ID="PAG_00000213_ST000141" STYLEREFS="TXT_5" VPOS="1756" WC="1" WIDTH="103"/>
            <SP HPOS="1125" ID="PAG_00000213_SP000122" VPOS="1755" WIDTH="27"/>
            <String CONTENT="de" HEIGHT="42" HPOS="1152" ID="PAG_00000213_ST000142" STYLEREFS="TXT_5" VPOS="1755" WC="1" WIDTH="49"/>
            <SP HPOS="1201" ID="PAG_00000213_SP000123" VPOS="1757" WIDTH="19"/>
            <String CONTENT="petits" HEIGHT="51" HPOS="1220" ID="PAG_00000213_ST000143" STYLEREFS="TXT_5" VPOS="1757" WC="1" WIDTH="121"/>
          </TextLine>
          <TextLine HEIGHT="56" HPOS="105" ID="PAG_00000213_TL000021" STYLEREFS="TXT_5" VPOS="1824" WIDTH="1234">
            <String CONTENT="points" HEIGHT="51" HPOS="105" ID="PAG_00000213_ST000144" STYLEREFS="TXT_5" VPOS="1824" WC="1" WIDTH="135"/>
            <SP HPOS="240" ID="PAG_00000213_SP000124" VPOS="1825" WIDTH="19"/>
            <String CONTENT="blancs" HEIGHT="40" HPOS="259" ID="PAG_00000213_ST000145" STYLEREFS="TXT_5" VPOS="1825" WC="1" WIDTH="140"/>
            <SP HPOS="399" ID="PAG_00000213_SP000125" VPOS="1830" WIDTH="20"/>
            <String CONTENT="et" HEIGHT="35" HPOS="419" ID="PAG_00000213_ST000146" STYLEREFS="TXT_5" VPOS="1830" WC="1" WIDTH="39"/>
            <SP HPOS="458" ID="PAG_00000213_SP000126" VPOS="1828" WIDTH="19"/>
            <String CONTENT="toujours" HEIGHT="50" HPOS="477" ID="PAG_00000213_ST000147" STYLEREFS="TXT_5" VPOS="1828" WC="1" WIDTH="185"/>
            <SP HPOS="662" ID="PAG_00000213_SP000127" VPOS="1839" WIDTH="26"/>
            <String CONTENT="un" HEIGHT="27" HPOS="688" ID="PAG_00000213_ST000148" STYLEREFS="TXT_5" VPOS="1839" WC="1" WIDTH="57"/>
            <SP HPOS="745" ID="PAG_00000213_SP000128" VPOS="1829" WIDTH="31"/>
            <String CONTENT="point" HEIGHT="51" HPOS="776" ID="PAG_00000213_ST000149" STYLEREFS="TXT_5" VPOS="1829" WC="1" WIDTH="115"/>
            <SP HPOS="891" ID="PAG_00000213_SP000129" VPOS="1826" WIDTH="19"/>
            <String CONTENT="noir" HEIGHT="42" HPOS="910" ID="PAG_00000213_ST000150" STYLEREFS="TXT_5" VPOS="1826" WC="1" WIDTH="91"/>
            <SP HPOS="1001" ID="PAG_00000213_SP000130" VPOS="1828" WIDTH="27"/>
            <String CONTENT="anal." HEIGHT="40" HPOS="1028" ID="PAG_00000213_ST000151" STYLEREFS="TXT_5" VPOS="1828" WC="1" WIDTH="106"/>
            <SP HPOS="1134" ID="PAG_00000213_SP000131" VPOS="1829" WIDTH="28"/>
            <String CONTENT="Dessous" HEIGHT="39" HPOS="1162" ID="PAG_00000213_ST000152" STYLEREFS="TXT_5" VPOS="1829" WC="1" WIDTH="177"/>
          </TextLine>
          <TextLine HEIGHT="54" HPOS="107" ID="PAG_00000213_TL000022" STYLEREFS="TXT_5" VPOS="1895" WIDTH="1233">
            <String CONTENT="des" HEIGHT="42" HPOS="107" ID="PAG_00000213_ST000153" STYLEREFS="TXT_5" VPOS="1895" WC="1" WIDTH="70"/>
            <SP HPOS="177" ID="PAG_00000213_SP000132" VPOS="1896" WIDTH="19"/>
            <String CONTENT="supérieures" HEIGHT="53" HPOS="196" ID="PAG_00000213_ST000154" STYLEREFS="TXT_5" VPOS="1896" WC="1" WIDTH="254"/>
            <SP HPOS="450" ID="PAG_00000213_SP000133" VPOS="1900" WIDTH="34"/>
            <String CONTENT="gris" HEIGHT="49" HPOS="484" ID="PAG_00000213_ST000155" STYLEREFS="TXT_5" VPOS="1900" WC="1" WIDTH="83"/>
            <SP HPOS="567" ID="PAG_00000213_SP000134" VPOS="1911" WIDTH="30"/>
            <String CONTENT="avec" HEIGHT="29" HPOS="597" ID="PAG_00000213_ST000156" STYLEREFS="TXT_5" VPOS="1911" WC="1" WIDTH="95"/>
            <SP HPOS="692" ID="PAG_00000213_SP000135" VPOS="1900" WIDTH="22"/>
            <String CONTENT="des" HEIGHT="41" HPOS="714" ID="PAG_00000213_ST000157" STYLEREFS="TXT_5" VPOS="1900" WC="1" WIDTH="72"/>
            <SP HPOS="786" ID="PAG_00000213_SP000136" VPOS="1902" WIDTH="30"/>
            <String CONTENT="taches" HEIGHT="39" HPOS="816" ID="PAG_00000213_ST000158" STYLEREFS="TXT_5" VPOS="1902" WC="1" WIDTH="140"/>
            <SP HPOS="956" ID="PAG_00000213_SP000137" VPOS="1900" WIDTH="33"/>
            <String CONTENT="blanches" HEIGHT="41" HPOS="989" ID="PAG_00000213_ST000159" STYLEREFS="TXT_5" VPOS="1900" WC="1" WIDTH="194"/>
            <SP HPOS="1183" ID="PAG_00000213_SP000138" VPOS="1904" WIDTH="33"/>
            <String CONTENT="et" HEIGHT="37" HPOS="1216" ID="PAG_00000213_ST000160" STYLEREFS="TXT_5" VPOS="1904" WC="1" WIDTH="39"/>
            <SP HPOS="1255" ID="PAG_00000213_SP000139" VPOS="1901" WIDTH="27"/>
            <String CONTENT="les" HEIGHT="40" HPOS="1282" ID="PAG_00000213_ST000161" STYLEREFS="TXT_5" VPOS="1901" WC="1" WIDTH="58"/>
          </TextLine>
          <TextLine HEIGHT="53" HPOS="105" ID="PAG_00000213_TL000023" STYLEREFS="TXT_5" VPOS="1969" WIDTH="1235">
            <String CONTENT="yeux" HEIGHT="39" HPOS="105" ID="PAG_00000213_ST000162" STYLEREFS="TXT_5" VPOS="1980" WC="1" WIDTH="105"/>
            <SP HPOS="210" ID="PAG_00000213_SP000140" VPOS="1969" WIDTH="19"/>
            <String CONTENT="cerclés" HEIGHT="41" HPOS="229" ID="PAG_00000213_ST000163" STYLEREFS="TXT_5" VPOS="1969" WC="1" WIDTH="150"/>
            <SP HPOS="379" ID="PAG_00000213_SP000141" VPOS="1969" WIDTH="15"/>
            <String CONTENT="de" HEIGHT="41" HPOS="394" ID="PAG_00000213_ST000164" STYLEREFS="TXT_5" VPOS="1969" WC="1" WIDTH="49"/>
            <SP HPOS="443" ID="PAG_00000213_SP000142" VPOS="1971" WIDTH="9"/>
            <String CONTENT="jaune." HEIGHT="51" HPOS="452" ID="PAG_00000213_ST000165" STYLEREFS="TXT_5" VPOS="1971" WC="1" WIDTH="142"/>
            <SP HPOS="594" ID="PAG_00000213_SP000143" VPOS="1972" WIDTH="22"/>
            <String CONTENT="Dessous" HEIGHT="40" HPOS="616" ID="PAG_00000213_ST000166" STYLEREFS="TXT_5" VPOS="1972" WC="1" WIDTH="178"/>
            <SP HPOS="794" ID="PAG_00000213_SP000144" VPOS="1972" WIDTH="14"/>
            <String CONTENT="des" HEIGHT="40" HPOS="808" ID="PAG_00000213_ST000167" STYLEREFS="TXT_5" VPOS="1972" WC="1" WIDTH="72"/>
            <SP HPOS="880" ID="PAG_00000213_SP000145" VPOS="1972" WIDTH="25"/>
            <String CONTENT="inférieures" HEIGHT="41" HPOS="905" ID="PAG_00000213_ST000168" STYLEREFS="TXT_5" VPOS="1972" WC="1" WIDTH="239"/>
            <SP HPOS="1144" ID="PAG_00000213_SP000146" VPOS="1972" WIDTH="20"/>
            <String CONTENT="varié" HEIGHT="40" HPOS="1164" ID="PAG_00000213_ST000169" STYLEREFS="TXT_5" VPOS="1972" WC="1" WIDTH="108"/>
            <SP HPOS="1272" ID="PAG_00000213_SP000147" VPOS="1971" WIDTH="19"/>
            <String CONTENT="de" HEIGHT="41" HPOS="1291" ID="PAG_00000213_ST000170" STYLEREFS="TXT_5" VPOS="1971" WC="1" WIDTH="49"/>
          </TextLine>
          <TextLine HEIGHT="54" HPOS="105" ID="PAG_00000213_TL000024" STYLEREFS="TXT_5" VPOS="2040" WIDTH="1235">
            <String CONTENT="gris" HEIGHT="50" HPOS="105" ID="PAG_00000213_ST000171" STYLEREFS="TXT_5" VPOS="2040" WC="1" WIDTH="83"/>
            <SP HPOS="188" ID="PAG_00000213_SP000148" VPOS="2045" WIDTH="14"/>
            <String CONTENT="et" HEIGHT="35" HPOS="202" ID="PAG_00000213_ST000172" STYLEREFS="TXT_5" VPOS="2045" WC="1" WIDTH="39"/>
            <SP HPOS="241" ID="PAG_00000213_SP000149" VPOS="2040" WIDTH="17"/>
            <String CONTENT="de" HEIGHT="42" HPOS="258" ID="PAG_00000213_ST000173" STYLEREFS="TXT_5" VPOS="2040" WC="1" WIDTH="50"/>
            <SP HPOS="308" ID="PAG_00000213_SP000150" VPOS="2041" WIDTH="18"/>
            <String CONTENT="blanc" HEIGHT="41" HPOS="326" ID="PAG_00000213_ST000174" STYLEREFS="TXT_5" VPOS="2041" WC="1" WIDTH="120"/>
            <SP HPOS="446" ID="PAG_00000213_SP000151" VPOS="2054" WIDTH="19"/>
            <String CONTENT="avec" HEIGHT="29" HPOS="465" ID="PAG_00000213_ST000175" STYLEREFS="TXT_5" VPOS="2054" WC="1" WIDTH="97"/>
            <SP HPOS="562" ID="PAG_00000213_SP000152" VPOS="2042" WIDTH="15"/>
            <String CONTENT="les" HEIGHT="41" HPOS="577" ID="PAG_00000213_ST000176" STYLEREFS="TXT_5" VPOS="2042" WC="1" WIDTH="57"/>
            <SP HPOS="634" ID="PAG_00000213_SP000153" VPOS="2044" WIDTH="25"/>
            <String CONTENT="trois" HEIGHT="39" HPOS="659" ID="PAG_00000213_ST000177" STYLEREFS="TXT_5" VPOS="2044" WC="1" WIDTH="99"/>
            <SP HPOS="758" ID="PAG_00000213_SP000154" VPOS="2044" WIDTH="19"/>
            <String CONTENT="lignes" HEIGHT="50" HPOS="777" ID="PAG_00000213_ST000178" STYLEREFS="TXT_5" VPOS="2044" WC="1" WIDTH="128"/>
            <SP HPOS="905" ID="PAG_00000213_SP000155" VPOS="2046" WIDTH="20"/>
            <String CONTENT="noires," HEIGHT="47" HPOS="925" ID="PAG_00000213_ST000179" STYLEREFS="TXT_5" VPOS="2046" WC="1" WIDTH="150"/>
            <SP HPOS="1075" ID="PAG_00000213_SP000156" VPOS="2043" WIDTH="20"/>
            <String CONTENT="la" HEIGHT="41" HPOS="1095" ID="PAG_00000213_ST000180" STYLEREFS="TXT_5" VPOS="2043" WC="1" WIDTH="38"/>
            <SP HPOS="1133" ID="PAG_00000213_SP000157" VPOS="2043" WIDTH="20"/>
            <String CONTENT="médiane" HEIGHT="42" HPOS="1153" ID="PAG_00000213_ST000181" STYLEREFS="TXT_5" VPOS="2043" WC="1" WIDTH="187"/>
          </TextLine>
          <TextLine HEIGHT="55" HPOS="103" ID="PAG_00000213_TL000025" STYLEREFS="TXT_5" VPOS="2110" WIDTH="1236">
            <String CONTENT="formant" HEIGHT="43" HPOS="103" ID="PAG_00000213_ST000182" STYLEREFS="TXT_5" VPOS="2110" WC="1" WIDTH="176"/>
            <SP HPOS="279" ID="PAG_00000213_SP000158" VPOS="2125" WIDTH="22"/>
            <String CONTENT="un" HEIGHT="28" HPOS="301" ID="PAG_00000213_ST000183" STYLEREFS="TXT_5" VPOS="2125" WC="1" WIDTH="56"/>
            <SP HPOS="357" ID="PAG_00000213_SP000159" VPOS="2114" WIDTH="20"/>
            <String CONTENT="angle" HEIGHT="51" HPOS="377" ID="PAG_00000213_ST000184" STYLEREFS="TXT_5" VPOS="2114" WC="1" WIDTH="119"/>
            <SP HPOS="496" ID="PAG_00000213_SP000160" VPOS="2115" WIDTH="19"/>
            <String CONTENT="très-saillant" HEIGHT="42" HPOS="515" ID="PAG_00000213_ST000185" STYLEREFS="TXT_5" VPOS="2115" WC="1" WIDTH="270"/>
            <SP HPOS="785" ID="PAG_00000213_SP000161" VPOS="2117" WIDTH="18"/>
            <String CONTENT="vis" HEIGHT="40" HPOS="803" ID="PAG_00000213_ST000186" STYLEREFS="TXT_5" VPOS="2117" WC="1" WIDTH="60"/>
            <SP HPOS="863" ID="PAG_00000213_SP000162" VPOS="2117" WIDTH="28"/>
            <String CONTENT="à" HEIGHT="40" HPOS="891" ID="PAG_00000213_ST000187" STYLEREFS="TXT_5" VPOS="2117" WC="1" WIDTH="25"/>
            <SP HPOS="916" ID="PAG_00000213_SP000163" VPOS="2117" WIDTH="17"/>
            <String CONTENT="vis" HEIGHT="41" HPOS="933" ID="PAG_00000213_ST000188" STYLEREFS="TXT_5" VPOS="2117" WC="1" WIDTH="60"/>
            <SP HPOS="993" ID="PAG_00000213_SP000164" VPOS="2116" WIDTH="25"/>
            <String CONTENT="l'extrémité" HEIGHT="41" HPOS="1018" ID="PAG_00000213_ST000189" STYLEREFS="TXT_5" VPOS="2116" WC="1" WIDTH="242"/>
            <SP HPOS="1260" ID="PAG_00000213_SP000165" VPOS="2117" WIDTH="29"/>
            <String CONTENT="de" HEIGHT="40" HPOS="1289" ID="PAG_00000213_ST000190" STYLEREFS="TXT_5" VPOS="2117" WC="1" WIDTH="50"/>
          </TextLine>
          <TextLine HEIGHT="59" HPOS="103" ID="PAG_00000213_TL000026" STYLEREFS="TXT_5" VPOS="2182" WIDTH="1232">
            <String CONTENT="la" HEIGHT="40" HPOS="103" ID="PAG_00000213_ST000191" STYLEREFS="TXT_5" VPOS="2182" WC="1" WIDTH="39"/>
            <SP HPOS="142" ID="PAG_00000213_SP000166" VPOS="2184" WIDTH="18"/>
            <String CONTENT="cellule." HEIGHT="41" HPOS="160" ID="PAG_00000213_ST000192" STYLEREFS="TXT_5" VPOS="2184" WC="1" WIDTH="153"/>
            <SP HPOS="313" ID="PAG_00000213_SP000167" VPOS="2186" WIDTH="30"/>
            <String CONTENT="Frange" HEIGHT="50" HPOS="343" ID="PAG_00000213_ST000193" STYLEREFS="TXT_5" VPOS="2186" WC="1" WIDTH="155"/>
            <SP HPOS="498" ID="PAG_00000213_SP000168" VPOS="2186" WIDTH="18"/>
            <String CONTENT="blanche" HEIGHT="42" HPOS="516" ID="PAG_00000213_ST000194" STYLEREFS="TXT_5" VPOS="2186" WC="1" WIDTH="171"/>
            <SP HPOS="687" ID="PAG_00000213_SP000169" VPOS="2199" WIDTH="20"/>
            <String CONTENT="non" HEIGHT="29" HPOS="707" ID="PAG_00000213_ST000195" STYLEREFS="TXT_5" VPOS="2199" WC="1" WIDTH="82"/>
            <SP HPOS="789" ID="PAG_00000213_SP000170" VPOS="2187" WIDTH="27"/>
            <String CONTENT="entrecoupée," HEIGHT="54" HPOS="816" ID="PAG_00000213_ST000196" STYLEREFS="TXT_5" VPOS="2187" WC="1" WIDTH="283"/>
            <SP HPOS="1099" ID="PAG_00000213_SP000171" VPOS="2189" WIDTH="23"/>
            <String CONTENT="excepté" HEIGHT="51" HPOS="1122" ID="PAG_00000213_ST000197" STYLEREFS="TXT_5" VPOS="2189" WC="1" WIDTH="165"/>
            <SP HPOS="1287" ID="PAG_00000213_SP000172" VPOS="2187" WIDTH="27"/>
            <String CONTENT="à" HEIGHT="40" HPOS="1314" ID="PAG_00000213_ST000198" STYLEREFS="TXT_5" VPOS="2187" WC="1" WIDTH="21"/>
          </TextLine>
          <TextLine HEIGHT="51" HPOS="103" ID="PAG_00000213_TL000027" STYLEREFS="TXT_5" VPOS="2254" WIDTH="273">
            <String CONTENT="l'angle" HEIGHT="51" HPOS="103" ID="PAG_00000213_ST000199" STYLEREFS="TXT_5" VPOS="2254" WC="1" WIDTH="145"/>
            <SP HPOS="248" ID="PAG_00000213_SP000173" VPOS="2257" WIDTH="21"/>
            <String CONTENT="anal." HEIGHT="40" HPOS="269" ID="PAG_00000213_ST000200" STYLEREFS="TXT_5" VPOS="2257" WC="1" WIDTH="107"/>
          </TextLine>
        </TextBlock>
        <TextBlock HEIGHT="59" HPOS="164" ID="PAG_00000213_TB000008" LANG="fr" STYLEREFS="TXT_5" VPOS="2324" WIDTH="1092">
          <TextLine HEIGHT="59" HPOS="164" ID="PAG_00000213_TL000028" STYLEREFS="TXT_5" VPOS="2324" WIDTH="1092">
            <String CONTENT="Y" HEIGHT="56" HPOS="164" ID="PAG_00000213_ST000201" STYLEREFS="TXT_5" VPOS="2324" WC="0.67" WIDTH="34"/>
            <SP HPOS="198" ID="PAG_00000213_SP000174" VPOS="2327" WIDTH="27"/>
            <String CONTENT="Semblable," HEIGHT="50" HPOS="225" ID="PAG_00000213_ST000202" STYLEREFS="TXT_5" TAGREFS="TAG_importantEN" VPOS="2327" WC="1" WIDTH="239"/>
            <SP HPOS="464" ID="PAG_00000213_SP000175" VPOS="2329" WIDTH="22"/>
            <String CONTENT="mais" HEIGHT="41" HPOS="486" ID="PAG_00000213_ST000203" STYLEREFS="TXT_5" VPOS="2329" WC="1" WIDTH="105"/>
            <SP HPOS="591" ID="PAG_00000213_SP000176" VPOS="2331" WIDTH="20"/>
            <String CONTENT="plus" HEIGHT="52" HPOS="611" ID="PAG_00000213_ST000204" STYLEREFS="TXT_5" VPOS="2331" WC="1" WIDTH="90"/>
            <SP HPOS="701" ID="PAG_00000213_SP000177" VPOS="2331" WIDTH="19"/>
            <String CONTENT="grande" HEIGHT="51" HPOS="720" ID="PAG_00000213_ST000205" STYLEREFS="TXT_5" VPOS="2331" WC="1" WIDTH="151"/>
            <SP HPOS="871" ID="PAG_00000213_SP000178" VPOS="2335" WIDTH="15"/>
            <String CONTENT="et" HEIGHT="37" HPOS="886" ID="PAG_00000213_ST000206" STYLEREFS="TXT_5" VPOS="2335" WC="1" WIDTH="37"/>
            <SP HPOS="923" ID="PAG_00000213_SP000179" VPOS="2331" WIDTH="19"/>
            <String CONTENT="plus" HEIGHT="52" HPOS="942" ID="PAG_00000213_ST000207" STYLEREFS="TXT_5" VPOS="2331" WC="1" WIDTH="91"/>
            <SP HPOS="1033" ID="PAG_00000213_SP000180" VPOS="2331" WIDTH="18"/>
            <String CONTENT="arrondie." HEIGHT="41" HPOS="1051" ID="PAG_00000213_ST000208" STYLEREFS="TXT_5" VPOS="2331" WC="1" WIDTH="205"/>
          </TextLine>
        </TextBlock>
        <TextBlock HEIGHT="123" HPOS="101" ID="PAG_00000213_TB000009" LANG="fr" STYLEREFS="TXT_5" VPOS="2398" WIDTH="1262">
          <TextLine HEIGHT="58" HPOS="156" ID="PAG_00000213_TL000029" STYLEREFS="TXT_5" VPOS="2398" WIDTH="1207">
            <String CONTENT="F." HEIGHT="38" HPOS="156" ID="PAG_00000213_ST000209" STYLEREFS="TXT_5" VPOS="2398" WC="1" WIDTH="44"/>
            <SP HPOS="200" ID="PAG_00000213_SP000181" VPOS="2398" WIDTH="23"/>
            <String CONTENT="mér." HEIGHT="39" HPOS="223" ID="PAG_00000213_ST000210" STYLEREFS="TXT_5" VPOS="2398" WC="1" WIDTH="97"/>
            <SP HPOS="320" ID="PAG_00000213_SP000182" VPOS="2399" WIDTH="23"/>
            <String CONTENT="dép." HEIGHT="52" HPOS="343" ID="PAG_00000213_ST000211" STYLEREFS="TXT_5" VPOS="2399" WC="1" WIDTH="88"/>
            <SP HPOS="431" ID="PAG_00000213_SP000183" VPOS="2400" WIDTH="25"/>
            <String CONTENT="du" HEIGHT="40" HPOS="456" ID="PAG_00000213_ST000212" STYLEREFS="TXT_5" VPOS="2400" WC="1" WIDTH="54"/>
            <SP HPOS="510" ID="PAG_00000213_SP000184" VPOS="2402" WIDTH="29"/>
            <String CONTENT="Var," HEIGHT="45" HPOS="539" ID="PAG_00000213_ST000213" STYLEREFS="TXT_5" TAGREFS="TAG_importantEN" VPOS="2402" WC="1" WIDTH="92"/>
            <SP HPOS="631" ID="PAG_00000213_SP000185" VPOS="2415" WIDTH="23"/>
            <String CONTENT="en" HEIGHT="27" HPOS="654" ID="PAG_00000213_ST000214" STYLEREFS="TXT_5" VPOS="2415" WC="1" WIDTH="50"/>
            <SP HPOS="704" ID="PAG_00000213_SP000186" VPOS="2401" WIDTH="17"/>
            <String CONTENT="juin," HEIGHT="53" HPOS="721" ID="PAG_00000213_ST000215" STYLEREFS="TXT_5" VPOS="2401" WC="1" WIDTH="107"/>
            <SP HPOS="828" ID="PAG_00000213_SP000187" VPOS="2403" WIDTH="34"/>
            <String CONTENT="environ" HEIGHT="40" HPOS="862" ID="PAG_00000213_ST000216" STYLEREFS="TXT_5" VPOS="2403" WC="1" WIDTH="169"/>
            <SP HPOS="1031" ID="PAG_00000213_SP000188" VPOS="2402" WIDTH="21"/>
            <String CONTENT="de" HEIGHT="41" HPOS="1052" ID="PAG_00000213_ST000217" STYLEREFS="TXT_5" VPOS="2402" WC="1" WIDTH="49"/>
            <SP HPOS="1101" ID="PAG_00000213_SP000189" VPOS="2403" WIDTH="33"/>
            <String CONTENT="Montpel-" HEIGHT="53" HPOS="1134" ID="PAG_00000213_ST000218" STYLEREFS="TXT_5" SUBS_CONTENT="Montpellier," SUBS_TYPE="HypPart1" TAGREFS="TAG_importantEN" VPOS="2403" WC="1" WIDTH="199"/>
            <HYP CONTENT="-" HPOS="1333" VPOS="2456" WIDTH="30"/>
          </TextLine>
          <TextLine HEIGHT="54" HPOS="101" ID="PAG_00000213_TL000030" STYLEREFS="TXT_5" VPOS="2467" WIDTH="694">
            <String CONTENT="lier," HEIGHT="49" HPOS="101" ID="PAG_00000213_ST000219" STYLEREFS="TXT_5" SUBS_CONTENT="Montpellier," SUBS_TYPE="HypPart2" TAGREFS="TAG_importantEN" VPOS="2467" WC="1" WIDTH="88"/>
            <SP HPOS="189" ID="PAG_00000213_SP000190" VPOS="2481" WIDTH="22"/>
            <String CONTENT="en" HEIGHT="29" HPOS="211" ID="PAG_00000213_ST000220" STYLEREFS="TXT_5" VPOS="2481" WC="1" WIDTH="47"/>
            <SP HPOS="258" ID="PAG_00000213_SP000191" VPOS="2470" WIDTH="17"/>
            <String CONTENT="juillet." HEIGHT="51" HPOS="275" ID="PAG_00000213_ST000221" STYLEREFS="TXT_5" VPOS="2470" WC="1" WIDTH="148"/>
            <SP HPOS="423" ID="PAG_00000213_SP000192" VPOS="2472" WIDTH="27"/>
            <String CONTENT="Assez" HEIGHT="40" HPOS="450" ID="PAG_00000213_ST000222" STYLEREFS="TXT_5" VPOS="2472" WC="1" WIDTH="119"/>
            <SP HPOS="569" ID="PAG_00000213_SP000193" VPOS="2484" WIDTH="17"/>
            <String CONTENT="commun." HEIGHT="30" HPOS="586" ID="PAG_00000213_ST000223" STYLEREFS="TXT_5" VPOS="2484" WC="1" WIDTH="209"/>
          </TextLine>
        </TextBlock>
      </PrintSpace>
    </Page>
  </Layout>
</alto>
