1752 2984
656 285 57 11 -
736 263 53 43 29
816 281 53 13 —

1151 2543 36 34 2'

363 595 373 42 INSTRUCTIONS
766 597 98 40 SUR
892 595 66 40 LA
989 595 195 40 CHASSE

734 699 66 26 DES

154 764 396 66 LÉPIDOPTÈRES
569 777 34 43 A
623 763 180 58 L'ÉTAT
827 775 275 47 D'INSECTE
1129 776 245 45 PARFAIT.

210 1008 85 40 Une
312 1006 107 40 foule
437 1005 49 41 de
502 1005 164 41 notions
686 1003 176 42 diverses
878 1007 93 37 sont
989 1004 321 53 indispensables
1329 1016 52 28 au

155 1077 191 41 chasseur
366 1077 48 40 de
434 1077 295 52 Lépidoptères.
749 1078 59 38 En
827 1076 197 52 première
1038 1077 108 49 ligne
1163 1088 43 28 se
1220 1078 161 50 placent

155 1150 41 42 la
226 1148 290 42 connaissance
543 1153 141 36 .exacte
713 1149 71 43 des
822 1160 154 28 mœurs
1012 1147 50 41 de
1093 1160 65 28 ces
1189 1149 187 48 insectes,

156 1222 98 40 celle
275 1222 68 40 des
360 1221 175 57 époques
555 1223 53 39 où
627 1222 49 39 ils
690 1222 237 51 paraissent,
950 1221 97 43 celle
1062 1220 68 40 des
1150 1219 169 41 terrains
1343 1224 38 36 et

159 1293 69 40 des
249 1294 159 51 plantes
424 1305 75 39 que
520 1293 92 40 telle
633 1305 52 28 ou
704 1292 92 41 telle
826 1293 141 51 espèce
987 1293 241 39 affectionne
1252 1293 127 51 parti-

157 1366 261 43 culièrement
434 1380 10 38 ;
462 1367 58 39 les
536 1366 144 39 heures
702 1365 48 40 de
769 1366 39 38 la
821 1364 170 52 journée
1005 1366 54 38 où
1071 1364 73 40 elle
1161 1377 42 28 se
1223 1369 159 35 montre

157 1436 48 41 de
223 1437 229 51 préférence
469 1451 10 37 ;
500 1437 226 41 l'influence
748 1436 164 40 exercée
939 1437 79 40 soit
1033 1448 74 40 par
1125 1437 255 51 l'exposition

157 1508 48 43 de
224 1509 39 40 la
281 1508 172 49 localité,
468 1510 78 39 soit
558 1520 74 40 par
648 1509 59 40 les
722 1512 139 46 agents
879 1508 344 52 atmosphériques
1240 1523 9 38 ;
1273 1508 110 41 mille

157 1591 156 39 causes,
335 1592 48 28 en
413 1592 56 28 un
489 1584 108 45 mot,
627 1580 98 40 dont
750 1581 38 39 la
816 1579 170 41 réunion
1014 1580 127 40 forme
1171 1581 39 39 la
1229 1580 154 42 théorie

157 1652 195 51 complète
373 1651 55 41 du
448 1653 206 40 chasseur.

213 1722 72 42 S'il
302 1724 201 51 s'agissait
521 1725 48 39 de
590 1725 210 40 raisonner
813 1736 70 29 sur
902 1736 61 27 ces
987 1736 153 37 causes,
1162 1723 26 41 il
1208 1737 24 39 y
1252 1726 133 40 aurait

159 1796 163 41 matière
341 1796 23 40 à
382 1808 53 28 un
458 1808 172 39 ouvrage
651 1796 50 41 de
719 1798 148 49 longue
885 1797 159 39 haleine
1062 1798 33 47 ;
1095 1798 102 47 mais
1227 1809 158 28 comme

158 1872 115 35 notre
294 1868 85 39 seul
403 1868 73 40 but
508 1867 54 41 ici
592 1872 59 36 est
672 1868 123 41 d'être
830 1869 98 39 utile
961 1880 77 28 aux
1075 1874 202 35 amateurs
1306 1881 78 40 peu

160 1937 304 55 expérimentés,
488 1951 50 28 en
554 1941 86 39 leur
655 1939 170 41 rendant
839 1939 57 41 les
930 1941 237 40 recherches
1180 1943 205 50 pratiques

156 2011 91 52 plus
276 2010 152 50 faciles-,
448 2023 102 29 nous
585 2024 105 28 nous
725 2012 225 40 bornerons
971 2013 22 39 à
1014 2012 154 40 décrire
1203 2014 177 49 unique-

157 2085 113 38 ment
284 2083 60 40 les
360 2083 95 40 faits
475 2084 59 39 les
551 2084 91 52 plus
663 2096 154 28 connus
837 2088 38 36 et
894 2085 58 39 les
974 2085 135 39 mieux
1130 2084 200 40 observés.

211 2156 107 39 Pour
350 2155 58 39 les
443 2155 284 52 Lépidoptères
762 2156 279 52 rhopalocères
1069 2167 51 29 ou
1156 2156 179 49 diurnes,
1357 2158 29 38 il

158 2229 62 38 est
248 2225 161 42 évident
439 2239 77 38 que
535 2228 38 39 la
593 2228 142 39 chasse
755 2227 85 40 doit
869 2240 47 28 en
937 2231 82 37 être
1049 2228 97 39 faite
1166 2240 52 28 au
1237 2240 148 40 moyen

159 2297 55 40 du
232 2297 83 40 filet
332 2309 53 29 ou
405 2298 47 40 de
472 2299 38 42 la
528 2300 119 50 pince
667 2299 23 40 à
709 2302 184 48 raquette
921 2300 65 50 (1).

204 2416 46 40 (1)
273 2429 14 15 «
309 2417 87 32 Pour
415 2418 166 40 attrapper
601 2427 46 24 un
668 2418 117 33 diurne
806 2418 56 41 qui
885 2419 51 31 est
953 2418 89 41 posé,
1064 2418 47 33 dit
1128 2418 119 34 Godart
1261 2420 18 31 à
1300 2419 31 33 la
1352 2420 44 32 fin

165 2486 14 17 «
199 2475 43 33 d'l
256 2473 141 43 premier
408 2473 130 34 volume
548 2474 40 33 de
599 2483 60 25 son
673 2483 139 32 ouvrage
827 2483 58 24 sur
901 2474 46 34 les
961 2474 226 43 Lépidoptères
1205 2476 39 34 de
1256 2478 137 33 France,
