1776 2996
646 340 50 6 —
731 316 74 39 173
834 337 52 6 —

1224 2592 44 36 10

155 418 24 39 à
212 431 71 28 son
306 418 206 41 extrémité
549 422 38 36 et
616 418 140 52 pointu
773 430 11 37 ;
815 415 199 40 abdomen
1049 416 91 51 plus
1171 420 115 36 court
1307 429 76 40 que

155 489 58 41 les
232 492 96 39 ailes
347 490 237 41 inférieures
601 504 10 36 ;
635 488 99 42 ailes
755 488 159 41 sinuées
936 499 52 28 ou
1013 486 262 43 denticulées.

210 563 55 39 Le
284 562 94 40 fond
399 562 48 41 de
461 563 37 39 la
512 562 165 41 couleur
695 560 67 40 des
781 560 191 52 argynnis
992 562 61 38 est
1071 559 36 41 le
1121 560 126 51 jaune
1267 561 117 40 fauve

157 644 95 29 avec
272 633 69 40 des
355 634 136 40 taches
511 634 149 45 noires,
675 633 88 39 leur
780 632 168 40 dessous
966 631 147 41 offrant
1130 636 169 36 souvent
1314 632 70 41 des

157 705 138 40 taches
316 706 176 39 nacrées.
517 704 117 54 (Bdv.
658 703 176 54 Icônes).

159 802 225 50 APHIRAPE,
406 802 76 39 Hb.
505 801 101 42 God.

215 897 95 40 40m.
345 896 108 41 Ailes
482 897 96 39 d'un
598 897 114 39 fauve
731 899 127 46 terne,
886 907 95 30 avec
1008 896 40 40 la
1079 895 111 49 base,
1211 896 58 41 les
1289 907 95 29 ner-

159 980 118 28 vures
298 972 36 36 et
357 969 47 39 de
425 967 119 54 petits
563 969 134 51 points
711 973 33 35 et
768 969 114 39 traits
899 969 125 47 noirs,
1046 968 97 40 dont
1158 980 101 28 ceux
1278 968 48 40 de
1346 969 39 40 la

161 1040 101 39 série
283 1040 336 51 alIté-marginale
636 1041 199 49 contigns.
852 1041 174 39 Dessous
1044 1040 70 40 des
1131 1040 254 52 supérieures

162 1111 97 40 d'un
293 1113 115 39 fauve
438 1111 114 51 clair,
575 1123 94 29 avec
698 1112 36 39 le
768 1115 172 36 sommet
962 1113 141 50 jaune,
1129 1111 168 41 dessous
1316 1112 70 40 des

160 1183 233 41 inférieures
413 1183 95 40 d'un
524 1184 124 53 jaune
667 1184 128 40 citron
814 1182 103 42 ondé
935 1183 48 40 de
1002 1194 100 29 roux
1120 1195 90 28 vers
1229 1184 37 39 le
1285 1183 102 41 bord

163 1257 212 49 marginal,
398 1268 94 29 avec
514 1256 103 40 deux
645 1255 153 41 bandes
832 1256 242 40 discoïdales
1103 1257 152 47 fauves,
1291 1256 97 41 dont

161 1327 254 40 l'antérieure
435 1340 74 39 peu
531 1328 151 45 sinuée,
706 1331 38 37 et
762 1340 81 28 une
863 1327 101 41 série
985 1329 219 49 marginale
1222 1327 48 41 de
1291 1329 98 39 che-

163 1414 119 27 vrons
298 1403 108 37 noirs
427 1401 155 48 étroits,
604 1402 185 50 contigus
810 1405 38 37 et
868 1401 228 41 surmontés
1115 1402 156 40 chacun
1291 1402 96 40 d'un

163 1474 112 51 point
275 1474 132 51 jaune
427 1474 129 40 cerclé
576 1473 48 40 de
643 1475 103 38 noir.
771 1473 216 54 (Guénée).

218 1550 26 42 ?
264 1546 90 51 plus
374 1545 165 51 grande,
567 1546 88 51 plus
675 1546 87 51 pâle
792 1549 37 36 et
865 1546 89 51 plus
975 1545 132 41 sablée
1137 1544 50 41 de
1221 1546 91 40 noir
1340 1558 51 29 en

165 1616 156 41 dessus.

219 1689 177 41 Chenille
417 1702 45 28 en
484 1692 78 38 mai
580 1693 17 29 ?

221 1763 54 37 La
296 1763 126 50 patrie
437 1762 47 41 de
484 1762 111 41 cette
615 1763 138 51 espèce
770 1767 59 34 est
845 1762 35 39 le
892 1761 102 40 nord
1010 1761 47 39 de
1074 1760 203 54 l'Europe,
1292 1763 103 41 mais

167 1845 103 27 nous
288 1846 47 27 en
358 1845 124 29 avons
495 1846 50 27 vu
566 1835 201 52 plusieurs
787 1833 203 41 individus
1007 1832 99 41 dans
1126 1834 38 40 la
1183 1835 213 41 collection

170 1904 49 40 de
242 1906 49 37 M.
316 1906 177 39 Kroëner
527 1909 19 36 à
581 1906 243 51 Strasbourg
852 1906 70 50 qui
948 1908 68 37 ont
1035 1904 61 42 été
1114 1907 85 50 pris
1217 1906 101 41 dans
1337 1908 59 40 les

169 1982 165 49 Vosges.
375 1982 61 39 On
474 1980 161 51 indique
667 1979 106 42 aussi
808 1980 36 39 le
880 1979 274 53 département
1182 1980 48 40 de
1259 1980 139 42 l'Isère

170 2054 101 39 mais
310 2065 101 28 nous
442 2054 93 39 n'en
575 2064 124 29 avons
730 2053 148 52 jamais
908 2064 48 28 vu
995 2052 49 41 de
1082 2055 103 38 cette
1223 2053 173 40 localité.

168 2141 179 48 SELENE,
368 2140 39 42 S.
430 2144 47 38 V.
501 2140 103 42 God.

224 2233 94 38 38m.
354 2231 108 39 Ailes
486 2229 98 41 d'un
603 2231 117 40 fauve
739 2242 56 28 un
814 2242 77 41 peu
910 2234 125 44 terne,
1057 2241 95 28 avec
1172 2230 39 38 la
1229 2229 97 41 base
1344 2242 57 27 un

171 2313 76 39 peu
280 2303 174 39 noirâtre
486 2307 37 35 et
554 2301 69 41 des
641 2303 137 40 taches
802 2303 134 39 noires
958 2301 95 41 dont
1072 2302 58 39 les
1151 2301 250 41 anté-termi-

172 2374 111 39 nales
299 2374 220 50 contiguës.
542 2375 174 39 Dessous
737 2374 69 41 des
832 2373 253 53 supérieures
1106 2385 93 28 avec
1227 2375 37 39 le
1290 2386 112 27 som-

173 2450 81 35 met
274 2446 166 51 marqué
461 2446 47 40 de
521 2448 124 50 jaune
660 2452 38 35 et
713 2447 49 40 de
776 2446 273 51 ferrugineux.
1066 2448 175 39 Dessous
1259 2447 69 40 des
1343 2448 62 38 in-

180 2517 191 41 férieures
390 2519 255 51 ferrugineux
662 2530 97 30 avec
780 2520 98 40 trois
895 2519 151 40 bandes
1065 2518 178 49 nacrées,
1259 2520 38 38 la
1315 2531 93 41 pos-
