1792 3000
908 351 52 9 —
991 330 77 42 132
1096 355 51 8 —

427 432 239 45 inférieures
687 440 121 49 ayant
827 437 23 40 à
869 436 147 51 l'angle
1036 437 94 39 anal
1148 437 39 40 la
1206 434 214 54 répétition
1441 436 70 42 des
1531 438 136 52 points

429 508 112 39 noirs
570 508 53 40 du
655 508 159 48 dessus,
848 508 102 40 mais
984 508 149 40 cerclés
1160 507 332 42 inférieuremènt
1511 509 52 40 de
1582 513 87 37 vert

432 581 233 51 métallique
687 581 207 41 surmonté
915 581 49 40 de
982 581 130 41 fauve.

484 652 26 45 9
541 653 97 39 Plus
660 654 167 50 grande,
849 654 146 49 brune,
1017 664 95 30 avec
1126 652 37 41 le
1183 652 141 52 disque
1342 653 136 42 violet.

484 723 180 42 Chenille
697 737 49 28 en
761 726 95 52 juiii
875 730 39 36 et
935 726 157 52 juillet;
1125 726 56 40 vit
1211 725 102 41 dans
1340 724 59 42 les
1420 725 172 53 Siliques
1614 726 52 40 du

429 797 309 51 Baguenaudier
759 803 38 36 et
809 797 47 42 de
877 799 196 51 quelques
1092 803 136 36 autres
1247 798 301 51 légumineuses
1568 799 100 41 dont

429 870 74 40 elle
534 881 145 39 mange
699 870 56 41 les
775 872 159 49 graines
949 885 10 38 ;
989 882 105 30 nous
1121 871 156 41 l'avons
1306 871 165 41 trouvée
1496 873 92 51 près
1617 872 50 41 de

428 942 114 39 Paris
564 943 100 41 dans
693 944 59 40 les
781 955 168 39 gousses
971 943 53 41 du
1044 942 188 55 Lupinus
1253 943 221 51 mutabilis,
1505 944 75 41 elle
1611 945 56 44 vit

429 1016 124 48 aussi,
585 1015 154 51 dit-on,
782 1015 48 41 de
862 1017 90 52 pois
987 1020 123 45 verts,
1146 1016 103 40 mais
1284 1028 105 29 nous
1426 1029 52 28 ne
1512 1017 154 41 l'avons

424 1087 149 51 jamais
594 1088 163 40 trouvée
774 1101 69 28 sur
863 1092 103 38 cette
985 1089 148 52 plante.

486 1160 120 40 Assez
620 1172 194 29 commun
830 1160 101 41 dans
950 1161 38 40 le
1004 1164 137 37 centre
1156 1163 39 37 et
1212 1160 36 40 le
1262 1159 100 41 midi
1383 1160 47 41 de
1444 1161 40 40 la
1494 1161 169 49 France,

428 1234 104 38 mais
552 1231 102 42 dans
675 1232 57 41 les
759 1236 136 38 autres
913 1233 151 53 parties
1085 1244 53 29 on
1158 1244 52 28 ne
1227 1233 37 39 le
1284 1237 214 37 rencontre
1519 1244 77 40 que
1617 1232 49 41 de

428 1304 84 41 loin
531 1316 50 29 en
600 1305 100 40 loin.

429 1415 249 48 TELICANUS;
701 1414 115 41 Hbst.
841 1413 73 49 (Pl.
938 1417 40 45 6,
1000 1414 69 51 fig.
1097 1417 53 47 2).

483 1516 93 41 27m.
600 1517 109 40 Ailes
739 1517 96 40 d'un
854 1517 123 40 violet
995 1516 118 41 foncé
1138 1528 97 30 avec
1264 1515 104 40 deux
1384 1516 119 52 petits
1530 1516 135 51 points

430 1590 128 49 noirs,
580 1590 91 53 plus
693 1602 51 28 ou
773 1591 133 39 moins
929 1589 190 51 marqués
1139 1591 21 38 à
1190 1588 147 51 l'angle
1360 1588 106 40 anal.
1489 1589 176 39 Dessous

431 1662 97 39 d'un
565 1661 147 41 cendré
751 1660 216 51 brunâtre,
1001 1660 176 42 traversé
1209 1671 74 41 par
1315 1659 48 41 de
1401 1660 265 41 nombreuses

431 1735 130 50 lignes
576 1734 195 42 blanches
785 1735 242 49 flexueuses,
1044 1733 120 41 celles
1180 1732 71 41 des
1271 1732 252 54 supérieures
1542 1733 126 40 allant

424 1805 195 53 jusqu'au
641 1807 101 40 bord
761 1807 173 52 interne,
952 1818 45 29 ce
1017 1807 71 51 qui
1106 1806 67 40 n'a
1192 1816 72 41 pas
1280 1805 80 41 lieu
1377 1804 100 41 dans
1496 1804 170 54 l'espèce

429 1880 206 40 ci-dessus
651 1894 10 38 ;
695 1880 131 53 lignes
855 1879 364 50 anté-marginales
1246 1878 178 40 formant
1456 1889 79 29 une
1565 1878 102 42 série

429 1952 50 41 de
509 1952 139 41 taches
679 1951 172 42 ocellées
869 1965 9 36 ;
914 1951 239 41 inférieures
1187 1954 123 49 ayant
1343 1954 22 37 à
1397 1949 148 53 l'angle
1572 1952 93 41 anal

429 2024 105 41 deux
552 2024 136 52 points
704 2026 112 39 noirs
843 2024 172 41 cerclées
1034 2023 48 41 de
1109 2027 87 37 vert
1212 2022 232 52 métallique
1462 2027 40 37 et
1520 2023 145 41 bordés

431 2097 48 41 de
500 2109 116 28 roux.

481 2171 27 46 9
531 2170 102 40 D'un
664 2170 106 40 brun
800 2170 91 39 noir
922 2180 95 30 avec
1036 2168 38 40 le
1095 2167 143 52 disque
1257 2166 122 42 violet
1409 2171 37 37 et
1467 2159 199 61 quelques

427 2243 138 52 points
585 2243 93 52 plus
699 2242 154 41 foncés.

483 2316 180 40 Chenille
712 2327 50 28 en
801 2317 95 38 août
940 2318 39 37 et
1029 2313 225 54 septembre
1302 2325 69 29 sur
1405 2312 39 41 la
1482 2312 185 42 salicairc

428 2386 217 55 (Lythrum
664 2387 223 53 salicaria).

482 2461 154 40 France
668 2460 283 52 méridionale,
973 2459 251 54 Montpellier
1252 2471 50 30 en
1328 2458 136 54 juillet
1485 2463 40 38 et
1551 2461 111 48 août,

426 2544 73 43 pas
519 2545 210 30 commun.
