<?xml version="1.0" encoding="utf-8"?>
<alto SCHEMAVERSION="alto_bnf-v2_0" xmlns="http://www.loc.gov/standards/alto/ns-v3#" xmlns:xlink="http://www.w3.org/TR/xlink" xmlns:xsi="http://www.w3.org/2001/XMLSchema-instance" xsi:schemaLocation="http://www.loc.gov/standards/alto/ns-v3# http://bibnum.bnf.fr/schema/alto_bnf-v2_0.xsd">
  <Description>
    <MeasurementUnit>pixel</MeasurementUnit>
    <sourceImageInformation>
      <fileName>00000019.jp2</fileName>
      <documentIdentifier documentIdentifierLocation="IFN">9612399</documentIdentifier>
    </sourceImageInformation>
    <OCRProcessing ID="OCR_1">
      <ocrProcessingStep>
        <processingDateTime>2015-10-09</processingDateTime>
        <processingStepDescription>[001_OCR_BRUT]OCR BRUT 99.25 %</processingStepDescription>
        <processingStepDescription>[002_CHARS]{882}</processingStepDescription>
        <processingStepDescription>[003_CHARS_USED]{834}</processingStepDescription>
        <processingStepDescription>[004_CHARS_SUSPECTS_USED]{0}</processingStepDescription>
        <processingStepDescription>[005_CHARS_UNUSED]{48}</processingStepDescription>
        <processingStepDescription>[006_CHARS_SUSPECTS_UNUSED]{0}</processingStepDescription>
        <processingStepDescription>[007_STRINGS]{193}</processingStepDescription>
        <processingStepDescription>[008_STRINGS_USED]{193}</processingStepDescription>
        <processingStepDescription>[009_STRINGS_SUSPECTS_UNUSED]{0}</processingStepDescription>
        <processingStepDescription>[010_CHARS_LETTERS]{834}</processingStepDescription>
        <processingStepDescription>[011_CHARS_PUNCTUATION]{38}</processingStepDescription>
        <processingStepDescription>[012_CHARS_DIGITS]{8}</processingStepDescription>
        <processingStepDescription>[013_CHARS_SUSPECT]{0}</processingStepDescription>
        <processingStepDescription>[022_CHARS_UNUSED_BY_BLOCK]{0}</processingStepDescription>
        <processingStepDescription>[023_BLOCKS_SUSPECTS]{0}</processingStepDescription>
        <processingStepDescription>[111_LIGS_DETECTED_CURV]{0}</processingStepDescription>
      </ocrProcessingStep>
    </OCRProcessing>
  </Description>
  <Styles>
    <TextStyle FONTFAMILY="Times" FONTSIZE="9" ID="TXT_5"/>
    <TextStyle FONTFAMILY="Times" FONTSIZE="8" ID="TXT_7"/>
    <TextStyle FONTFAMILY="Times" FONTSIZE="5" ID="TXT_18"/>
  </Styles>
  <Tags>
    <OtherTag ID="TAG_important" LABEL="important"/>
  </Tags>
  <Layout>
    <Page ACCURACY="99.25" HEIGHT="2984" ID="PAG_00000019" PHYSICAL_IMG_NR="19" PRINTED_IMG_NR="13" QUALITY="OK" WIDTH="1776">
      <TopMargin HEIGHT="363" HPOS="0" ID="PAG_00000019_TopMargin" VPOS="0" WIDTH="1776">
        <TextBlock HEIGHT="38" HPOS="671" ID="PAG_00000019_TB000001" LANG="fr" STYLEREFS="TXT_7" VPOS="264" WIDTH="212">
          <TextLine HEIGHT="38" HPOS="671" ID="PAG_00000019_TL000001" STYLEREFS="TXT_7" VPOS="264" WIDTH="212">
            <String CONTENT="—" HEIGHT="6" HPOS="671" ID="PAG_00000019_ST000001" STYLEREFS="TXT_5" VPOS="284" WC="1" WIDTH="53"/>
            <SP HPOS="724" ID="PAG_00000019_SP000001" VPOS="264" WIDTH="32"/>
            <String CONTENT="13" HEIGHT="38" HPOS="756" ID="PAG_00000019_ST000002" STYLEREFS="TXT_7" VPOS="264" WC="1" WIDTH="47"/>
            <SP HPOS="803" ID="PAG_00000019_SP000002" VPOS="283" WIDTH="29"/>
            <String CONTENT="—" HEIGHT="6" HPOS="832" ID="PAG_00000019_ST000003" STYLEREFS="TXT_7" VPOS="283" WC="1" WIDTH="51"/>
          </TextLine>
        </TextBlock>
      </TopMargin>
      <PrintSpace HEIGHT="2116" HPOS="170" ID="PAG_00000019_PrintSpace" VPOS="363" WIDTH="1260">
        <TextBlock HEIGHT="338" HPOS="170" ID="PAG_00000019_TB000002" LANG="fr" STYLEREFS="TXT_5" VPOS="363" WIDTH="1231">
          <TextLine HEIGHT="54" HPOS="188" ID="PAG_00000019_TL000002" STYLEREFS="TXT_5" VPOS="363" WIDTH="1213">
            <String CONTENT="ment" HEIGHT="37" HPOS="188" ID="PAG_00000019_ST000004" STYLEREFS="TXT_5" VPOS="368" WC="1" WIDTH="111"/>
            <SP HPOS="299" ID="PAG_00000019_SP000003" VPOS="365" WIDTH="18"/>
            <String CONTENT="utile" HEIGHT="39" HPOS="317" ID="PAG_00000019_ST000005" STYLEREFS="TXT_5" VPOS="365" WC="1" WIDTH="98"/>
            <SP HPOS="415" ID="PAG_00000019_SP000004" VPOS="375" WIDTH="31"/>
            <String CONTENT="pour" HEIGHT="41" HPOS="446" ID="PAG_00000019_ST000006" STYLEREFS="TXT_5" VPOS="375" WC="1" WIDTH="103"/>
            <SP HPOS="549" ID="PAG_00000019_SP000005" VPOS="364" WIDTH="28"/>
            <String CONTENT="soulever" HEIGHT="40" HPOS="577" ID="PAG_00000019_ST000007" STYLEREFS="TXT_5" VPOS="364" WC="1" WIDTH="179"/>
            <SP HPOS="756" ID="PAG_00000019_SP000006" VPOS="364" WIDTH="19"/>
            <String CONTENT="les" HEIGHT="39" HPOS="775" ID="PAG_00000019_ST000008" STYLEREFS="TXT_5" VPOS="364" WC="1" WIDTH="56"/>
            <SP HPOS="831" ID="PAG_00000019_SP000007" VPOS="363" WIDTH="31"/>
            <String CONTENT="écorces" HEIGHT="41" HPOS="862" ID="PAG_00000019_ST000009" STYLEREFS="TXT_5" VPOS="363" WC="1" WIDTH="160"/>
            <SP HPOS="1022" ID="PAG_00000019_SP000008" VPOS="367" WIDTH="18"/>
            <String CONTENT="et" HEIGHT="36" HPOS="1040" ID="PAG_00000019_ST000010" STYLEREFS="TXT_5" VPOS="367" WC="1" WIDTH="39"/>
            <SP HPOS="1079" ID="PAG_00000019_SP000009" VPOS="367" WIDTH="19"/>
            <String CONTENT="mettre" HEIGHT="38" HPOS="1098" ID="PAG_00000019_ST000011" STYLEREFS="TXT_5" VPOS="367" WC="1" WIDTH="143"/>
            <SP HPOS="1241" ID="PAG_00000019_SP000010" VPOS="366" WIDTH="19"/>
            <String CONTENT="à" HEIGHT="39" HPOS="1260" ID="PAG_00000019_ST000012" STYLEREFS="TXT_5" VPOS="366" WC="1" WIDTH="25"/>
            <SP HPOS="1285" ID="PAG_00000019_SP000011" VPOS="367" WIDTH="19"/>
            <String CONTENT="jour" HEIGHT="50" HPOS="1304" ID="PAG_00000019_ST000013" STYLEREFS="TXT_5" VPOS="367" WC="1" WIDTH="97"/>
          </TextLine>
          <TextLine HEIGHT="57" HPOS="170" ID="PAG_00000019_TL000003" STYLEREFS="TXT_5" VPOS="435" WIDTH="1229">
            <String CONTENT="les" HEIGHT="40" HPOS="170" ID="PAG_00000019_ST000014" STYLEREFS="TXT_5" VPOS="438" WC="1" WIDTH="58"/>
            <SP HPOS="228" ID="PAG_00000019_SP000012" VPOS="436" WIDTH="47"/>
            <String CONTENT="chenilles" HEIGHT="41" HPOS="275" ID="PAG_00000019_ST000015" STYLEREFS="TXT_5" VPOS="436" WC="1" WIDTH="190"/>
            <SP HPOS="465" ID="PAG_00000019_SP000013" VPOS="439" WIDTH="19"/>
            <String CONTENT="et" HEIGHT="38" HPOS="484" ID="PAG_00000019_ST000016" STYLEREFS="TXT_5" VPOS="439" WC="1" WIDTH="39"/>
            <SP HPOS="523" ID="PAG_00000019_SP000014" VPOS="436" WIDTH="24"/>
            <String CONTENT="les" HEIGHT="40" HPOS="547" ID="PAG_00000019_ST000017" STYLEREFS="TXT_5" VPOS="436" WC="1" WIDTH="57"/>
            <SP HPOS="604" ID="PAG_00000019_SP000015" VPOS="435" WIDTH="20"/>
            <String CONTENT="chrysalides" HEIGHT="53" HPOS="624" ID="PAG_00000019_ST000018" STYLEREFS="TXT_5" VPOS="435" WC="1" WIDTH="245"/>
            <SP HPOS="869" ID="PAG_00000019_SP000016" VPOS="436" WIDTH="29"/>
            <String CONTENT="qui" HEIGHT="51" HPOS="898" ID="PAG_00000019_ST000019" STYLEREFS="TXT_5" VPOS="436" WC="1" WIDTH="69"/>
            <SP HPOS="967" ID="PAG_00000019_SP000017" VPOS="448" WIDTH="28"/>
            <String CONTENT="y" HEIGHT="40" HPOS="995" ID="PAG_00000019_ST000020" STYLEREFS="TXT_5" VPOS="448" WC="1" WIDTH="25"/>
            <SP HPOS="1020" ID="PAG_00000019_SP000018" VPOS="437" WIDTH="30"/>
            <String CONTENT="vivent" HEIGHT="40" HPOS="1050" ID="PAG_00000019_ST000021" STYLEREFS="TXT_5" VPOS="437" WC="1" WIDTH="135"/>
            <SP HPOS="1185" ID="PAG_00000019_SP000019" VPOS="449" WIDTH="27"/>
            <String CONTENT="ou" HEIGHT="29" HPOS="1212" ID="PAG_00000019_ST000022" STYLEREFS="TXT_5" VPOS="449" WC="1" WIDTH="53"/>
            <SP HPOS="1265" ID="PAG_00000019_SP000020" VPOS="440" WIDTH="20"/>
            <String CONTENT="qui" HEIGHT="52" HPOS="1285" ID="PAG_00000019_ST000023" STYLEREFS="TXT_5" VPOS="440" WC="1" WIDTH="70"/>
            <SP HPOS="1355" ID="PAG_00000019_SP000021" VPOS="452" WIDTH="20"/>
            <String CONTENT="y" HEIGHT="40" HPOS="1375" ID="PAG_00000019_ST000024" STYLEREFS="TXT_5" VPOS="452" WC="1" WIDTH="24"/>
          </TextLine>
          <TextLine HEIGHT="52" HPOS="175" ID="PAG_00000019_TL000004" STYLEREFS="TXT_5" VPOS="509" WIDTH="1223">
            <String CONTENT="cherchent" HEIGHT="41" HPOS="175" ID="PAG_00000019_ST000025" STYLEREFS="TXT_5" VPOS="509" WC="1" WIDTH="215"/>
            <SP HPOS="390" ID="PAG_00000019_SP000022" VPOS="521" WIDTH="19"/>
            <String CONTENT="un" HEIGHT="28" HPOS="409" ID="PAG_00000019_ST000026" STYLEREFS="TXT_5" VPOS="521" WC="1" WIDTH="56"/>
            <SP HPOS="465" ID="PAG_00000019_SP000023" VPOS="509" WIDTH="20"/>
            <String CONTENT="refuge" HEIGHT="50" HPOS="485" ID="PAG_00000019_ST000027" STYLEREFS="TXT_5" VPOS="509" WC="1" WIDTH="135"/>
            <SP HPOS="620" ID="PAG_00000019_SP000024" VPOS="541" WIDTH="17"/>
            <String CONTENT="," HEIGHT="19" HPOS="637" ID="PAG_00000019_ST000028" STYLEREFS="TXT_5" VPOS="541" WC="1" WIDTH="10"/>
            <SP HPOS="647" ID="PAG_00000019_SP000025" VPOS="509" WIDTH="34"/>
            <String CONTENT="mais" HEIGHT="39" HPOS="681" ID="PAG_00000019_ST000029" STYLEREFS="TXT_5" VPOS="509" WC="1" WIDTH="103"/>
            <SP HPOS="784" ID="PAG_00000019_SP000026" VPOS="509" WIDTH="19"/>
            <String CONTENT="aussi" HEIGHT="39" HPOS="803" ID="PAG_00000019_ST000030" STYLEREFS="TXT_5" VPOS="509" WC="1" WIDTH="108"/>
            <SP HPOS="911" ID="PAG_00000019_SP000027" VPOS="520" WIDTH="18"/>
            <String CONTENT="pour" HEIGHT="41" HPOS="929" ID="PAG_00000019_ST000031" STYLEREFS="TXT_5" VPOS="520" WC="1" WIDTH="104"/>
            <SP HPOS="1033" ID="PAG_00000019_SP000028" VPOS="509" WIDTH="19"/>
            <String CONTENT="fouiller" HEIGHT="41" HPOS="1052" ID="PAG_00000019_ST000032" STYLEREFS="TXT_5" VPOS="509" WC="1" WIDTH="158"/>
            <SP HPOS="1210" ID="PAG_00000019_SP000029" VPOS="510" WIDTH="31"/>
            <String CONTENT="dans" HEIGHT="41" HPOS="1241" ID="PAG_00000019_ST000033" STYLEREFS="TXT_5" VPOS="510" WC="1" WIDTH="99"/>
            <SP HPOS="1340" ID="PAG_00000019_SP000030" VPOS="513" WIDTH="20"/>
            <String CONTENT="la" HEIGHT="39" HPOS="1360" ID="PAG_00000019_ST000034" STYLEREFS="TXT_5" VPOS="513" WC="1" WIDTH="38"/>
          </TextLine>
          <TextLine HEIGHT="53" HPOS="175" ID="PAG_00000019_TL000005" STYLEREFS="TXT_5" VPOS="580" WIDTH="1223">
            <String CONTENT="terre," HEIGHT="45" HPOS="175" ID="PAG_00000019_ST000035" STYLEREFS="TXT_5" VPOS="584" WC="1" WIDTH="118"/>
            <SP HPOS="293" ID="PAG_00000019_SP000031" VPOS="592" WIDTH="25"/>
            <String CONTENT="au" HEIGHT="28" HPOS="318" ID="PAG_00000019_ST000036" STYLEREFS="TXT_5" VPOS="592" WC="1" WIDTH="49"/>
            <SP HPOS="367" ID="PAG_00000019_SP000032" VPOS="580" WIDTH="22"/>
            <String CONTENT="pied" HEIGHT="53" HPOS="389" ID="PAG_00000019_ST000037" STYLEREFS="TXT_5" VPOS="580" WC="1" WIDTH="92"/>
            <SP HPOS="481" ID="PAG_00000019_SP000033" VPOS="580" WIDTH="18"/>
            <String CONTENT="des" HEIGHT="41" HPOS="499" ID="PAG_00000019_ST000038" STYLEREFS="TXT_5" VPOS="580" WC="1" WIDTH="69"/>
            <SP HPOS="568" ID="PAG_00000019_SP000034" VPOS="580" WIDTH="20"/>
            <String CONTENT="arbres," HEIGHT="49" HPOS="588" ID="PAG_00000019_ST000039" STYLEREFS="TXT_5" VPOS="580" WC="1" WIDTH="150"/>
            <SP HPOS="738" ID="PAG_00000019_SP000035" VPOS="583" WIDTH="23"/>
            <String CONTENT="entre" HEIGHT="37" HPOS="761" ID="PAG_00000019_ST000040" STYLEREFS="TXT_5" VPOS="583" WC="1" WIDTH="108"/>
            <SP HPOS="869" ID="PAG_00000019_SP000036" VPOS="581" WIDTH="19"/>
            <String CONTENT="les" HEIGHT="40" HPOS="888" ID="PAG_00000019_ST000041" STYLEREFS="TXT_5" VPOS="581" WC="1" WIDTH="59"/>
            <SP HPOS="947" ID="PAG_00000019_SP000037" VPOS="581" WIDTH="19"/>
            <String CONTENT="racines," HEIGHT="49" HPOS="966" ID="PAG_00000019_ST000042" STYLEREFS="TXT_5" VPOS="581" WC="1" WIDTH="170"/>
            <SP HPOS="1136" ID="PAG_00000019_SP000038" VPOS="582" WIDTH="22"/>
            <String CONTENT="le" HEIGHT="41" HPOS="1158" ID="PAG_00000019_ST000043" STYLEREFS="TXT_5" VPOS="582" WC="1" WIDTH="36"/>
            <SP HPOS="1194" ID="PAG_00000019_SP000039" VPOS="583" WIDTH="21"/>
            <String CONTENT="long" HEIGHT="50" HPOS="1215" ID="PAG_00000019_ST000044" STYLEREFS="TXT_5" VPOS="583" WC="1" WIDTH="95"/>
            <SP HPOS="1310" ID="PAG_00000019_SP000040" VPOS="583" WIDTH="19"/>
            <String CONTENT="des" HEIGHT="41" HPOS="1329" ID="PAG_00000019_ST000045" STYLEREFS="TXT_5" VPOS="583" WC="1" WIDTH="69"/>
          </TextLine>
          <TextLine HEIGHT="44" HPOS="172" ID="PAG_00000019_TL000006" STYLEREFS="TXT_5" VPOS="657" WIDTH="225">
            <String CONTENT="murs," HEIGHT="37" HPOS="172" ID="PAG_00000019_ST000046" STYLEREFS="TXT_5" VPOS="664" WC="1" WIDTH="127"/>
            <SP HPOS="299" ID="PAG_00000019_SP000041" VPOS="657" WIDTH="21"/>
            <String CONTENT="etc." HEIGHT="36" HPOS="320" ID="PAG_00000019_ST000047" STYLEREFS="TXT_5" VPOS="657" WC="1" WIDTH="77"/>
          </TextLine>
        </TextBlock>
        <TextBlock HEIGHT="51" HPOS="226" ID="PAG_00000019_TB000003" LANG="fr" STYLEREFS="TXT_5" VPOS="724" WIDTH="1171">
          <TextLine HEIGHT="51" HPOS="226" ID="PAG_00000019_TL000007" STYLEREFS="TXT_5" VPOS="724" WIDTH="1171">
            <String CONTENT="Le" HEIGHT="40" HPOS="226" ID="PAG_00000019_ST000048" STYLEREFS="TXT_5" VPOS="725" WC="1" WIDTH="53"/>
            <SP HPOS="279" ID="PAG_00000019_SP000042" VPOS="724" WIDTH="33"/>
            <String CONTENT="maillet," HEIGHT="49" HPOS="312" ID="PAG_00000019_ST000049" STYLEREFS="TXT_5" VPOS="724" WC="1" WIDTH="170"/>
            <SP HPOS="482" ID="PAG_00000019_SP000043" VPOS="725" WIDTH="24"/>
            <String CONTENT="fig." HEIGHT="50" HPOS="506" ID="PAG_00000019_ST000050" STYLEREFS="TXT_5" VPOS="725" WC="1" WIDTH="65"/>
            <SP HPOS="571" ID="PAG_00000019_SP000044" VPOS="727" WIDTH="30"/>
            <String CONTENT="5." HEIGHT="38" HPOS="601" ID="PAG_00000019_ST000051" STYLEREFS="TXT_5" VPOS="727" WC="1" WIDTH="37"/>
            <SP HPOS="638" ID="PAG_00000019_SP000045" VPOS="730" WIDTH="25"/>
            <String CONTENT="est" HEIGHT="35" HPOS="663" ID="PAG_00000019_ST000052" STYLEREFS="TXT_5" VPOS="730" WC="1" WIDTH="58"/>
            <SP HPOS="721" ID="PAG_00000019_SP000046" VPOS="737" WIDTH="31"/>
            <String CONTENT="un" HEIGHT="28" HPOS="752" ID="PAG_00000019_ST000053" STYLEREFS="TXT_5" VPOS="737" WC="1" WIDTH="57"/>
            <SP HPOS="809" ID="PAG_00000019_SP000047" VPOS="725" WIDTH="33"/>
            <String CONTENT="manche" HEIGHT="41" HPOS="842" ID="PAG_00000019_ST000054" STYLEREFS="TXT_5" VPOS="725" WC="1" WIDTH="170"/>
            <SP HPOS="1012" ID="PAG_00000019_SP000048" VPOS="736" WIDTH="38"/>
            <String CONTENT="en" HEIGHT="29" HPOS="1050" ID="PAG_00000019_ST000055" STYLEREFS="TXT_5" VPOS="736" WC="1" WIDTH="49"/>
            <SP HPOS="1099" ID="PAG_00000019_SP000049" VPOS="725" WIDTH="38"/>
            <String CONTENT="bois" HEIGHT="42" HPOS="1137" ID="PAG_00000019_ST000056" STYLEREFS="TXT_5" VPOS="725" WC="1" WIDTH="89"/>
            <SP HPOS="1226" ID="PAG_00000019_SP000050" VPOS="731" WIDTH="28"/>
            <String CONTENT="autour" HEIGHT="38" HPOS="1254" ID="PAG_00000019_ST000057" STYLEREFS="TXT_5" VPOS="731" WC="1" WIDTH="143"/>
          </TextLine>
        </TextBlock>
        <ComposedBlock HEIGHT="313" HPOS="366" ID="PAG_00000019_CB000001" VPOS="803" WIDTH="821">
          <TextBlock HEIGHT="37" HPOS="740" ID="PAG_00000019_TB000004" LANG="fr" STYLEREFS="TXT_18" VPOS="803" WIDTH="110">
            <TextLine HEIGHT="37" HPOS="740" ID="PAG_00000019_TL000008" STYLEREFS="TXT_18" VPOS="803" WIDTH="110">
              <String CONTENT="Fig." HEIGHT="37" HPOS="740" ID="PAG_00000019_ST000058" STYLEREFS="TXT_18" TAGREFS="TAG_important" VPOS="803" WC="1" WIDTH="63"/>
              <SP HPOS="803" ID="PAG_00000019_SP000051" VPOS="806" WIDTH="21"/>
              <String CONTENT="5." HEIGHT="25" HPOS="824" ID="PAG_00000019_ST000059" STYLEREFS="TXT_18" VPOS="806" WC="0.97" WIDTH="26"/>
            </TextLine>
          </TextBlock>
          <Illustration HEIGHT="273" HPOS="366" ID="PAG_00000019_IL000001" VPOS="843" WIDTH="821"/>
        </ComposedBlock>
        <TextBlock HEIGHT="906" HPOS="174" ID="PAG_00000019_TB000005" LANG="fr" STYLEREFS="TXT_5" VPOS="1146" WIDTH="1256">
          <TextLine HEIGHT="58" HPOS="174" ID="PAG_00000019_TL000009" STYLEREFS="TXT_5" VPOS="1146" WIDTH="1224">
            <String CONTENT="duquel" HEIGHT="52" HPOS="174" ID="PAG_00000019_ST000060" STYLEREFS="TXT_5" VPOS="1146" WC="1" WIDTH="149"/>
            <SP HPOS="323" ID="PAG_00000019_SP000052" VPOS="1152" WIDTH="20"/>
            <String CONTENT="est" HEIGHT="37" HPOS="343" ID="PAG_00000019_ST000061" STYLEREFS="TXT_5" VPOS="1152" WC="1" WIDTH="60"/>
            <SP HPOS="403" ID="PAG_00000019_SP000053" VPOS="1149" WIDTH="27"/>
            <String CONTENT="adapté" HEIGHT="54" HPOS="430" ID="PAG_00000019_ST000062" STYLEREFS="TXT_5" VPOS="1149" WC="1" WIDTH="144"/>
            <SP HPOS="574" ID="PAG_00000019_SP000054" VPOS="1163" WIDTH="31"/>
            <String CONTENT="un" HEIGHT="28" HPOS="605" ID="PAG_00000019_ST000063" STYLEREFS="TXT_5" VPOS="1163" WC="1" WIDTH="57"/>
            <SP HPOS="662" ID="PAG_00000019_SP000055" VPOS="1151" WIDTH="33"/>
            <String CONTENT="kilo" HEIGHT="41" HPOS="695" ID="PAG_00000019_ST000064" STYLEREFS="TXT_5" VPOS="1151" WC="1" WIDTH="78"/>
            <SP HPOS="773" ID="PAG_00000019_SP000056" VPOS="1152" WIDTH="20"/>
            <String CONTENT="de" HEIGHT="40" HPOS="793" ID="PAG_00000019_ST000065" STYLEREFS="TXT_5" VPOS="1152" WC="1" WIDTH="50"/>
            <SP HPOS="843" ID="PAG_00000019_SP000057" VPOS="1152" WIDTH="29"/>
            <String CONTENT="plomb," HEIGHT="52" HPOS="872" ID="PAG_00000019_ST000066" STYLEREFS="TXT_5" VPOS="1152" WC="1" WIDTH="150"/>
            <SP HPOS="1022" ID="PAG_00000019_SP000058" VPOS="1155" WIDTH="27"/>
            <String CONTENT="recouvert" HEIGHT="37" HPOS="1049" ID="PAG_00000019_ST000067" STYLEREFS="TXT_5" VPOS="1155" WC="1" WIDTH="211"/>
            <SP HPOS="1260" ID="PAG_00000019_SP000059" VPOS="1150" WIDTH="19"/>
            <String CONTENT="d'une" HEIGHT="39" HPOS="1279" ID="PAG_00000019_ST000068" STYLEREFS="TXT_5" VPOS="1150" WC="1" WIDTH="119"/>
          </TextLine>
          <TextLine HEIGHT="55" HPOS="176" ID="PAG_00000019_TL000010" STYLEREFS="TXT_5" VPOS="1221" WIDTH="1224">
            <String CONTENT="garniture" HEIGHT="48" HPOS="176" ID="PAG_00000019_ST000069" STYLEREFS="TXT_5" VPOS="1221" WC="1" WIDTH="203"/>
            <SP HPOS="379" ID="PAG_00000019_SP000060" VPOS="1222" WIDTH="20"/>
            <String CONTENT="de" HEIGHT="40" HPOS="399" ID="PAG_00000019_ST000070" STYLEREFS="TXT_5" VPOS="1222" WC="1" WIDTH="49"/>
            <SP HPOS="448" ID="PAG_00000019_SP000061" VPOS="1222" WIDTH="21"/>
            <String CONTENT="liége" HEIGHT="52" HPOS="469" ID="PAG_00000019_ST000071" STYLEREFS="TXT_5" VPOS="1222" WC="0.98" WIDTH="99"/>
            <SP HPOS="568" ID="PAG_00000019_SP000062" VPOS="1227" WIDTH="21"/>
            <String CONTENT="et" HEIGHT="37" HPOS="589" ID="PAG_00000019_ST000072" STYLEREFS="TXT_5" VPOS="1227" WC="1" WIDTH="39"/>
            <SP HPOS="628" ID="PAG_00000019_SP000063" VPOS="1224" WIDTH="18"/>
            <String CONTENT="le" HEIGHT="40" HPOS="646" ID="PAG_00000019_ST000073" STYLEREFS="TXT_5" VPOS="1224" WC="1" WIDTH="35"/>
            <SP HPOS="681" ID="PAG_00000019_SP000064" VPOS="1227" WIDTH="24"/>
            <String CONTENT="tout" HEIGHT="37" HPOS="705" ID="PAG_00000019_ST000074" STYLEREFS="TXT_5" VPOS="1227" WC="1" WIDTH="87"/>
            <SP HPOS="792" ID="PAG_00000019_SP000065" VPOS="1224" WIDTH="21"/>
            <String CONTENT="enveloppé" HEIGHT="52" HPOS="813" ID="PAG_00000019_ST000075" STYLEREFS="TXT_5" VPOS="1224" WC="1" WIDTH="215"/>
            <SP HPOS="1028" ID="PAG_00000019_SP000066" VPOS="1224" WIDTH="21"/>
            <String CONTENT="d'un" HEIGHT="40" HPOS="1049" ID="PAG_00000019_ST000076" STYLEREFS="TXT_5" VPOS="1224" WC="1" WIDTH="96"/>
            <SP HPOS="1145" ID="PAG_00000019_SP000067" VPOS="1224" WIDTH="21"/>
            <String CONTENT="cuir" HEIGHT="40" HPOS="1166" ID="PAG_00000019_ST000077" STYLEREFS="TXT_5" VPOS="1224" WC="1" WIDTH="88"/>
            <SP HPOS="1254" ID="PAG_00000019_SP000068" VPOS="1221" WIDTH="20"/>
            <String CONTENT="solide" HEIGHT="41" HPOS="1274" ID="PAG_00000019_ST000078" STYLEREFS="TXT_5" VPOS="1221" WC="1" WIDTH="126"/>
          </TextLine>
          <TextLine HEIGHT="53" HPOS="177" ID="PAG_00000019_TL000011" STYLEREFS="TXT_5" VPOS="1294" WIDTH="1221">
            <String CONTENT="et" HEIGHT="35" HPOS="177" ID="PAG_00000019_ST000079" STYLEREFS="TXT_5" VPOS="1296" WC="1" WIDTH="37"/>
            <SP HPOS="214" ID="PAG_00000019_SP000069" VPOS="1294" WIDTH="50"/>
            <String CONTENT="parfaitement" HEIGHT="50" HPOS="264" ID="PAG_00000019_ST000080" STYLEREFS="TXT_5" VPOS="1294" WC="1" WIDTH="281"/>
            <SP HPOS="545" ID="PAG_00000019_SP000070" VPOS="1307" WIDTH="51"/>
            <String CONTENT="cousu," HEIGHT="37" HPOS="596" ID="PAG_00000019_ST000081" STYLEREFS="TXT_5" VPOS="1307" WC="1" WIDTH="141"/>
            <SP HPOS="737" ID="PAG_00000019_SP000071" VPOS="1296" WIDTH="49"/>
            <String CONTENT="laissant" HEIGHT="40" HPOS="786" ID="PAG_00000019_ST000082" STYLEREFS="TXT_5" VPOS="1296" WC="1" WIDTH="167"/>
            <SP HPOS="953" ID="PAG_00000019_SP000072" VPOS="1295" WIDTH="46"/>
            <String CONTENT="dépasser" HEIGHT="52" HPOS="999" ID="PAG_00000019_ST000083" STYLEREFS="TXT_5" VPOS="1295" WC="1" WIDTH="188"/>
            <SP HPOS="1187" ID="PAG_00000019_SP000073" VPOS="1295" WIDTH="47"/>
            <String CONTENT="environ" HEIGHT="40" HPOS="1234" ID="PAG_00000019_ST000084" STYLEREFS="TXT_5" VPOS="1295" WC="1" WIDTH="164"/>
          </TextLine>
          <TextLine HEIGHT="56" HPOS="179" ID="PAG_00000019_TL000012" STYLEREFS="TXT_5" VPOS="1363" WIDTH="1218">
            <String CONTENT="15" HEIGHT="41" HPOS="179" ID="PAG_00000019_ST000085" STYLEREFS="TXT_5" VPOS="1363" WC="1" WIDTH="49"/>
            <SP HPOS="228" ID="PAG_00000019_SP000074" VPOS="1366" WIDTH="39"/>
            <String CONTENT="centimetres" HEIGHT="41" HPOS="267" ID="PAG_00000019_ST000086" STYLEREFS="TXT_5" VPOS="1366" WC="1" WIDTH="253"/>
            <SP HPOS="520" ID="PAG_00000019_SP000075" VPOS="1379" WIDTH="34"/>
            <String CONTENT="pour" HEIGHT="40" HPOS="554" ID="PAG_00000019_ST000087" STYLEREFS="TXT_5" VPOS="1379" WC="1" WIDTH="103"/>
            <SP HPOS="657" ID="PAG_00000019_SP000076" VPOS="1368" WIDTH="36"/>
            <String CONTENT="la" HEIGHT="39" HPOS="693" ID="PAG_00000019_ST000088" STYLEREFS="TXT_5" VPOS="1368" WC="1" WIDTH="38"/>
            <SP HPOS="731" ID="PAG_00000019_SP000077" VPOS="1367" WIDTH="32"/>
            <String CONTENT="poignée;" HEIGHT="52" HPOS="763" ID="PAG_00000019_ST000089" STYLEREFS="TXT_5" VPOS="1367" WC="1" WIDTH="191"/>
            <SP HPOS="954" ID="PAG_00000019_SP000078" VPOS="1380" WIDTH="39"/>
            <String CONTENT="ce" HEIGHT="28" HPOS="993" ID="PAG_00000019_ST000090" STYLEREFS="TXT_5" VPOS="1380" WC="1" WIDTH="45"/>
            <SP HPOS="1038" ID="PAG_00000019_SP000079" VPOS="1368" WIDTH="39"/>
            <String CONTENT="maillet" HEIGHT="39" HPOS="1077" ID="PAG_00000019_ST000091" STYLEREFS="TXT_5" VPOS="1368" WC="1" WIDTH="152"/>
            <SP HPOS="1229" ID="PAG_00000019_SP000080" VPOS="1370" WIDTH="32"/>
            <String CONTENT="sert" HEIGHT="36" HPOS="1261" ID="PAG_00000019_ST000092" STYLEREFS="TXT_5" VPOS="1370" WC="1" WIDTH="80"/>
            <SP HPOS="1341" ID="PAG_00000019_SP000081" VPOS="1367" WIDTH="37"/>
            <String CONTENT="it" HEIGHT="38" HPOS="1378" ID="PAG_00000019_ST000093" STYLEREFS="TXT_5" VPOS="1367" WC="0.49" WIDTH="19"/>
          </TextLine>
          <TextLine HEIGHT="56" HPOS="176" ID="PAG_00000019_TL000013" STYLEREFS="TXT_5" VPOS="1436" WIDTH="1223">
            <String CONTENT="frapper" HEIGHT="52" HPOS="176" ID="PAG_00000019_ST000094" STYLEREFS="TXT_5" VPOS="1436" WC="1" WIDTH="159"/>
            <SP HPOS="335" ID="PAG_00000019_SP000082" VPOS="1437" WIDTH="31"/>
            <String CONTENT="les" HEIGHT="41" HPOS="366" ID="PAG_00000019_ST000095" STYLEREFS="TXT_5" VPOS="1437" WC="1" WIDTH="56"/>
            <SP HPOS="422" ID="PAG_00000019_SP000083" VPOS="1439" WIDTH="31"/>
            <String CONTENT="arbres" HEIGHT="40" HPOS="453" ID="PAG_00000019_ST000096" STYLEREFS="TXT_5" VPOS="1439" WC="1" WIDTH="136"/>
            <SP HPOS="589" ID="PAG_00000019_SP000084" VPOS="1451" WIDTH="32"/>
            <String CONTENT="pour" HEIGHT="41" HPOS="621" ID="PAG_00000019_ST000097" STYLEREFS="TXT_5" VPOS="1451" WC="1" WIDTH="103"/>
            <SP HPOS="724" ID="PAG_00000019_SP000085" VPOS="1440" WIDTH="27"/>
            <String CONTENT="faire" HEIGHT="40" HPOS="751" ID="PAG_00000019_ST000098" STYLEREFS="TXT_5" VPOS="1440" WC="1" WIDTH="98"/>
            <SP HPOS="849" ID="PAG_00000019_SP000086" VPOS="1440" WIDTH="20"/>
            <String CONTENT="tomber" HEIGHT="40" HPOS="869" ID="PAG_00000019_ST000099" STYLEREFS="TXT_5" VPOS="1440" WC="1" WIDTH="157"/>
            <SP HPOS="1026" ID="PAG_00000019_SP000087" VPOS="1440" WIDTH="32"/>
            <String CONTENT="les" HEIGHT="40" HPOS="1058" ID="PAG_00000019_ST000100" STYLEREFS="TXT_5" VPOS="1440" WC="1" WIDTH="57"/>
            <SP HPOS="1115" ID="PAG_00000019_SP000088" VPOS="1439" WIDTH="37"/>
            <String CONTENT="chenilles" HEIGHT="41" HPOS="1152" ID="PAG_00000019_ST000101" STYLEREFS="TXT_5" VPOS="1439" WC="1" WIDTH="192"/>
            <SP HPOS="1344" ID="PAG_00000019_SP000089" VPOS="1443" WIDTH="18"/>
            <String CONTENT="et" HEIGHT="35" HPOS="1362" ID="PAG_00000019_ST000102" STYLEREFS="TXT_5" VPOS="1443" WC="1" WIDTH="37"/>
          </TextLine>
          <TextLine HEIGHT="55" HPOS="175" ID="PAG_00000019_TL000014" STYLEREFS="TXT_5" VPOS="1508" WIDTH="1226">
            <String CONTENT="les" HEIGHT="40" HPOS="175" ID="PAG_00000019_ST000103" STYLEREFS="TXT_5" VPOS="1508" WC="1" WIDTH="57"/>
            <SP HPOS="232" ID="PAG_00000019_SP000090" VPOS="1509" WIDTH="16"/>
            <String CONTENT="papillons" HEIGHT="51" HPOS="248" ID="PAG_00000019_ST000104" STYLEREFS="TXT_5" VPOS="1509" WC="1" WIDTH="197"/>
            <SP HPOS="445" ID="PAG_00000019_SP000091" VPOS="1513" WIDTH="17"/>
            <String CONTENT="nocturnes" HEIGHT="38" HPOS="462" ID="PAG_00000019_ST000105" STYLEREFS="TXT_5" VPOS="1513" WC="1" WIDTH="218"/>
            <SP HPOS="680" ID="PAG_00000019_SP000092" VPOS="1512" WIDTH="11"/>
            <String CONTENT="qui" HEIGHT="50" HPOS="691" ID="PAG_00000019_ST000106" STYLEREFS="TXT_5" VPOS="1512" WC="1" WIDTH="68"/>
            <SP HPOS="759" ID="PAG_00000019_SP000093" VPOS="1524" WIDTH="17"/>
            <String CONTENT="y" HEIGHT="39" HPOS="776" ID="PAG_00000019_ST000107" STYLEREFS="TXT_5" VPOS="1524" WC="1" WIDTH="24"/>
            <SP HPOS="800" ID="PAG_00000019_SP000094" VPOS="1515" WIDTH="15"/>
            <String CONTENT="restent" HEIGHT="37" HPOS="815" ID="PAG_00000019_ST000108" STYLEREFS="TXT_5" VPOS="1515" WC="1" WIDTH="150"/>
            <SP HPOS="965" ID="PAG_00000019_SP000095" VPOS="1511" WIDTH="14"/>
            <String CONTENT="immobiles" HEIGHT="40" HPOS="979" ID="PAG_00000019_ST000109" STYLEREFS="TXT_5" VPOS="1511" WC="1" WIDTH="229"/>
            <SP HPOS="1208" ID="PAG_00000019_SP000096" VPOS="1511" WIDTH="16"/>
            <String CONTENT="pendant" HEIGHT="52" HPOS="1224" ID="PAG_00000019_ST000110" STYLEREFS="TXT_5" VPOS="1511" WC="1" WIDTH="177"/>
          </TextLine>
          <TextLine HEIGHT="53" HPOS="176" ID="PAG_00000019_TL000015" STYLEREFS="TXT_5" VPOS="1581" WIDTH="1254">
            <String CONTENT="le" HEIGHT="38" HPOS="176" ID="PAG_00000019_ST000111" STYLEREFS="TXT_5" VPOS="1581" WC="1" WIDTH="36"/>
            <SP HPOS="212" ID="PAG_00000019_SP000097" VPOS="1582" WIDTH="26"/>
            <String CONTENT="jour." HEIGHT="50" HPOS="238" ID="PAG_00000019_ST000112" STYLEREFS="TXT_5" VPOS="1582" WC="1" WIDTH="108"/>
            <SP HPOS="346" ID="PAG_00000019_SP000098" VPOS="1583" WIDTH="36"/>
            <String CONTENT="Le" HEIGHT="39" HPOS="382" ID="PAG_00000019_ST000113" STYLEREFS="TXT_5" VPOS="1583" WC="1" WIDTH="54"/>
            <SP HPOS="436" ID="PAG_00000019_SP000099" VPOS="1582" WIDTH="20"/>
            <String CONTENT="liége" HEIGHT="51" HPOS="456" ID="PAG_00000019_ST000114" STYLEREFS="TXT_5" VPOS="1582" WC="0.98" WIDTH="100"/>
            <SP HPOS="556" ID="PAG_00000019_SP000100" VPOS="1587" WIDTH="20"/>
            <String CONTENT="et" HEIGHT="35" HPOS="576" ID="PAG_00000019_ST000115" STYLEREFS="TXT_5" VPOS="1587" WC="1" WIDTH="38"/>
            <SP HPOS="614" ID="PAG_00000019_SP000101" VPOS="1584" WIDTH="20"/>
            <String CONTENT="le" HEIGHT="38" HPOS="634" ID="PAG_00000019_ST000116" STYLEREFS="TXT_5" VPOS="1584" WC="1" WIDTH="34"/>
            <SP HPOS="668" ID="PAG_00000019_SP000102" VPOS="1584" WIDTH="20"/>
            <String CONTENT="cuir" HEIGHT="38" HPOS="688" ID="PAG_00000019_ST000117" STYLEREFS="TXT_5" VPOS="1584" WC="1" WIDTH="85"/>
            <SP HPOS="773" ID="PAG_00000019_SP000103" VPOS="1584" WIDTH="31"/>
            <String CONTENT="n'ont" HEIGHT="39" HPOS="804" ID="PAG_00000019_ST000118" STYLEREFS="TXT_5" VPOS="1584" WC="0.91" WIDTH="114"/>
            <SP HPOS="918" ID="PAG_00000019_SP000104" VPOS="1583" WIDTH="33"/>
            <String CONTENT="d'autre" HEIGHT="40" HPOS="951" ID="PAG_00000019_ST000119" STYLEREFS="TXT_5" VPOS="1583" WC="1" WIDTH="154"/>
            <SP HPOS="1105" ID="PAG_00000019_SP000105" VPOS="1583" WIDTH="19"/>
            <String CONTENT="but" HEIGHT="40" HPOS="1124" ID="PAG_00000019_ST000120" STYLEREFS="TXT_5" VPOS="1583" WC="1" WIDTH="72"/>
            <SP HPOS="1196" ID="PAG_00000019_SP000106" VPOS="1595" WIDTH="19"/>
            <String CONTENT="que" HEIGHT="39" HPOS="1215" ID="PAG_00000019_ST000121" STYLEREFS="TXT_5" VPOS="1595" WC="1" WIDTH="75"/>
            <SP HPOS="1290" ID="PAG_00000019_SP000107" VPOS="1583" WIDTH="21"/>
            <String CONTENT="d'a-" HEIGHT="40" HPOS="1311" ID="PAG_00000019_ST000122" STYLEREFS="TXT_5" SUBS_CONTENT="d'amortir" SUBS_TYPE="HypPart1" VPOS="1583" WC="1" WIDTH="89"/>
            <HYP CONTENT="-" HPOS="1400" VPOS="1623" WIDTH="30"/>
          </TextLine>
          <TextLine HEIGHT="55" HPOS="176" ID="PAG_00000019_TL000016" STYLEREFS="TXT_5" VPOS="1652" WIDTH="1223">
            <String CONTENT="mortir" HEIGHT="39" HPOS="176" ID="PAG_00000019_ST000123" STYLEREFS="TXT_5" SUBS_CONTENT="d'amortir" SUBS_TYPE="HypPart2" VPOS="1652" WC="1" WIDTH="142"/>
            <SP HPOS="318" ID="PAG_00000019_SP000108" VPOS="1652" WIDTH="15"/>
            <String CONTENT="le" HEIGHT="39" HPOS="333" ID="PAG_00000019_ST000124" STYLEREFS="TXT_5" VPOS="1652" WC="1" WIDTH="36"/>
            <SP HPOS="369" ID="PAG_00000019_SP000109" VPOS="1664" WIDTH="21"/>
            <String CONTENT="coup," HEIGHT="41" HPOS="390" ID="PAG_00000019_ST000125" STYLEREFS="TXT_5" VPOS="1664" WC="1" WIDTH="118"/>
            <SP HPOS="508" ID="PAG_00000019_SP000110" VPOS="1657" WIDTH="19"/>
            <String CONTENT="et" HEIGHT="36" HPOS="527" ID="PAG_00000019_ST000126" STYLEREFS="TXT_5" VPOS="1657" WC="1" WIDTH="38"/>
            <SP HPOS="565" ID="PAG_00000019_SP000111" VPOS="1654" WIDTH="16"/>
            <String CONTENT="éviter" HEIGHT="41" HPOS="581" ID="PAG_00000019_ST000127" STYLEREFS="TXT_5" VPOS="1654" WC="1" WIDTH="123"/>
            <SP HPOS="704" ID="PAG_00000019_SP000112" VPOS="1655" WIDTH="19"/>
            <String CONTENT="de" HEIGHT="39" HPOS="723" ID="PAG_00000019_ST000128" STYLEREFS="TXT_5" VPOS="1655" WC="1" WIDTH="48"/>
            <SP HPOS="771" ID="PAG_00000019_SP000113" VPOS="1656" WIDTH="21"/>
            <String CONTENT="faire" HEIGHT="38" HPOS="792" ID="PAG_00000019_ST000129" STYLEREFS="TXT_5" VPOS="1656" WC="1" WIDTH="97"/>
            <SP HPOS="889" ID="PAG_00000019_SP000114" VPOS="1655" WIDTH="22"/>
            <String CONTENT="des" HEIGHT="39" HPOS="911" ID="PAG_00000019_ST000130" STYLEREFS="TXT_5" VPOS="1655" WC="1" WIDTH="68"/>
            <SP HPOS="979" ID="PAG_00000019_SP000115" VPOS="1655" WIDTH="22"/>
            <String CONTENT="plaies" HEIGHT="52" HPOS="1001" ID="PAG_00000019_ST000131" STYLEREFS="TXT_5" VPOS="1655" WC="1" WIDTH="124"/>
            <SP HPOS="1125" ID="PAG_00000019_SP000116" VPOS="1666" WIDTH="16"/>
            <String CONTENT="aux" HEIGHT="29" HPOS="1141" ID="PAG_00000019_ST000132" STYLEREFS="TXT_5" VPOS="1666" WC="1" WIDTH="77"/>
            <SP HPOS="1218" ID="PAG_00000019_SP000117" VPOS="1656" WIDTH="29"/>
            <String CONTENT="arbres," HEIGHT="49" HPOS="1247" ID="PAG_00000019_ST000133" STYLEREFS="TXT_5" VPOS="1656" WC="1" WIDTH="152"/>
          </TextLine>
          <TextLine HEIGHT="56" HPOS="178" ID="PAG_00000019_TL000017" STYLEREFS="TXT_5" VPOS="1722" WIDTH="1223">
            <String CONTENT="en" HEIGHT="28" HPOS="178" ID="PAG_00000019_ST000134" STYLEREFS="TXT_5" VPOS="1734" WC="1" WIDTH="48"/>
            <SP HPOS="226" ID="PAG_00000019_SP000118" VPOS="1722" WIDTH="39"/>
            <String CONTENT="soulevant" HEIGHT="42" HPOS="265" ID="PAG_00000019_ST000135" STYLEREFS="TXT_5" VPOS="1722" WC="1" WIDTH="210"/>
            <SP HPOS="475" ID="PAG_00000019_SP000119" VPOS="1724" WIDTH="32"/>
            <String CONTENT="l'écorce;" HEIGHT="54" HPOS="507" ID="PAG_00000019_ST000136" STYLEREFS="TXT_5" VPOS="1724" WC="1" WIDTH="191"/>
            <SP HPOS="698" ID="PAG_00000019_SP000120" VPOS="1726" WIDTH="39"/>
            <String CONTENT="malgré" HEIGHT="50" HPOS="737" ID="PAG_00000019_ST000137" STYLEREFS="TXT_5" VPOS="1726" WC="1" WIDTH="151"/>
            <SP HPOS="888" ID="PAG_00000019_SP000121" VPOS="1739" WIDTH="34"/>
            <String CONTENT="ces" HEIGHT="27" HPOS="922" ID="PAG_00000019_ST000138" STYLEREFS="TXT_5" VPOS="1739" WC="1" WIDTH="65"/>
            <SP HPOS="987" ID="PAG_00000019_SP000122" VPOS="1727" WIDTH="25"/>
            <String CONTENT="précautions" HEIGHT="51" HPOS="1012" ID="PAG_00000019_ST000139" STYLEREFS="TXT_5" VPOS="1727" WC="1" WIDTH="257"/>
            <SP HPOS="1269" ID="PAG_00000019_SP000123" VPOS="1729" WIDTH="25"/>
            <String CONTENT="il" HEIGHT="39" HPOS="1294" ID="PAG_00000019_ST000140" STYLEREFS="TXT_5" VPOS="1729" WC="1" WIDTH="29"/>
            <SP HPOS="1323" ID="PAG_00000019_SP000124" VPOS="1740" WIDTH="29"/>
            <String CONTENT="ne" HEIGHT="28" HPOS="1352" ID="PAG_00000019_ST000141" STYLEREFS="TXT_5" VPOS="1740" WC="0.94" WIDTH="49"/>
          </TextLine>
          <TextLine HEIGHT="55" HPOS="177" ID="PAG_00000019_TL000018" STYLEREFS="TXT_5" VPOS="1794" WIDTH="1223">
            <String CONTENT="faudra" HEIGHT="40" HPOS="177" ID="PAG_00000019_ST000142" STYLEREFS="TXT_5" VPOS="1794" WC="1" WIDTH="142"/>
            <SP HPOS="319" ID="PAG_00000019_SP000125" VPOS="1808" WIDTH="28"/>
            <String CONTENT="user" HEIGHT="28" HPOS="347" ID="PAG_00000019_ST000143" STYLEREFS="TXT_5" VPOS="1808" WC="1" WIDTH="93"/>
            <SP HPOS="440" ID="PAG_00000019_SP000126" VPOS="1796" WIDTH="33"/>
            <String CONTENT="du" HEIGHT="41" HPOS="473" ID="PAG_00000019_ST000144" STYLEREFS="TXT_5" VPOS="1796" WC="1" WIDTH="53"/>
            <SP HPOS="526" ID="PAG_00000019_SP000127" VPOS="1797" WIDTH="34"/>
            <String CONTENT="maillet" HEIGHT="41" HPOS="560" ID="PAG_00000019_ST000145" STYLEREFS="TXT_5" VPOS="1797" WC="1" WIDTH="152"/>
            <SP HPOS="712" ID="PAG_00000019_SP000128" VPOS="1799" WIDTH="30"/>
            <String CONTENT="qu'avec" HEIGHT="50" HPOS="742" ID="PAG_00000019_ST000146" STYLEREFS="TXT_5" VPOS="1799" WC="1" WIDTH="163"/>
            <SP HPOS="905" ID="PAG_00000019_SP000129" VPOS="1799" WIDTH="36"/>
            <String CONTENT="réserve" HEIGHT="40" HPOS="941" ID="PAG_00000019_ST000147" STYLEREFS="TXT_5" VPOS="1799" WC="1" WIDTH="154"/>
            <SP HPOS="1095" ID="PAG_00000019_SP000130" VPOS="1802" WIDTH="30"/>
            <String CONTENT="et" HEIGHT="37" HPOS="1125" ID="PAG_00000019_ST000148" STYLEREFS="TXT_5" VPOS="1802" WC="1" WIDTH="38"/>
            <SP HPOS="1163" ID="PAG_00000019_SP000131" VPOS="1799" WIDTH="32"/>
            <String CONTENT="éviter" HEIGHT="40" HPOS="1195" ID="PAG_00000019_ST000149" STYLEREFS="TXT_5" VPOS="1799" WC="1" WIDTH="124"/>
            <SP HPOS="1319" ID="PAG_00000019_SP000132" VPOS="1800" WIDTH="32"/>
            <String CONTENT="de" HEIGHT="39" HPOS="1351" ID="PAG_00000019_ST000150" STYLEREFS="TXT_5" VPOS="1800" WC="1" WIDTH="49"/>
          </TextLine>
          <TextLine HEIGHT="58" HPOS="176" ID="PAG_00000019_TL000019" STYLEREFS="TXT_5" VPOS="1866" WIDTH="1224">
            <String CONTENT="frapper" HEIGHT="53" HPOS="176" ID="PAG_00000019_ST000151" STYLEREFS="TXT_5" VPOS="1866" WC="1" WIDTH="159"/>
            <SP HPOS="335" ID="PAG_00000019_SP000133" VPOS="1867" WIDTH="14"/>
            <String CONTENT="les" HEIGHT="40" HPOS="349" ID="PAG_00000019_ST000152" STYLEREFS="TXT_5" VPOS="1867" WC="1" WIDTH="57"/>
            <SP HPOS="406" ID="PAG_00000019_SP000134" VPOS="1868" WIDTH="20"/>
            <String CONTENT="arbres" HEIGHT="41" HPOS="426" ID="PAG_00000019_ST000153" STYLEREFS="TXT_5" VPOS="1868" WC="1" WIDTH="136"/>
            <SP HPOS="562" ID="PAG_00000019_SP000135" VPOS="1870" WIDTH="19"/>
            <String CONTENT="dont" HEIGHT="41" HPOS="581" ID="PAG_00000019_ST000154" STYLEREFS="TXT_5" VPOS="1870" WC="1" WIDTH="99"/>
            <SP HPOS="680" ID="PAG_00000019_SP000136" VPOS="1870" WIDTH="20"/>
            <String CONTENT="l'écorce" HEIGHT="40" HPOS="700" ID="PAG_00000019_ST000155" STYLEREFS="TXT_5" VPOS="1870" WC="1" WIDTH="167"/>
            <SP HPOS="867" ID="PAG_00000019_SP000137" VPOS="1874" WIDTH="21"/>
            <String CONTENT="et" HEIGHT="36" HPOS="888" ID="PAG_00000019_ST000156" STYLEREFS="TXT_5" VPOS="1874" WC="1" WIDTH="38"/>
            <SP HPOS="926" ID="PAG_00000019_SP000138" VPOS="1871" WIDTH="20"/>
            <String CONTENT="le" HEIGHT="39" HPOS="946" ID="PAG_00000019_ST000157" STYLEREFS="TXT_5" VPOS="1871" WC="1" WIDTH="34"/>
            <SP HPOS="980" ID="PAG_00000019_SP000139" VPOS="1871" WIDTH="21"/>
            <String CONTENT="bois" HEIGHT="39" HPOS="1001" ID="PAG_00000019_ST000158" STYLEREFS="TXT_5" VPOS="1871" WC="1" WIDTH="89"/>
            <SP HPOS="1090" ID="PAG_00000019_SP000140" VPOS="1872" WIDTH="29"/>
            <String CONTENT="seraient" HEIGHT="40" HPOS="1119" ID="PAG_00000019_ST000159" STYLEREFS="TXT_5" VPOS="1872" WC="1" WIDTH="174"/>
            <SP HPOS="1293" ID="PAG_00000019_SP000141" VPOS="1875" WIDTH="19"/>
            <String CONTENT="trop" HEIGHT="49" HPOS="1312" ID="PAG_00000019_ST000160" STYLEREFS="TXT_5" VPOS="1875" WC="1" WIDTH="88"/>
          </TextLine>
          <TextLine HEIGHT="58" HPOS="176" ID="PAG_00000019_TL000020" STYLEREFS="TXT_5" VPOS="1938" WIDTH="1225">
            <String CONTENT="tendres" HEIGHT="40" HPOS="176" ID="PAG_00000019_ST000161" STYLEREFS="TXT_5" VPOS="1938" WC="1" WIDTH="159"/>
            <SP HPOS="335" ID="PAG_00000019_SP000142" VPOS="1951" WIDTH="33"/>
            <String CONTENT="ou" HEIGHT="28" HPOS="368" ID="PAG_00000019_ST000162" STYLEREFS="TXT_5" VPOS="1951" WC="1" WIDTH="52"/>
            <SP HPOS="420" ID="PAG_00000019_SP000143" VPOS="1940" WIDTH="30"/>
            <String CONTENT="résineux," HEIGHT="50" HPOS="450" ID="PAG_00000019_ST000163" STYLEREFS="TXT_5" VPOS="1940" WC="1" WIDTH="199"/>
            <SP HPOS="649" ID="PAG_00000019_SP000144" VPOS="1954" WIDTH="32"/>
            <String CONTENT="comme" HEIGHT="28" HPOS="681" ID="PAG_00000019_ST000164" STYLEREFS="TXT_5" VPOS="1954" WC="1" WIDTH="156"/>
            <SP HPOS="837" ID="PAG_00000019_SP000145" VPOS="1944" WIDTH="32"/>
            <String CONTENT="les" HEIGHT="39" HPOS="869" ID="PAG_00000019_ST000165" STYLEREFS="TXT_5" VPOS="1944" WC="1" WIDTH="57"/>
            <SP HPOS="926" ID="PAG_00000019_SP000146" VPOS="1944" WIDTH="34"/>
            <String CONTENT="pins," HEIGHT="51" HPOS="960" ID="PAG_00000019_ST000166" STYLEREFS="TXT_5" VPOS="1944" WC="1" WIDTH="105"/>
            <SP HPOS="1065" ID="PAG_00000019_SP000147" VPOS="1944" WIDTH="42"/>
            <String CONTENT="les" HEIGHT="39" HPOS="1107" ID="PAG_00000019_ST000167" STYLEREFS="TXT_5" VPOS="1944" WC="1" WIDTH="57"/>
            <SP HPOS="1164" ID="PAG_00000019_SP000148" VPOS="1943" WIDTH="36"/>
            <String CONTENT="sapins" HEIGHT="53" HPOS="1200" ID="PAG_00000019_ST000168" STYLEREFS="TXT_5" VPOS="1943" WC="1" WIDTH="136"/>
            <SP HPOS="1336" ID="PAG_00000019_SP000149" VPOS="1949" WIDTH="27"/>
            <String CONTENT="et" HEIGHT="34" HPOS="1363" ID="PAG_00000019_ST000169" STYLEREFS="TXT_5" VPOS="1949" WC="1" WIDTH="38"/>
          </TextLine>
          <TextLine HEIGHT="40" HPOS="175" ID="PAG_00000019_TL000021" STYLEREFS="TXT_5" VPOS="2012" WIDTH="363">
            <String CONTENT="autres" HEIGHT="37" HPOS="175" ID="PAG_00000019_ST000170" STYLEREFS="TXT_5" VPOS="2013" WC="1" WIDTH="134"/>
            <SP HPOS="309" ID="PAG_00000019_SP000150" VPOS="2012" WIDTH="21"/>
            <String CONTENT="conifères." HEIGHT="40" HPOS="330" ID="PAG_00000019_ST000171" STYLEREFS="TXT_5" VPOS="2012" WC="1" WIDTH="208"/>
          </TextLine>
        </TextBlock>
        <TextBlock HEIGHT="57" HPOS="230" ID="PAG_00000019_TB000006" LANG="fr" STYLEREFS="TXT_5" VPOS="2083" WIDTH="1174">
          <TextLine HEIGHT="57" HPOS="230" ID="PAG_00000019_TL000022" STYLEREFS="TXT_5" VPOS="2083" WIDTH="1174">
            <String CONTENT="La" HEIGHT="37" HPOS="230" ID="PAG_00000019_ST000172" STYLEREFS="TXT_5" VPOS="2086" WC="1" WIDTH="55"/>
            <SP HPOS="285" ID="PAG_00000019_SP000151" VPOS="2083" WIDTH="28"/>
            <String CONTENT="pince" HEIGHT="53" HPOS="313" ID="PAG_00000019_ST000173" STYLEREFS="TXT_5" VPOS="2083" WC="1" WIDTH="120"/>
            <SP HPOS="433" ID="PAG_00000019_SP000152" VPOS="2085" WIDTH="31"/>
            <String CONTENT="à" HEIGHT="37" HPOS="464" ID="PAG_00000019_ST000174" STYLEREFS="TXT_5" VPOS="2085" WC="1" WIDTH="24"/>
            <SP HPOS="488" ID="PAG_00000019_SP000153" VPOS="2088" WIDTH="28"/>
            <String CONTENT="piquer," HEIGHT="48" HPOS="516" ID="PAG_00000019_ST000175" STYLEREFS="TXT_5" VPOS="2088" WC="1" WIDTH="165"/>
            <SP HPOS="681" ID="PAG_00000019_SP000154" VPOS="2086" WIDTH="23"/>
            <String CONTENT="fig." HEIGHT="50" HPOS="704" ID="PAG_00000019_ST000176" STYLEREFS="TXT_5" VPOS="2086" WC="1" WIDTH="65"/>
            <SP HPOS="769" ID="PAG_00000019_SP000155" VPOS="2090" WIDTH="25"/>
            <String CONTENT="6," HEIGHT="41" HPOS="794" ID="PAG_00000019_ST000177" STYLEREFS="TXT_5" VPOS="2090" WC="1" WIDTH="39"/>
            <SP HPOS="833" ID="PAG_00000019_SP000156" VPOS="2091" WIDTH="32"/>
            <String CONTENT="est" HEIGHT="35" HPOS="865" ID="PAG_00000019_ST000178" STYLEREFS="TXT_5" VPOS="2091" WC="1" WIDTH="59"/>
            <SP HPOS="924" ID="PAG_00000019_SP000157" VPOS="2098" WIDTH="33"/>
            <String CONTENT="en" HEIGHT="28" HPOS="957" ID="PAG_00000019_ST000179" STYLEREFS="TXT_5" VPOS="2098" WC="1" WIDTH="49"/>
            <SP HPOS="1006" ID="PAG_00000019_SP000158" VPOS="2087" WIDTH="33"/>
            <String CONTENT="acier" HEIGHT="40" HPOS="1039" ID="PAG_00000019_ST000180" STYLEREFS="TXT_5" VPOS="2087" WC="1" WIDTH="109"/>
            <SP HPOS="1148" ID="PAG_00000019_SP000159" VPOS="2088" WIDTH="34"/>
            <String CONTENT="trempé," HEIGHT="52" HPOS="1182" ID="PAG_00000019_ST000181" STYLEREFS="TXT_5" VPOS="2088" WC="1" WIDTH="165"/>
            <SP HPOS="1347" ID="PAG_00000019_SP000160" VPOS="2090" WIDTH="35"/>
            <String CONTENT="à" HEIGHT="38" HPOS="1382" ID="PAG_00000019_ST000182" STYLEREFS="TXT_5" VPOS="2090" WC="1" WIDTH="22"/>
          </TextLine>
        </TextBlock>
        <ComposedBlock HEIGHT="245" HPOS="314" ID="PAG_00000019_CB000002" VPOS="2162" WIDTH="951">
          <TextBlock HEIGHT="36" HPOS="718" ID="PAG_00000019_TB000007" LANG="fr" STYLEREFS="TXT_5" VPOS="2162" WIDTH="110">
            <TextLine HEIGHT="36" HPOS="718" ID="PAG_00000019_TL000023" STYLEREFS="TXT_5" VPOS="2162" WIDTH="110">
              <String CONTENT="Fig." HEIGHT="36" HPOS="718" ID="PAG_00000019_ST000183" STYLEREFS="TXT_5" TAGREFS="TAG_important" VPOS="2162" WC="0.83" WIDTH="62"/>
              <SP HPOS="780" ID="PAG_00000019_SP000161" VPOS="2165" WIDTH="22"/>
              <String CONTENT="6." HEIGHT="25" HPOS="802" ID="PAG_00000019_ST000184" STYLEREFS="TXT_5" VPOS="2165" WC="0.93" WIDTH="26"/>
            </TextLine>
          </TextBlock>
          <Illustration HEIGHT="196" HPOS="314" ID="PAG_00000019_IL000002" VPOS="2211" WIDTH="951"/>
        </ComposedBlock>
        <TextBlock HEIGHT="56" HPOS="178" ID="PAG_00000019_TB000008" LANG="fr" STYLEREFS="TXT_5" VPOS="2423" WIDTH="1223">
          <TextLine HEIGHT="56" HPOS="178" ID="PAG_00000019_TL000024" STYLEREFS="TXT_5" VPOS="2423" WIDTH="1223">
            <String CONTENT="l'intérieur" HEIGHT="41" HPOS="178" ID="PAG_00000019_ST000185" STYLEREFS="TXT_5" VPOS="2423" WC="1" WIDTH="219"/>
            <SP HPOS="397" ID="PAG_00000019_SP000162" VPOS="2426" WIDTH="20"/>
            <String CONTENT="de" HEIGHT="39" HPOS="417" ID="PAG_00000019_ST000186" STYLEREFS="TXT_5" VPOS="2426" WC="1" WIDTH="47"/>
            <SP HPOS="464" ID="PAG_00000019_SP000163" VPOS="2428" WIDTH="33"/>
            <String CONTENT="la" HEIGHT="38" HPOS="497" ID="PAG_00000019_ST000187" STYLEREFS="TXT_5" VPOS="2428" WC="1" WIDTH="36"/>
            <SP HPOS="533" ID="PAG_00000019_SP000164" VPOS="2429" WIDTH="32"/>
            <String CONTENT="partie" HEIGHT="50" HPOS="565" ID="PAG_00000019_ST000188" STYLEREFS="TXT_5" VPOS="2429" WC="1" WIDTH="125"/>
            <SP HPOS="690" ID="PAG_00000019_SP000165" VPOS="2429" WIDTH="36"/>
            <String CONTENT="courbe," HEIGHT="42" HPOS="726" ID="PAG_00000019_ST000189" STYLEREFS="TXT_5" VPOS="2429" WC="0.99" WIDTH="163"/>
            <SP HPOS="889" ID="PAG_00000019_SP000166" VPOS="2434" WIDTH="33"/>
            <String CONTENT="sont" HEIGHT="35" HPOS="922" ID="PAG_00000019_ST000190" STYLEREFS="TXT_5" VPOS="2434" WC="1" WIDTH="91"/>
            <SP HPOS="1013" ID="PAG_00000019_SP000167" VPOS="2430" WIDTH="29"/>
            <String CONTENT="de" HEIGHT="39" HPOS="1042" ID="PAG_00000019_ST000191" STYLEREFS="TXT_5" VPOS="2430" WC="1" WIDTH="49"/>
            <SP HPOS="1091" ID="PAG_00000019_SP000168" VPOS="2431" WIDTH="26"/>
            <String CONTENT="fortes" HEIGHT="40" HPOS="1117" ID="PAG_00000019_ST000192" STYLEREFS="TXT_5" VPOS="2431" WC="1" WIDTH="122"/>
            <SP HPOS="1239" ID="PAG_00000019_SP000169" VPOS="2432" WIDTH="35"/>
            <String CONTENT="tailles" HEIGHT="40" HPOS="1274" ID="PAG_00000019_ST000193" STYLEREFS="TXT_5" VPOS="2432" WC="1" WIDTH="127"/>
          </TextLine>
        </TextBlock>
      </PrintSpace>
    </Page>
  </Layout>
</alto>
