1776 2996
649 359 52 6 —
734 339 74 37 189
838 357 50 7 —

1198 2600 61 37 12,

144 436 135 53 Alpes,
301 437 184 40 environs
505 437 48 41 de
575 438 317 43 Barcelonnette.
917 436 279 53 département
1226 434 48 41 de
1306 435 67 40 l'I-

146 510 102 47 sère,
272 510 350 53 Villard-Eymont
636 524 48 28 eu
700 512 147 51 juillet.
872 513 74 38 Pas
965 511 195 40 très-rare
1186 509 102 40 mais
1306 508 78 40 dif-

152 581 105 41 ficile
279 585 21 37 à
320 582 188 53 prendre.

154 677 188 50 PYRRHA,
358 676 40 42 S.
421 680 45 38 V.
491 678 100 41 God.

212 771 50 41 40
277 780 38 31 m.
334 773 107 40 Ailes
460 774 150 40 brunes
626 786 95 29 avec
740 787 78 28 une
837 775 131 40 bande
988 776 292 49 ferrugineuse,
1297 786 89 28 ma-

161 842 165 49 culaire,
347 857 76 39 peu
437 846 189 51 marquée
638 858 69 28 sur
726 847 59 40 les
800 846 268 53 supérieures.
1087 849 75 38 Les
1183 847 103 40 deux
1299 858 91 41 pre-

159 915 146 41 mières
325 917 138 40 taches
484 923 38 34 et
549 924 171 34 souvent
738 919 38 39 la
796 919 239 51 quatrième,
1061 919 209 51 marquées
1291 918 97 40 d'un

159 986 115 52 poiut
305 988 103 40 noir.
450 989 238 42 Inférieures
708 1002 94 29 avec
826 990 47 41 de
897 992 143 51 petites
1075 989 138 42 taches
1244 989 148 42 rondes

162 1063 167 35 souvent
367 1061 212 50 marquées
618 1062 180 41 chacune
835 1062 95 41 d'un
962 1063 113 52 point
1090 1064 103 39 noir.
1218 1064 176 39 Dessous

162 1129 94 40 d'un
285 1130 104 41 brun
422 1144 100 29 roux
557 1145 95 29 avec
683 1134 57 40 les
768 1138 152 37 mêmes
939 1135 169 45 bandes,
1131 1136 90 51 plus
1248 1133 142 41 claires

160 1201 132 41 mieux
324 1204 210 51 marquées
568 1209 39 37 et
636 1204 133 42 moins
801 1206 255 48 maculaires,
1072 1205 98 41 celle
1198 1205 70 40 des
1290 1205 101 40 infé-

159 1273 152 41 rieures
330 1275 195 42 s'arrêtant
525 1275 54 42 à
599 1277 235 40 l'extrémité
855 1278 50 40 de
925 1278 39 39 la
983 1277 142 41 cellule
1153 1277 234 40 discoïdale.

241 1344 34 55 9
304 1346 90 52 plus
428 1348 88 52 pâle
548 1360 96 30 avec
674 1348 37 42 le
740 1349 169 41 dessous
931 1350 70 40 des
1029 1348 236 41 inférieures
1291 1348 98 41 d'un

163 1416 103 41 brun
289 1419 189 51 jaunâtre
510 1425 37 36 et
576 1421 39 40 la
640 1420 133 41 bande
802 1421 95 41 d'un
925 1424 126 50 jaune
1086 1420 150 47 d'ocre,
1258 1423 133 39 moins

162 1496 276 53 interrompue
454 1501 37 37 et
512 1498 223 41 s'étendant
749 1499 286 53 jusqu'auprès
1053 1498 47 41 de
1120 1498 144 51 l'angle
1283 1500 107 39 anal.

213 1569 120 39 Assez
348 1580 188 29 commun
557 1570 101 41 dans
678 1571 56 40 les
750 1571 120 52 Alpes
884 1575 39 36 et
942 1571 57 40 les
1012 1571 211 52 Pyrénées,
1247 1570 144 53 dépar-

160 1643 152 36 tement
347 1640 48 40 de
432 1642 162 51 l'Isère,
635 1641 158 41 Grande
808 1665 16 6 -
842 1643 243 39 Chartreuse
1105 1673 9 18 ,
1150 1644 208 49 Auvergne
1376 1672 9 18 ,

161 1715 266 50 Mont-Dore,
472 1716 98 41 dans
610 1719 58 40 les
714 1718 142 41 hautes
905 1719 183 52 prairies.
1141 1720 174 48 Vosges,
1358 1720 35 39 le

161 1786 205 49 Hohneck,
389 1800 49 28 en
450 1789 153 52 juillet.

159 1880 75 40 AB.
259 1879 176 53 Cœcilia,
454 1881 95 41 Bdv.

213 1975 145 40 Diffère
378 1975 48 40 de
441 1977 152 50 Pyrrha
615 1989 49 28 en
684 1978 48 50 ce
732 1978 113 50 qu'il
864 1981 60 36 est
943 1979 265 40 entièrement
1223 1979 105 40 brun
1346 1992 49 28 en

161 2045 141 43 dessus
323 2051 38 36 et
380 2061 50 28 en
447 2049 168 40 dessous
636 2061 93 29 sans
750 2061 157 29 aucune
932 2050 131 40 tache.

216 2118 149 42 Mêmes
386 2120 196 51 localités,
605 2122 104 39 mais
736 2126 159 36 surtout
913 2134 49 28 en
984 2123 212 49 Auvergne
1210 2125 54 37 où
1290 2123 26 39 il
1339 2127 58 36 est

160 2191 90 53 plus
265 2191 206 42 abondant
492 2205 79 39 que
589 2194 38 40 le
643 2196 111 50 type.

161 2284 129 49 CETO,
308 2284 103 40 Hub.
432 2285 101 40 God.
551 2285 70 53 (pl.
642 2284 66 47 14,
732 2287 68 50 fig.
826 2287 51 47 4).

217 2378 110 40 Cette
352 2380 139 51 espèce
510 2380 104 41 n'est
635 2393 72 40 pas
730 2393 89 29 rare
840 2381 101 41 dans
968 2382 57 40 les
1049 2380 215 54 B.-Alpes,
1286 2394 115 28 mon-

165 2454 140 47 tagnes
320 2450 48 41 de
383 2451 217 52 J'Ozglosse
615 2457 40 37 et
670 2454 50 40 de
732 2454 223 49 Malmorte,
967 2453 123 42 bords
1101 2454 49 41 de
1160 2454 239 53 l'Ubayette,

164 2522 210 55 Dauphiné
389 2535 51 31 au
464 2527 208 48 Lautaret,
694 2525 215 54 Pyrénées,
931 2530 77 37 etc.
