1764 2996
666 332 52 9 —
748 312 76 40 153
851 333 53 7 —

1250 2567 36 37 9'

169 406 100 44 dans
288 419 45 29 sa
351 410 129 51 partie
499 409 269 49 abdominale,
793 422 94 29 avec
907 411 39 39 la
965 413 79 37 tête
1061 422 173 41 presque
1253 411 141 41 obtuse

169 483 39 36 et
222 479 105 41 deux
346 478 228 44 tubercules
589 482 24 39 à
633 482 143 49 l'anus,
795 487 141 47 quatre
954 483 115 51 pieds
1085 483 304 40 ambulatoires.

168 552 73 40 Vol
259 552 138 53 rapide
416 556 38 37 et
467 553 180 52 planant.

369 698 21 17 *
476 709 120 35 Genre
620 710 241 42 CHARAXES,
887 711 99 38 Och.,
1012 711 90 35 Bdv.

224 843 207 40 Antennes
450 845 108 38 aussi
574 844 168 51 longues
763 856 77 38 que
861 845 36 39 le
919 856 133 41 corps,
1077 857 43 28 se
1140 846 176 40 formant
1335 847 66 39 in-

172 914 288 41 sensiblement
479 927 49 28 eu
552 927 82 29 une
654 927 160 29 massue
834 917 212 40 fusiforme
1065 918 334 51 Irès-prononcée.

172 987 143 52 Palpes
336 988 109 39 aussi
464 987 116 50 longs
593 999 77 39 que
688 988 39 39 la
744 990 96 48 tête,
863 987 172 41 tendant
1053 990 22 39 à
1096 1002 42 27 se
1160 989 245 53 rapprocher

172 1069 73 41 par
274 1059 38 40 le
346 1063 187 43 sommet,
568 1061 103 38 mais
704 1071 83 28 non
809 1062 235 47 connivens,
1066 1072 96 29 avec
1189 1062 37 39 le
1248 1061 159 40 dernier

171 1131 141 39 article
329 1142 72 39 nu,
419 1133 129 46 court,
571 1136 37 35 et
625 1131 170 40 terminé
811 1143 50 29 en
879 1133 137 50 pointe
1037 1133 143 40 obtuse
1196 1147 11 37 ;
1223 1133 58 40 les
1302 1133 102 39 deux

175 1205 135 37 autres
327 1202 159 40 articles
496 1203 90 52 plus
604 1214 266 40 squammeux
891 1215 78 39 que
989 1204 125 40 velus.
1138 1205 93 40 Tête
1252 1217 56 27 un
1327 1216 80 40 peu

174 1274 92 52 plus
284 1273 143 42 étroite
449 1286 76 41 que
536 1275 36 39 le
586 1275 182 47 corselet,
786 1277 163 39 celui-ci
972 1276 272 41 très-robuste
1259 1280 39 36 et
1317 1277 92 51 plus

174 1346 100 53 long
292 1357 79 40 que
394 1346 246 41 l'abdomen.
661 1348 109 39 Ailes
800 1348 256 52 supérieures
1083 1348 246 50 légèrement
1350 1349 60 39 si-

176 1417 125 41 nuées
316 1432 11 37 ;
342 1419 58 40 les
415 1419 241 40 inférieures
668 1419 259 50 denticulées,
949 1423 38 37 et
1001 1419 214 40 terminées
1230 1420 180 40 chacune

176 1502 73 41 par
269 1489 105 41 deux
393 1502 169 39 queues,
584 1498 121 33 avant
720 1491 144 51 l'angle
886 1492 108 39 anal.

177 1589 151 47 JASIUS,
350 1588 46 39 L.
419 1587 103 40 God.
555 1587 56 52 pl.
632 1590 41 45 8,
695 1587 69 51 fig.
782 1586 64 54 2.)

239 1692 28 43 9
292 1683 236 48 semblable,
548 1683 105 40 mais
673 1683 91 52 plus
785 1683 168 50 grande.

235 1757 54 39 Ce
305 1755 103 41 beau
424 1754 263 54 Lépidoptère
706 1755 103 40 n'est
825 1767 72 40 pas
913 1767 88 30 rare
1020 1767 50 28 en
1088 1757 217 45 Provence,
1335 1766 77 27 aux

182 1839 188 29 environs
399 1826 193 52 d'Hyères
627 1830 39 36 et
693 1826 101 40 dans
824 1828 57 39 les
907 1827 74 40 îles
1015 1826 51 40 de
1096 1838 45 29 ce
1165 1838 113 40 nom,
1315 1825 101 41 dans

182 1902 40 40 la
239 1901 181 40 dernière
437 1900 209 51 quinzaine
667 1898 48 41 de
732 1901 95 46 mai,
844 1900 90 51 puis
950 1912 49 28 en
1016 1903 97 37 août
1134 1906 38 33 eL
1190 1899 229 52 septembre

182 1971 105 42 mais
306 1972 134 40 moins
459 1970 330 50 abondamment,
825 1983 52 29 on
899 1971 38 40 le
958 1974 138 38 trouve
1116 1972 111 39 aussi
1244 1982 79 28 aux
1344 1982 73 28 en-

184 2046 140 40 virons
345 2044 49 40 de
415 2044 156 40 Toulon
587 2049 38 34 et
639 2042 48 41 de
701 2042 253 53 Montpellier
969 2044 102 39 mais
1090 2044 91 51 plus
1200 2045 217 37 rarement.

188 2117 34 39 Il
253 2116 119 52 plane
407 2127 50 28 en
488 2116 139 40 volant
651 2118 39 36 et
712 2115 105 39 aime
847 2116 22 39 à
904 2127 43 28 se
974 2126 120 41 poser
1122 2126 67 27 sur
1217 2114 59 39 les
1292 2110 128 42 "fruits

189 2189 176 51 pourris.

244 2260 183 40 Chenille
447 2272 49 28 en
515 2271 124 37 mars,
661 2259 99 39 avril
786 2262 37 36 et
842 2259 98 50 mai,
959 2270 69 28 sur
1048 2257 248 40 l'Arbousier
1317 2256 103 53 (Ar-

193 2333 119 39 butus
331 2332 168 53 unedo).
