1804 2988
933 292 51 6 —
1019 273 47 36 10
1092 290 54 9 —

423 372 95 40 elles
553 373 195 49 mangent
775 370 39 41 la
839 371 82 41 cire
953 369 300 54 impunément,
1288 372 172 41 abritées
1489 374 164 51 qu'elles

423 446 93 37 sont
538 443 100 40 dans
657 444 107 39 leurs
784 444 213 39 fourreaux
1018 442 49 41 de
1088 444 102 51 soie;
1224 444 38 40 la
1293 446 146 50 Teigne
1473 446 68 40 des
1569 445 86 42 blés

427 515 185 41 Gelechia
641 515 213 40 cerealella
874 518 38 38 et
924 516 39 39 la
989 515 148 50 Teigne
1158 516 69 41 des
1254 518 135 49 grains
1407 518 123 40 Tinea
1550 531 99 39 gra-

423 589 107 39 nella
575 592 167 37 causent
787 587 71 41 des
916 590 134 50 pertes
1094 588 298 42 considérables
1431 589 99 41 dans
1580 602 75 28 nos

424 660 168 40 récoltes
614 660 48 39 de
693 659 173 41 céréales
885 674 10 36 ;
927 660 39 39 la
999 660 140 51 Pyrale
1175 661 49 39 de
1258 662 38 39 la
1322 664 115 48 vigne
1474 662 181 53 Tortryx

423 731 228 41 Pelleriana
683 735 60 36 est
773 732 36 39 le
841 731 102 41 fléau
977 731 49 40 de
1059 744 74 29 nos
1155 744 97 41 pays
1284 733 210 51 vignobles
1529 738 52 45 et,
1606 747 49 27 en

428 807 117 44 1836,
579 815 23 28 a
624 805 245 51 compromis
901 816 75 28 nos
1010 803 167 42 récoltes
1208 804 121 41 d'une
1363 806 117 51 façon
1517 805 138 54 déplo-

427 875 124 40 rable.

479 949 54 40 Ce
551 947 138 54 rapide
710 948 147 52 exposé
877 949 108 40 suffit
1003 960 102 41 pour
1127 949 231 41 démontrer
1375 949 157 42 l'utilité
1552 951 48 41 de
1620 952 37 39 la

425 1021 290 40 connaissance
746 1020 48 41 de
824 1024 101 37 cette
951 1021 177 41 branche
1152 1021 49 40 de
1234 1022 307 51 l'Entomologie
1562 1038 9 36 ;
1608 1035 48 27 en

424 1093 93 39 effet
536 1092 216 52 l'ignorant
771 1104 50 29 ne
851 1094 257 40 connaissant
1130 1105 72 41 pas
1225 1094 203 49 l'insecte,
1453 1107 120 28 cause
1604 1096 52 39 du

424 1177 159 39 ravage,
611 1178 50 27 ne
695 1177 149 41 pourra
878 1176 71 42 pas
968 1179 25 38 y
1019 1165 195 42 rémédier
1243 1167 78 40 soit
1349 1179 50 29 en
1436 1166 223 42 détruisant

424 1238 178 40 l'insecte
621 1238 195 50 nuisible,
839 1239 79 39 soit
948 1249 51 29 au
1032 1239 197 40 contraire
1262 1251 49 27 en
1346 1239 235 52 protégeant
1600 1240 57 39 les

425 1311 119 39 utiles
576 1310 229 40 auxiliaires
826 1321 79 39 que
924 1322 104 29 nous
1055 1312 247 39 fournissent
1331 1312 107 39 aussi
1461 1312 197 39 certaines

425 1383 176 51 espèces,
636 1383 56 39 les
713 1382 234 51 Araignées,
975 1384 36 38 le
1034 1383 184 40 Carabus
1239 1387 185 44 auratus,
1451 1384 57 39 les
1530 1385 125 38 Cala-

424 1469 19 25 ,s
447 1468 91 27 orna
565 1455 251 53 sycophanta
839 1459 38 35 et
897 1458 229 49 inquisitor,
1149 1456 38 39 la
1210 1455 146 52 Silpha
1384 1456 272 52 quadripunc-

427 1531 87 36 tata
535 1532 38 35 et
593 1531 159 37 surtout
780 1527 310 41 l'innombrable
1115 1528 132 49 légion
1267 1528 70 40 des
1360 1529 295 49 Ichneumons,

424 1612 65 29 ces
510 1601 181 39 ennemis
712 1599 176 41 déclarés
912 1599 69 41 des
1002 1600 205 40 chenilles.
