1716 2984
603 321 52 7 —
686 297 47 42 91
767 320 49 8 -

95 396 97 40 ailes
225 394 268 54 supérieures,
520 396 96 41 celle
650 398 68 49 qui
750 397 38 40 la
812 397 79 40 suit
911 398 48 51 (p)
981 398 281 52 sous-costale,
1284 399 38 40 la

95 467 203 41 troisième
325 469 43 50 (r)
396 469 194 49 médiane,
635 469 39 39 la
701 469 223 51 quatrième
958 470 43 49 (s)
1037 470 255 41 abdominale
1305 484 16 36 ;

95 543 38 37 et
154 540 161 51 lorsque
331 545 109 36 entre
460 545 102 36 cette
577 540 182 41 dernière
778 545 37 36 et
835 541 38 39 la
886 540 183 42 médiane
1081 542 24 38 il
1129 554 50 28 en
1196 543 125 40 existe

94 623 78 29 une
194 612 239 51 cinquième,
473 624 156 29 comme
668 613 100 40 dans
800 613 58 40 les
890 612 191 49 Piérides,
1114 614 58 39 les
1193 615 127 50 Nym-

92 683 196 52 phalides,
312 684 72 40 elle
406 684 126 51 prend
570 685 35 39 le
641 696 97 28 nom
766 685 442 39 d'inter-abdominale.
1242 686 78 39 Les

93 737 229 71 espaces^b
348 757 23 39 à
390 755 59 54 h),
475 760 110 37 entre
604 757 57 40 les
681 768 208 36 nervures,
918 761 91 37 sont
1043 768 156 29 comme
1220 757 100 41 dans

93 826 58 41 les
172 828 97 40 ailes
292 828 250 52 supérieures
564 828 159 53 appelés
759 840 164 40 espaces
958 830 332 40 internervuraux
1306 843 10 37 ;

92 897 234 52 lorsqu'une
343 909 168 30 nervure
533 902 58 36 est
611 899 216 52 prolongée
848 897 83 55 (n),
956 899 73 40 elle
1053 904 59 36 est
1134 900 185 40 nommée

93 982 143 39 queue,
259 971 146 49 l'angle
427 972 175 51 compris
623 974 113 37 entre
767 972 38 39 la
838 983 129 39 queue
987 975 39 36 et
1046 972 144 50 l'angle
1209 972 107 49 anal,

91 1041 128 53 prend
240 1043 34 39 le
297 1054 96 28 nom
412 1042 157 51 d'angle
590 1043 160 40 interne
770 1043 68 53 (1).
887 1047 11 9 *

145 1115 109 39 Nous
276 1126 49 28 ne
356 1126 104 29 nous
488 1114 215 41 étendrons
724 1127 72 40 pas
818 1115 221 51 davantage
1069 1128 68 28 sur
1164 1116 37 40 la
1222 1128 94 28 ner-

91 1186 192 48 vulation,
306 1186 160 53 appelée
491 1187 226 51 Ptérologie
738 1199 71 40 par
836 1187 52 40 M.
921 1189 47 37 A.
989 1188 204 50 Lefebvre,
1213 1200 103 28 nous

91 1269 221 41 renvoyons
332 1258 56 39 les
408 1261 202 37 amateurs
634 1260 67 51 qui
722 1259 195 40 voudront
935 1259 156 41 étudier
1112 1264 101 36 cette
1234 1262 81 37 im-

91 1333 185 48 portante
311 1330 187 49 question
532 1330 23 40 à
589 1330 118 49 fond,
741 1342 78 28 aux
849 1336 159 35 savants
1043 1343 193 38 ouvrages
1269 1332 48 40 de

91 1402 91 43 MM.
210 1400 202 49 Lefebvre,
437 1401 215 41 Boisduval
673 1410 36 32 et
730 1402 174 41 Guénée.

145 1473 108 38 Nous
279 1472 128 39 allons
431 1475 129 38 même
587 1477 231 48 emprunter
837 1474 19 40 à
879 1485 42 29 ce
943 1474 158 39 dernier
1122 1475 195 50 quelques

92 1542 140 40 détails
253 1555 69 27 sur
335 1544 57 40 les
413 1544 156 40 dessins
590 1544 69 41 des
680 1546 113 39 ailes.

145 1612 127 49 Toute
308 1615 116 40 tache
457 1620 159 48 partant
644 1616 49 41 de
714 1618 37 38 la
772 1620 86 37 côte
879 1620 59 37 est
962 1616 185 41 nommée
1169 1618 147 40 costale

91 1687 67 49 fig.
179 1690 23 36 7
218 1688 44 49 (a)
276 1701 9 37 ;
302 1689 33 38 si
359 1691 101 37 cette
481 1688 115 40 tache
618 1700 41 28 se
688 1688 192 53 prolonge
901 1689 167 40 au-delà
1082 1688 55 41 du
1151 1690 95 40 tiers
1267 1690 49 40 de

91 1758 119 49 l'aile,
222 1759 73 40 elle
307 1759 157 41 devient
479 1772 79 28 une
572 1761 128 39 bande
713 1761 186 40 nommée
913 1761 223 50 également
1149 1762 161 49 ccstale,

93 1833 101 39 mais
215 1833 32 39 si
269 1833 73 39 elle
363 1845 40 28 se
422 1834 192 51 prolonge
632 1835 88 51 plus
741 1838 132 44 avant,
891 1834 72 40 elle
985 1846 41 29 se
1044 1845 162 29 nomme
1224 1835 92 38 sim-

92 1906 176 51 plement
292 1906 129 40 bande
453 1910 239 38 transverse.
728 1909 62 39 On
823 1908 133 40 donne
985 1919 71 41 par
1090 1909 222 47 extension,

92 1976 37 40 le
166 1988 95 28 nom
296 1977 48 40 de
371 1978 148 40 costale
538 1978 20 40 à
580 1983 100 37 cette
712 1980 122 52 petite
860 1979 115 40 tache
1007 1980 114 39 noire
1149 1991 78 39 que
1258 1980 58 39 les

92 2047 178 41 Piérides
298 2053 160 48 portent
477 2062 51 29 au
550 2051 98 40 bout
676 2051 47 40 de
753 2052 37 39 la
821 2052 156 48 cellule,
1001 2051 68 50 fig.
1092 2055 23 36 7
1137 2051 64 52 (b),
1222 2051 95 40 bien

670 2121 64 37 Fig.
755 2123 26 26 7.
