1696 3024
926 341 54 8 —
1010 322 77 40 100
1114 343 54 9 —

567 519 300 61 MÉTHODE
901 533 86 48 OU
1027 533 508 53 CLASSIFICATION

486 724 58 40 La
553 724 127 40 treille
709 735 24 30 a
768 725 85 52 pris
880 724 58 42 les
976 726 99 40 trois
1108 725 148 51 grands
1284 738 142 38 genres
1458 727 49 42 de
1539 728 127 42 Linné

432 807 105 42 pour
561 796 96 41 base
684 797 49 41 de
756 808 46 29 sa
831 797 172 41 division
1036 798 49 40 de
1110 797 148 42 l'ordre
1279 798 69 41 des
1380 799 286 54 Lépidoptères

436 882 50 29 en
522 870 187 48 Diurnes,
743 869 327 54 Crépusculaires
1103 873 38 38 et
1171 872 240 49 Nocturnes,
1446 872 151 42 Godart
1629 878 38 37 et

433 942 236 52 Duponchel
689 945 71 38 ont
780 943 104 41 suivi
905 954 66 30 ces
1001 942 207 50 divisions,
1232 944 101 40 mais
1355 944 95 41 elles
1478 948 71 38 ont
1567 956 102 41 paru

432 1017 91 50 trop
553 1015 205 40 inexactes
790 1014 23 41 à
842 1016 50 39 M.
924 1013 217 43 Boisduval
1167 1027 104 42 pour
1301 1017 80 39 être
1411 1017 254 50 conservées,

435 1089 162 38 surtout
624 1087 99 41 celle
752 1086 70 42 des
843 1086 339 54 Crépusculaires.
1208 1089 54 39 Le
1290 1099 94 29 nom
1417 1088 49 41 de
1494 1087 174 43 Diurnes

434 1160 192 40 convient
649 1160 335 40 non-seulement
1004 1160 23 40 à
1048 1163 134 37 toutes
1210 1160 59 41 les
1301 1160 158 52 espèces
1488 1173 180 29 connues

436 1242 95 30 sous
560 1231 34 41 le
614 1243 95 29 nom
741 1231 50 41 de
808 1232 212 52 papillons
1040 1232 49 39 de
1112 1233 118 52 jour,
1256 1232 98 40 mais
1373 1244 145 30 encore
1543 1233 24 41 à
1586 1245 80 30 une

433 1303 159 41 infinité
619 1303 177 41 d'autres
825 1304 148 40 faisant
1000 1304 129 52 partie
1159 1304 70 41 des
1260 1303 102 41 deux
1392 1307 135 39 autres
1561 1305 107 41 divi-

435 1377 130 49 sions,
596 1377 73 40 tels
697 1387 78 40 que
806 1377 59 39 les
901 1376 284 52 Macroglossa,
1227 1376 225 51 Zigœnidae,
1487 1377 185 53 Bombyx

437 1450 69 50 qui
526 1460 52 29 ne
597 1449 135 40 volent
752 1448 95 52 qu'à
864 1447 178 41 l'ardeur
1062 1448 54 40 du
1143 1448 114 40 soleil
1280 1465 8 24 :
1312 1448 99 41 celui
1433 1448 49 42 de
1500 1449 172 53 Crépus-

438 1522 173 40 culaires
630 1526 96 47 peut
756 1524 89 37 tout
872 1532 52 28 au
944 1521 90 52 plus
1056 1521 189 40 convenir
1264 1520 24 40 à
1308 1521 192 52 quelques
1520 1521 151 54 Sphin-

438 1592 135 53 gides;
609 1604 104 29 nous
744 1604 124 29 avons
900 1592 204 41 d'ailleurs
1131 1591 165 42 observé
1326 1592 97 44 dans
1450 1604 75 30 nos
1549 1605 123 30 nom-

435 1666 168 41 breuses
642 1666 163 40 chasses
838 1665 50 40 de
923 1665 90 40 nuit
1050 1676 78 40 que
1161 1665 59 40 les
1259 1665 243 42 Noctuélites
1536 1668 40 39 et
1608 1666 63 44 les,

438 1737 247 49 Phalénites,
716 1748 51 30 ne
803 1740 155 38 sortent
989 1736 49 41 de
1069 1736 108 41 leurs
1211 1737 180 42 retraites
1422 1749 106 42 pour
1560 1738 115 42 venir

438 1809 164 41 butiner
621 1820 69 29 sur
708 1809 58 41 les
786 1809 122 41 fleurs
929 1821 77 40 que
1026 1820 88 29 vers
1132 1819 79 30 une
1240 1808 122 42 heure
1382 1809 115 53 après
1515 1809 38 41 le
1574 1821 100 30 cou-

441 1880 94 42 cher
569 1880 55 40 du
663 1880 139 50 soleil,
843 1880 96 41 elles
977 1883 93 39 sont
1108 1884 170 38 souvent
1313 1881 103 41 alors
1456 1893 50 29 en
1545 1881 129 52 grand

440 1953 193 49 nombre,
669 1953 104 41 mais
806 1955 119 51 après
959 1952 69 42 dix
1058 1954 148 41 heures
1240 1953 53 40 du
1326 1955 80 40 soir
1436 1955 37 41 le
1506 1955 170 42 nombre

442 2024 179 41 diminue
650 2028 38 38 et
719 2024 298 51 généralement
1051 2025 23 41 à
1099 2037 98 29 onze
1225 2025 141 41 heures
1398 2025 52 41 du
1480 2027 81 40 soir
1588 2030 90 38 tout

443 2097 194 52 disparait
666 2097 24 40 à
717 2097 240 52 l'exception
991 2096 49 42 de
1069 2098 193 51 quelques
1287 2097 281 42 retardataires
1601 2110 74 29 en-

444 2169 177 41 dormies
654 2181 70 29 sur
753 2170 58 40 les
838 2170 124 40 fleurs
993 2171 52 39 où
1075 2170 95 41 elles
1195 2173 91 37 sont
1309 2181 147 29 venues
1484 2170 194 42 chercher

443 2242 89 41 leur
558 2242 246 41 nourriture.
834 2244 54 38 Le
920 2254 98 29 nom
1040 2242 49 41 de
1119 2242 324 52 Crépusculaires
1467 2241 89 42 lèur
1580 2255 97 28 con-

445 2315 110 39 vient
575 2313 104 42 donc
699 2315 112 40 aussi
838 2314 95 40 bien
955 2314 149 52 qu'aux
1125 2313 256 54 Sphingides.
1403 2313 92 41 Afin
1515 2314 164 41 d'éviter

446 2401 66 29 ces
543 2388 326 43 dénominations
897 2390 208 51 vicieuses,
1141 2391 50 39 M.
1224 2390 214 42 Boisduval
1465 2401 24 30 a
1522 2392 156 40 substi-

447 2460 67 41 tué
540 2472 52 29 au
625 2466 86 36 mot
745 2462 171 41 Diurnes
947 2461 103 42 celui
1083 2462 49 40 de
1155 2462 300 53 Rhopalocères,
1491 2463 89 41 créé
1608 2475 74 41 par

446 2533 53 43 M.
537 2532 191 44 Duméril.
766 2534 171 56 N'ayant
968 2545 53 47 pu
1059 2534 157 45 ensuite
1248 2536 162 42 trouver
1442 2534 49 44 de
1528 2533 151 45 limites
