1740 2984
642 324 53 6 —
726 301 75 42 135
829 323 52 7 —

148 399 162 40 lunules
330 399 140 41 fauves
497 402 223 47 manquant
750 401 203 37 rarement
987 408 80 29 aux
1102 396 269 53 supérieures.

149 473 176 39 Dessous
344 483 157 29 comme
521 471 101 40 dans
644 474 144 48 Argus,
807 471 102 39 mais
939 470 91 52 plus
1062 468 228 53 saupoudré
1325 468 49 41 de

149 544 251 41 blanchâtre.
426 546 134 37 Parait
579 544 220 51 remplacer
816 543 37 39 le
882 546 92 48 type
1001 541 100 40 dans
1121 540 58 41 les
1208 543 166 38 Basses-

147 617 120 51 Alpes
293 620 39 36 et
364 615 307 52 probablement
700 615 100 40 dans
816 614 174 41 d'autres
1008 613 182 41 localités
1204 612 168 53 alpines.

149 687 56 41 En
218 687 151 53 juillet.

208 761 184 50 Quoique
412 771 104 29 nous
535 770 126 41 ayons
685 761 76 39 mis
782 763 92 37 tous
896 770 75 29 nos
991 758 111 40 soins
1121 758 24 40 à
1161 758 100 40 faire
1276 757 102 51 figu-

147 844 64 28 rer
229 836 247 36 exactement
497 832 175 50 l'Argus,
695 844 102 28 nous
811 843 51 28 ne
886 842 104 29 nous
1008 831 163 40 flattons
1189 841 73 41 pas
1289 827 87 42 d'a-

145 906 87 39 voir
251 916 109 28 assez
378 905 95 41 bien
495 905 131 41 réussi
651 915 102 41 pour
789 904 97 39 faire
905 903 94 40 bien
1021 902 223 51 distingugr
1276 907 102 38 cette

147 978 138 51 espèce
306 976 48 40 de
375 978 38 38 la
433 976 238 53 précédente
694 976 189 50 (OEgon),
908 987 95 28 avec
1025 975 171 52 laquelle
1217 975 74 40 elle
1319 979 60 36 est

146 1052 169 37 souvent
340 1049 246 47 confondue,
621 1051 158 38 surtout
812 1059 72 41 par
910 1048 56 40 les
989 1048 148 50 jeunes
1157 1051 219 36 amateurs.

148 1122 108 39 Nous
294 1121 151 40 devons
485 1120 104 40 donc
625 1121 157 50 ajouter
807 1132 76 39 que
920 1119 159 50 l'Argus
1110 1123 60 36 est
1207 1131 172 40 presque

148 1194 187 50 toujours
352 1193 90 52 plus
463 1191 143 51 grand,
630 1203 78 39 que
728 1192 38 39 la
784 1191 175 40 bordure
979 1193 115 38 noire
1113 1194 61 37 est
1194 1190 184 42 ordinai-

145 1271 155 33 rement
321 1265 88 52 plus
430 1264 159 48 étroite,
605 1264 134 39 moins
756 1263 151 40 fondue
928 1262 347 50 intérieurement,
1299 1275 79 40 que

145 1337 38 39 la
203 1337 164 40 couleur
382 1336 53 39 du
451 1335 185 49 dessous,
653 1341 37 34 et
703 1334 96 41 d'un
813 1339 71 36 ton
898 1335 90 52 plus
1006 1336 217 49 uniforme,
1244 1337 134 39 moins

146 1408 230 53 saupoudré
395 1408 48 40 de
472 1408 136 48 blanc,
631 1411 38 37 et
689 1419 77 39 que
798 1408 39 39 la
868 1407 101 41 série
999 1407 49 41 de
1077 1409 135 51 points
1232 1408 145 41 ocellés

146 1481 69 40 des
237 1480 231 52 supérieurs
483 1484 59 36 est
561 1480 135 40 mieux
715 1480 172 50 alignée,
903 1480 131 40 moins
1055 1491 50 29 en
1124 1481 158 40 faucille
1300 1492 76 40 que

145 1552 94 40 chez
260 1551 140 51 OEgon
419 1565 10 38 ;
453 1562 44 29 ce
519 1551 160 40 dernier
698 1551 200 40 caractère
916 1562 103 29 nous
1050 1552 150 40 semble
1229 1564 54 28 un
1307 1551 69 42 des

145 1624 222 40 meilleurs.

200 1696 171 40 Femelle
392 1706 95 30 avec
507 1695 35 40 le
571 1694 141 51 disque
733 1691 72 43 des
824 1695 97 40 ailes
941 1695 253 52 supérieures
1213 1699 38 37 et
1271 1695 106 41 infé-

144 1768 152 40 rieures
325 1768 93 40 bleu
445 1778 158 30 comme
634 1766 95 40 chez
749 1767 34 39 le
814 1767 126 52 mâle;
969 1778 94 30 avec
1083 1768 36 39 le
1145 1772 106 48 type,
1274 1767 108 40 mais

145 1840 91 52 plus
255 1851 102 28 rare.

143 1926 227 45 OPTILETE,
393 1922 153 42 Knoch.
568 1923 103 40 God.

196 2011 94 37 27m.
314 2006 109 42 Ailes
443 2006 96 40 d'un
557 2005 118 41 violet
695 2006 217 42 très-foncé
929 2019 94 28 avec
1040 2020 80 28 une
1137 2007 128 52 légère
1282 2009 94 39 bor-

143 2080 98 41 dure
262 2081 128 39 noire.
410 2081 174 38 Dessous
605 2079 94 40 d'un
721 2079 144 41 cendré
881 2080 147 40 obscur
1041 2093 95 28 avec
1151 2093 80 28 une
1252 2083 123 50 petite

143 2154 138 39 lunule
303 2152 191 47 centrale,
526 2152 125 41 suivie
670 2165 78 27 aux
775 2154 253 51 supérieures
1059 2154 122 39 d'une
1202 2154 103 39 série
1326 2154 48 40 de

145 2230 88 47 sept
256 2227 21 39 à
297 2226 88 38 huit
407 2226 133 51 points
561 2225 157 48 ocellés,
740 2230 38 35 et
798 2237 74 28 aux
895 2226 236 40 intérieures
1159 2227 94 39 d'un
1275 2239 99 39 rang

143 2297 292 39 très-flexueux
462 2296 47 40 de
544 2296 86 40 huit
661 2298 23 38 à
713 2298 117 49 neuf;
868 2297 95 40 base
994 2298 69 38 des
1094 2300 150 38 mêmes
1274 2298 99 42 ailes

144 2379 94 29 avec
272 2369 104 39 deux
412 2370 131 49 points
582 2370 170 49 ocellés-,
784 2371 57 38 les
876 2377 138 43 quatre
1047 2370 98 40 ailes
1171 2375 122 47 ayant
1323 2384 48 28 en

142 2444 114 34 outre
292 2452 54 28 un
380 2440 145 40 double
559 2453 97 38 rang
695 2443 301 38 ante-terminal
1034 2442 48 39 de
1117 2443 136 39 taches
1283 2444 89 50 plus

143 2506 175 48 foncées,
342 2506 96 41 dont
469 2508 54 39 les
556 2510 98 39 trois
688 2520 51 29 ou
767 2514 140 45 quatre
937 2507 202 42 dernières
1171 2508 70 41 des
1267 2510 104 39 infé-
