1792 3012
959 372 49 8 —
1042 349 76 44 178
1147 372 53 9 —

518 451 111 42 Cette
661 451 140 54 espèce
820 463 44 31 se
885 450 204 54 distingue
1113 451 49 42 de
1196 464 64 29 ses
1287 451 244 53 congénères
1559 465 73 42 par
1652 464 44 30 sa

464 523 148 43 double
632 525 147 51 rangée
799 525 50 41 de
868 526 136 52 points
1018 525 128 41 noirs.

467 625 231 47 LATHONIA,
722 625 45 39 L.
798 621 105 44 God,

518 722 93 39 36m.
644 720 109 39 Ailes
782 719 98 41 d'un
915 719 117 41 fauve
1067 731 57 29 un
1154 732 75 40 peu
1270 724 138 45 terne,
1444 718 255 54 supérieures

465 795 122 49 ayant
616 791 146 50 l'angle
781 792 128 52 apical
942 792 176 51 saillant,
1140 792 179 48 arrondi,
1357 792 236 41 inférieures
1614 793 85 40 for-

465 868 113 36 mant
592 877 56 28 un
668 865 127 41 coude
810 876 52 28 au
883 865 136 39 milieu
1037 864 53 40 du
1112 864 101 40 bord
1234 866 196 49 marginal
1450 879 10 35 -,
1481 864 58 41 les
1560 869 141 47 quatre

465 937 98 39 ailes
583 948 95 30 avec
699 937 37 40 la
756 937 98 40 base
875 942 38 35 et
938 938 33 40 le
989 937 101 41 bord
1110 937 158 41 interne
1281 938 223 50 largement
1520 937 181 40 verdâtre

467 1013 38 36 et
527 1009 210 52 beaucoup
764 1009 48 41 de
837 1009 139 41 taches
1009 1009 224 47 arrondies,
1257 1011 150 39 noires.
1434 1011 176 39 Dessous
1631 1009 71 40 des

467 1079 254 54 supérieures
755 1092 95 29 avec
887 1081 197 51 quelques
1123 1083 143 50 petites
1302 1081 139 41 taches
1477 1080 165 41 nacrées
1679 1081 24 40 à

466 1154 146 50 l'angle
633 1155 129 51 apical
777 1168 10 38 ;
810 1154 169 40 dessous
1005 1153 71 41 des
1098 1154 236 41 inférieures
1355 1154 96 39 d'un
1472 1154 116 39 fauve
1607 1153 98 39 clair

464 1227 158 41 nuancé
652 1227 48 41 de
725 1228 274 49 ferrugineux,
1021 1238 96 29 avec
1145 1227 201 51 plusieurs
1367 1225 138 41 taches
1531 1224 170 41 nacrées

468 1299 100 41 dont
594 1301 92 50 cinq
706 1299 281 50 très-grandes
1005 1311 69 28 sur
1093 1300 36 39 le
1150 1299 156 51 disque,
1324 1302 37 37 et
1388 1310 57 29 un
1467 1310 100 38 rang
1587 1297 117 41 anté-

467 1371 200 51 marginal
686 1371 49 41 de
754 1376 88 47 sept
861 1372 138 40 taches
1019 1371 227 51 également
1267 1382 111 29 assez
1397 1370 192 54 grandes,
1612 1382 92 28 sur-

468 1443 182 41 montées
683 1444 120 40 d'une
837 1443 131 41 bande
1002 1442 303 52 ferrugineuse,
1341 1442 122 41 ornée
1502 1442 144 53 d'yeux
1682 1441 24 40 à

468 1516 182 52 prunelle
677 1515 205 52 argentée.

522 1589 27 44 9
570 1589 95 40 Plus
683 1588 151 51 grande
855 1592 39 37 et
915 1586 235 43 semblable.

524 1660 197 49 Chenille,
735 1674 49 28 en
801 1663 80 38 mai
897 1666 37 36 et
950 1662 149 52 juillet,
1119 1672 69 28 sur
1201 1662 38 38 la
1254 1661 162 39 violette
1434 1664 37 36 et
1491 1661 36 38 1:1
1544 1659 161 53 pensée.

524 1735 333 38 Très-commune
888 1733 101 40 dans
1009 1737 110 36 toute
1147 1733 37 39 la
1206 1734 167 46 France,
1398 1731 101 40 dans
1523 1732 54 40 les
1600 1731 105 48 bois,

469 1807 59 40 les
547 1807 184 40 chemins
750 1812 122 40 ver's,
891 1819 49 28 en
958 1808 96 47 mai,
1076 1810 96 36 août
1192 1810 37 36 et
1250 1805 241 53 septembre.

471 1904 72 38 AB.
575 1902 227 49 Valdensis,
829 1904 96 50 Esp.

526 2003 111 38 Nous
670 2001 170 40 n'avons
861 1999 152 54 jamais
1043 2013 52 27 vu
1129 2005 103 36 cette
1262 2000 66 40 ab.
1356 2003 214 49 purement
1598 1999 110 39 acci-

473 2073 186 41 dentelle.
685 2075 73 38 Les
779 2074 137 40 taches
936 2073 166 41 nacrées
1120 2073 53 40 du
1189 2073 170 40 dessous
1380 2072 70 40 des
1471 2071 240 40 inférieures

472 2150 93 36 sont
592 2146 160 40 réunies
772 2157 50 28 en
849 2146 128 40 forme
997 2146 49 39 de
1066 2143 172 49 bandes,
1263 2148 38 36 et
1328 2145 57 39 les
1415 2143 138 41 taches
1574 2143 137 39 noires

473 2218 54 40 du
548 2218 169 40 dessous
737 2217 70 41 des
827 2217 255 52 supérieures
1102 2221 93 35 sont
1214 2217 91 52 plus
1326 2227 160 40 grosses
1506 2219 39 36 et
1565 2215 144 39 absor-

472 2290 95 40 bent
587 2290 38 39 la
640 2290 165 40 couleur
827 2289 51 40 du
902 2288 96 40 fond
1019 2287 203 52 (Gaénée).

477 2389 175 47 AGLAJA,
676 2386 45 41 L.
752 2387 102 41 God.

529 2487 94 37 58m.
647 2484 107 39 Ailes
773 2496 57 27 un
850 2495 77 40 peu
949 2483 178 50 dentées,
1151 2482 98 41 d'un
1279 2481 101 42 beau
1396 2483 131 46 fauve,
1557 2493 96 28 avec
1674 2481 38 38 la

490 2567 125 40 range
641 2556 184 49 jaunâtre
852 2560 39 36 et
916 2556 211 53 beaucoup
1162 2555 49 41 de
1232 2555 139 41 taches
1392 2555 135 40 noires
1543 2568 11 36 ;
1587 2552 118 52 supé-
