1812 2996
734 308 78 39 233
840 328 51 8 —

149 405 125 42 minai
293 405 92 55 plus
399 407 113 42 clair.
535 408 58 41 La
611 419 165 31 massue
796 407 72 43 des
883 411 198 39 antennes
1098 412 62 38 est
1180 409 98 42 d'un
1294 411 92 40 noir

148 480 173 51 profond
340 492 50 29 en
410 480 184 50 dessous,
618 481 137 41 tandis
772 482 149 52 qu'elle
937 485 62 38 est
1021 482 99 40 d'un
1134 483 128 52 jaune
1282 494 103 32 roux

148 551 102 43 dans
271 553 201 42 Thaumas
492 553 114 50 (Bdv.
631 556 70 50 le).
1128 568 13 15 •

204 629 180 41 Chenille
404 642 51 28 en
472 629 88 54 juin
580 642 72 29 sur
672 631 59 40 les
746 629 242 53 graminées.

202 704 112 38 Cette
330 702 143 53 espèce
493 714 44 29 se
557 706 144 38 trouve
727 703 312 53 probablement
1059 702 103 42 dans
1191 702 59 42 les
1270 704 113 41 loca-

150 773 90 42 lités
261 774 49 41 de
334 775 203 41 Thaumas
550 790 10 37 ;
584 775 76 42 elle
680 788 23 29 a
723 775 63 42 été
805 776 109 52 prise
934 775 94 53 près
1048 775 50 42 de
1117 776 267 42 Chateaudun

149 857 73 41 par
240 848 37 39 M
316 846 176 50 Guénée,
513 847 91 54 près
618 847 50 41 de
688 849 114 39 Paris
822 859 74 42 par
914 850 50 38 M.
997 847 186 42 Maillard
1203 849 69 51 qui
1293 860 49 29 en
1363 860 23 28 a

150 918 217 43 découvert
386 920 39 40 la
440 920 187 50 chenille,
641 932 105 29 nous
758 920 156 41 l'avons
932 921 109 53 prise
1055 922 110 40 aussi
1181 921 205 53 plusieurs

150 992 76 41 fois
248 992 24 41 à
291 992 133 53 Lardy
445 997 38 36 et
503 992 23 42 à
541 993 319 41 Fontainebleau
881 1005 50 29 en
947 992 133 55 juillet
1100 997 39 38 et
1158 996 112 39 août.

149 1101 200 49 ACTION,
372 1103 95 51 Esp.
489 1100 101 43 God.
613 1102 67 52 (pl.
706 1106 63 45 18,
792 1102 68 51 fig.
883 1103 54 51 6.)

202 1203 112 38 Cette
334 1200 141 53 espèce
493 1200 106 41 n'est
617 1211 73 42 pas
711 1198 317 53 très-répandue
1042 1210 51 30 en
1114 1200 168 49 France,
1311 1200 74 40 elle

147 1273 104 40 n'est
280 1272 225 53 cependant
534 1284 73 40 pas
641 1284 90 29 rare
762 1273 199 40 certaines
994 1270 153 42 années
1168 1271 24 41 à
1227 1272 156 53 Lardy,

148 1345 74 40 elle
241 1357 42 28 se
304 1348 141 38 trouve
466 1345 112 40 aussi
593 1346 24 39 à
637 1346 172 47 Mantes,
831 1356 80 28 aux
930 1345 191 40 environs
1133 1343 50 42 de
1197 1344 190 41 Chartres

147 1421 39 36 et
204 1417 49 40 de
276 1416 281 50 Chateaudun,
592 1420 39 38 et
659 1420 61 38 est
747 1416 320 42 très-commune
1087 1429 50 29 en
1157 1417 227 51 Auvergne,

147 1489 92 52 près
260 1488 48 42 de
329 1490 161 40 Thiers.

201 1598 229 49 SYLVANUS,
455 1599 96 52 Esp.
576 1598 102 41 God.

201 1699 99 38 30m.
336 1695 108 42 Ailes
466 1696 98 41 d'un
584 1698 117 40 fauve
730 1708 111 30 assez
861 1697 183 50 brillant,
1067 1709 96 31 avec
1182 1710 82 30 une
1294 1699 93 41 bor-

147 1772 101 41 dure
284 1773 124 51 large,
447 1773 97 41 d'un
580 1774 107 40 brun
724 1774 149 42 obscur
910 1778 40 37 et
989 1787 81 29 une
1109 1776 109 51 ligne
1253 1777 130 47 noire,

147 1844 339 54 oblique,épaisse
502 1856 51 29 au
562 1845 156 50 milieu,
733 1858 70 29 sur
818 1848 37 40 le
868 1846 145 53 disque
1028 1847 72 41 des
1112 1848 271 53 supérieures.

149 1918 176 40 Dessous
357 1917 71 41 des
456 1916 240 43 inférieures
710 1918 340 53 jaune-verdâtre
1070 1931 96 30 avec
1185 1932 81 30 une
1284 1921 104 41 série

148 1988 52 42 de
227 1990 138 41 taches
393 1990 90 52 plus
515 1990 144 41 claires
692 1990 321 42 ordinairement
1037 2003 80 41 peu
1149 1993 237 52 marquées.

150 2063 202 41 Antennes
371 2067 123 48 ayant
518 2062 239 42 l'extrémité
789 2064 137 41 munie
958 2064 99 41 d'un
1089 2066 165 41 crochet
1281 2066 105 40 très-

153 2136 179 40 saillant.

212 2208 34 54 9
274 2209 91 52 plus
385 2208 165 52 grande,
573 2209 93 52 plus
696 2209 145 49 brune,
874 2221 98 30 avec
1005 2211 58 40 les
1083 2210 140 42 taches
1252 2212 134 40 mieux

150 2280 228 51 marquées,
414 2285 40 36 et
483 2280 232 53 dépourvue
747 2293 72 29 sur
849 2282 37 40 le
919 2282 145 52 disque
1098 2283 55 40 du
1172 2284 96 40 trait
1296 2285 92 40 noir

153 2352 177 51 oblique.

205 2425 223 40 Commune
449 2425 102 41 dans
568 2424 47 43 T.
637 2427 38 40 la
696 2428 42 39 F.
773 2428 102 40 dans
893 2428 59 41 les
971 2428 106 49 bois,
1099 2440 50 29 en
1174 2430 98 49 mai,
1289 2431 94 52 juin

154 2499 40 39 et
208 2497 152 54 juillet.
