1732 3000
964 395 52 4 —
1048 373 75 39 106
1152 393 48 7 —

462 485 53 29 au
542 473 104 41 bord
679 475 159 40 interne
871 486 43 29 se
948 474 232 41 réunissant
1207 475 24 40 à
1262 473 39 41 la
1331 478 212 40 rencontre
1574 474 121 43 d'une

461 546 118 41 tache
601 544 176 44 oculaire
796 548 130 48 noire,
942 547 119 40 bleue
1079 552 41 36 et
1136 547 291 52 ferrugineuse.

515 624 108 40 Bord
649 625 159 40 interne
838 624 150 40 offrant
1017 635 81 29 une
1125 624 123 39 teinte
1278 624 192 47 noirâtre,
1498 622 122 42 ornée
1646 614 50 50 de

462 700 140 47 quatre
633 697 161 39 lunules
813 695 157 49 bleues,
993 707 151 40 queues
1175 696 135 40 noires
1341 707 95 29 avec
1459 695 236 42 l'extrémité

461 769 122 51 jaune
599 783 9 34 -,
639 767 169 41 dessous
827 769 23 38 à
869 779 79 40 peu
967 768 90 51 près
1079 767 232 41 semblable.
1346 766 58 56 9,
1428 767 233 41 semblable.

516 841 126 39 Toute
660 840 40 40 la
720 841 45 40 F.
788 852 50 28 en
856 840 96 48 mai,
969 838 133 54 juillet
1121 843 39 37 et
1179 842 111 46 août,
1313 851 207 29 commun.

516 913 180 40 Chenille
717 924 51 28 en
784 913 92 51 juin
905 915 39 37 et
976 913 240 52 septembre,
1244 923 69 29 sur
1339 912 37 40 le
1403 912 234 53 prunellier,
1657 913 38 41 le

460 985 148 52 pêcher
628 988 38 36 et
685 984 256 40 l'amandier.

462 1071 91 40 Var.
577 1068 296 49 Feisthamelii,
902 1070 103 51 Dup.

514 1155 147 40 Diffère
681 1155 48 40 de
756 1154 228 41 Podalirius
1014 1167 72 41 par
1104 1156 37 40 le
1170 1156 99 40 fond
1300 1156 47 41 de
1374 1168 45 29 sa
1440 1158 166 40 couleur
1625 1158 70 50 qui-

461 1232 61 37 est
537 1229 185 51 toujours
748 1227 287 41 sensiblement
1064 1228 89 52 plus
1172 1229 135 51 blanc,
1329 1240 93 29 avec
1449 1229 40 41 la
1508 1232 89 38 côte
1623 1229 72 42 des

460 1302 254 54 supérieures
735 1304 38 38 et
798 1301 59 42 les
877 1301 269 43 échancrures
1171 1302 70 42 des
1272 1302 235 43 inférieures
1528 1305 163 52 jaunes,

457 1386 75 41 par
549 1375 40 40 la
616 1374 118 41 tache
762 1375 178 40 oculaire
966 1375 93 52 plus
1080 1378 123 46 nette,
1225 1378 39 38 et
1288 1376 39 39 la
1355 1376 116 41 tache
1502 1377 191 41 semi-lu-

459 1449 113 40 naire
590 1448 92 53 plus
702 1449 103 47 vive,
828 1447 91 53 plus
938 1447 157 49 étroite.,
1122 1448 134 40 mieux
1277 1447 243 43 déterminée
1537 1454 38 36 et
1607 1456 87 35 sut-

459 1521 161 40 montée
649 1519 95 41 d'un
764 1532 68 29 arc
864 1521 92 40 noir
977 1521 70 50 qui
1078 1520 104 41 n'est
1206 1531 74 42 pas
1309 1520 50 41 lié
1391 1533 95 29 avec
1509 1522 58 40 les
1588 1523 104 41 raies

457 1594 308 41 transversales.
800 1592 443 54 Pyrénées-Orientales
1274 1592 49 51 (le
1348 1594 178 53 Vernet)",
1564 1596 56 39 où
1657 1594 28 39 il

453 1667 208 52 .remplace
681 1666 37 40 le
736 1666 243 48 Podalirius,
1000 1677 50 28 en
1064 1666 107 51 juin.

513 1743 33 39 Il
566 1745 58 37 est
642 1742 95 40 bien
758 1745 187 38 constant
965 1741 260 53 aujourd'hui
1245 1753 78 40 que
1347 1754 45 29 ce
1418 1744 104 41 n'est
1537 1745 154 51 qu'une

460 1826 83 29 var.
576 1815 49 39 de
665 1814 243 49 Podalirius,
931 1826 67 29 car
1032 1813 55 42 M.
1115 1815 145 39 Bellier
1281 1814 48 41 de
1355 1816 40 39 la
1423 1816 266 52 Chavignerie

460 1898 50 29 en
526 1897 24 29 a
569 1886 108 41 élevé
696 1887 39 39 la
754 1886 171 41 chenille
942 1888 69 51 qui
1030 1898 52 30 ne
1103 1885 138 43 diffère
1260 1899 49 29 en
1328 1889 86 41 rien
1432 1890 114 40 selon
1565 1890 57 39 lui
1641 1889 51 42 de

458 1958 99 41 celle
578 1959 48 39 de
647 1958 271 42 Podalirius..

457 2056 246 49 ALEXANOR,
721 2057 140 52 Esper.
886 2058 70 49 (Pl.
983 2056 55 54 1.)

511 2154 97 40 75,n.
641 2155 220 47 Provence,
889 2153 188 41 environs
1103 2152 49 43 de
1180 2154 141 52 Digne,
1347 2153 101 42 dans
1480 2156 56 40 les
1569 2166 119 30 mon-

456 2229 155 47 tagnes,
635 2237 50 29 en
698 2226 93 52 juin
808 2230 38 36 et
861 2227 152 51 juillet.

511 2299 180 40 Chenille
710 2310 50 29 en
777 2298 130 54 juillet
934 2311 69 29 sur
1022 2300 37 41 le
1078 2300 125 41 Seseli
1221 2303 251 39 montanum.

457 2391 222 50 MACHAON,
703 2393 43 38 L.

511 2496 93 38 80m.
636 2494 107 42 Ailes
757 2496 163 52 jaunes,
941 2508 190 29 nervures
1147 2499 149 51 noires;
1312 2497 266 52 supérieures,
1593 2507 96 31 avec

456 2570 101 41 trois
578 2570 174 52 grandes
770 2571 138 41 taches
924 2572 136 42 noires
1077 2572 22 41 à
1114 2570 38 43 la
1166 2574 101 47 côte,
1286 2575 38 37 et
1342 2583 78 31 une
1436 2571 110 51 large
1558 2569 132 43 bande
