1740 3008
557 341 54 6 -
640 318 48 40 77
721 340 48 7 —

63 421 88 40 bien
176 419 379 52 hermétiquement,
577 432 69 29 car
663 421 28 39 il
719 421 86 39 faut
826 419 124 42 éviter
969 419 48 41 de
1036 421 172 51 respirer
1225 420 58 41 les

63 494 258 40 émanations
342 493 52 40 du
414 504 190 41 cyanure.
628 495 61 37 En
717 496 182 37 rentrant
918 492 49 41 de
984 496 36 36 la
1049 493 157 48 chasse,
1230 504 53 29 on

62 566 113 52 pique
195 565 58 40 les
272 566 199 52 papillons
491 577 77 40 que
582 565 82 41 l'on
683 569 94 37 veut
796 572 105 43 tuer,
923 577 69 28 sur
1010 565 40 39 la
1068 566 129 51 partie
1217 566 66 39 in-

62 638 163 40 érieure
255 637 54 40 du
339 637 191 41 bouchon
565 640 38 37 et
637 648 53 29 on
722 637 36 40 le
781 641 125 36 remet
939 648 69 28 sur
1026 636 37 40 le
1091 647 109 37 vase,
1226 634 58 43 lès

62 710 190 52 papillons
280 710 188 49 s'agitent
502 710 184 51 très-peu
711 712 39 37 et
769 721 50 28 ne
848 709 159 40 tardent
1035 720 72 41 pas
1131 710 23 39 à
1174 709 108 40 s'en-

63 781 174 51 gourdir,
261 792 68 30 car
347 780 28 40 il
408 782 84 39 faut
519 793 55 27 un
600 785 130 48 temps
758 782 88 50 plus
876 781 96 50 long
991 792 101 40 pour
1111 781 58 39 les
1197 785 90 36 tuer

63 853 316 52 complètement.
397 854 220 52 Lorsqu'ils
637 859 70 34 ont
733 853 186 51 séjourné
943 858 89 46 trop
1056 854 228 51 longtemps

63 927 92 39 dans
181 926 37 40 le
236 936 92 30 vase
358 926 27 39 il
419 926 216 50 acquèrent
664 938 80 27 une
768 925 160 40 raideur
960 927 69 49 qui
1054 937 50 28 ne
1134 928 155 50 permet

62 1010 65 41 pas
155 998 49 40 de
235 998 59 40 les
324 997 124 41 étaler
472 998 247 48 facilement,
742 998 28 39 il
803 998 86 39 faut
917 998 107 40 alors
1056 999 56 38 les
1146 1002 143 35 mettre

63 1069 96 40 dans
188 1070 38 39 le
246 1070 266 42 ramollissoir
531 1074 39 36 et
599 1070 50 39 ils
673 1081 51 29 ne
744 1070 162 40 tardent
935 1081 71 40 pas
1023 1070 24 40 à
1072 1069 217 53 reprendre

63 1142 81 41 leur
162 1143 221 52 souplesse.

112 1214 199 52 Lorsqu'il
332 1214 106 41 éclol
469 1214 101 40 dans
597 1215 57 39 les
682 1224 113 30 vases
821 1213 274 50 d'éducation,
1119 1215 77 40 soit
1226 1226 56 29 un

63 1287 185 52 bombyx,
279 1288 79 39 soit
385 1299 54 28 un
464 1288 147 51 sphinx
628 1298 53 29 ou
698 1298 82 29 une
797 1287 217 50 noctuelle,
1036 1290 95 45 etc.,
1154 1298 52 29 on
1227 1287 59 39 les

63 1358 69 41 fait
163 1359 158 40 tomber
341 1358 99 41 dans
469 1360 37 39 le
523 1370 94 30 vase
644 1370 94 29 sans
764 1359 58 40 les
851 1360 182 46 toucher,
1057 1371 53 28 on
1130 1359 159 40 bouche

63 1430 46 41 de
135 1432 118 47 suite,
276 1432 49 39 ils
347 1443 50 28 ne
424 1432 88 39 font
531 1443 104 41 pour
652 1432 106 40 ainsi
778 1431 84 40 dire
882 1441 134 29 aucun
1036 1434 257 37 mouvement

63 1507 34 37 et
120 1516 52 28 on
201 1507 96 48 peut
316 1502 58 42 les
394 1504 143 51 piquer
565 1516 79 28 une
665 1505 154 38 minute
850 1503 115 52 après
993 1514 94 28 sans
1109 1502 184 41 craindre

64 1575 44 40 de
140 1576 57 39 les
226 1575 288 51 endommager
530 1590 9 38 ;
569 1576 83 40 s'ils
683 1588 51 28 ne
755 1579 92 37 sont
875 1586 72 41 pas
980 1574 313 53 complétement

64 1652 141 43 orts,
227 1660 46 28 ce
301 1649 69 51 qui
391 1650 128 39 arrive
541 1651 184 45 souvent,
747 1660 53 29 on
819 1647 59 41 les
901 1648 121 53 pique
1044 1648 106 40 alors
1170 1658 70 30 sur
1257 1647 37 41 le

64 1720 187 40 bouchon
272 1732 157 29 comme
449 1721 26 39 il
492 1732 22 29 a
533 1720 62 41 été
616 1720 59 40 dit
694 1720 222 40 ci-dessus.

112 1791 111 42 Voici
248 1792 252 41 maintenant
523 1793 38 39 la
583 1793 177 39 manière
789 1791 98 41 dont
917 1804 53 29 on
991 1791 84 40 doit
1094 1791 123 41 étaler
1236 1791 59 40 les

64 1865 200 52 papillons
286 1880 8 25 :
323 1878 20 23 «
371 1866 63 39 On
463 1877 41 28 se
524 1866 151 39 servira
705 1864 168 40 d'abord
903 1864 48 40 de
971 1864 251 52 planchettes
1244 1875 50 28 en

65 1949 19 25 «
114 1935 90 42 bois
237 1937 156 49 tendre,
417 1948 50 29 au
500 1937 141 40 milieu
666 1937 224 51 desquelles
925 1949 53 28 on
1018 1937 84 40 fera
1135 1948 162 29 creuser

65 2022 18 25 «
111 2021 81 28 une
217 2010 161 40 rainure
398 2009 197 53 profonde
610 2021 52 29 au
682 2008 134 42 moins
838 2009 48 41 de
905 2010 90 39 huit
1014 2010 148 50 lignes,
1189 2009 103 39 mais

66 2096 17 23 cc
112 2082 110 50 large
254 2093 50 29 en
331 2083 237 52 proportion
609 2082 47 41 de
686 2083 39 39 la
754 2093 190 40 grosseur
971 2081 53 40 du
1067 2093 117 40 corps
1226 2080 71 40 des

66 2168 18 25 K
114 2154 203 41 individus
353 2155 123 51 qu'on
513 2159 92 37 veut
636 2154 237 54 développer
893 2158 39 36 et
952 2155 138 49 garnie
1126 2152 100 40 dans
1261 2153 36 39 le

66 2238 18 29 K
114 2226 99 40 fond
244 2226 121 41 d'une
402 2227 123 52 petite
557 2227 132 40 bande
718 2227 48 40 de
798 2226 102 51 liége
930 2225 57 50 ou
987 2225 193 50 d'agave.
1223 2225 74 40 Ces

67 2312 18 23 <
115 2299 190 51 planches
335 2299 169 41 devront
532 2300 151 40 former
708 2312 58 27 un
785 2311 78 40 peu
882 2299 36 39 le
941 2299 104 39 talus
1068 2297 49 40 de
1141 2298 155 53 chaque

67 2384 21 28 «
117 2371 88 40 côté
234 2370 49 41 de
308 2372 39 39 la
375 2373 176 47 rainure,
573 2375 39 37 et
642 2372 87 40 leur
749 2372 158 39 surface
938 2370 120 40 devra
1090 2372 83 38 être
1201 2370 95 40 bien

68 2457 21 24 «
119 2444 129 50 égale,
272 2443 100 41 dans
392 2447 111 37 toute
523 2445 40 39 la
581 2445 200 50 longueur
801 2443 48 40 de
867 2442 185 41 l'étaloir.
1076 2444 222 39 Onenfon-

69 2530 21 25 «
121 2528 105 38 cera,
248 2516 100 42 dans
368 2517 36 40 le
424 2517 138 41 milieu
583 2516 48 42 de
648 2517 39 41 la
714 2517 180 48 rainure,
917 2519 38 37 et
973 2515 321 55 perpendiculai-
