1776 2996
692 296 52 11 —
773 269 78 50 203
879 296 52 10 -

245 382 179 41 Chenille
444 394 49 29 en
512 382 80 40 mai
611 393 70 29 sur
695 382 57 40 les
772 379 238 53 graminées,
1028 381 57 40 vit
1099 378 145 43 cachée
1262 389 158 31 comme

188 455 38 41 la
248 453 253 54 précédente.

241 528 222 40 Commune
478 527 100 39 dans
594 537 172 42 presque
786 527 44 38 T.
849 526 37 40 la
900 527 44 39 F.
966 523 315 44 Fontainebleau
1301 528 61 36 est
1381 524 38 39 la

186 599 158 42 localité
365 600 71 40 des
467 600 187 39 environs
680 598 49 41 de
755 599 129 48 Paris,
904 599 51 39 où
982 598 28 40 il
1038 610 43 28 se
1115 596 127 54 prend
1268 596 37 40 le
1326 596 91 52 plus

187 671 328 42 abondamment.
536 671 135 40 Juillet
688 674 39 37 et
744 674 110 37 août.

187 781 215 48 ALCYONE,
422 793 33 27 S.
476 793 24 28 V.
537 782 101 50 Dup.

241 879 94 39 55'".
360 876 144 41 Diffère
523 876 258 41 d'Hermione
800 888 73 41 par
904 888 45 29 sa
977 877 125 49 taille,
1123 888 72 41 par
1213 876 39 41 la
1285 876 132 42 bande

191 948 70 42 des
279 949 239 40 inférieures
536 949 91 52 plus
648 949 171 40 obscure
853 948 350 51 extérieurement,
1225 961 45 29 ce
1288 951 69 50 qui
1378 951 40 39 la

187 1022 73 39 fait
296 1025 173 49 paraître
502 1021 91 52 plus
624 1020 143 42 étroite
789 1025 38 36 et
864 1021 91 53 plus
990 1021 182 51 éloignée
1199 1021 54 41 du
1285 1021 101 42 bord
1404 1037 10 37 -,

186 1093 133 41 bande
339 1095 70 39 des
429 1093 256 53 supérieures
702 1097 170 37 souvent
902 1093 188 54 marquée
1111 1093 49 42 de
1188 1093 104 41 deux
1313 1106 104 40 yeux

185 1166 95 40 chez
298 1167 36 39 le
358 1166 47 48 cf
424 1171 38 35 et
481 1167 184 50 toujours
681 1165 95 41 chez
797 1166 39 40 la
864 1164 36 57 Y
913 1196 9 10 •
946 1167 178 41 Dessous
1138 1165 94 54 plus
1248 1166 168 52 marqué

186 1237 49 41 de
255 1239 105 38 noir.

241 1311 32 39 Il
293 1310 104 40 n'est
409 1322 72 41 pas
501 1322 88 29 rare
610 1310 102 41 dans
731 1311 35 40 le
786 1309 100 42 midi
908 1310 49 41 de
976 1311 40 40 la
1047 1311 155 41 France
1237 1315 38 36 et
1315 1310 101 42 dans

184 1383 57 39 les
257 1384 92 50 Pyr.
372 1394 60 28 or.
455 1384 51 39 où
527 1382 27 41 il
576 1383 200 54 remplace
797 1384 233 48 Hermione,
1049 1383 27 40 il
1096 1383 137 40 habite
1253 1384 110 40 aussi
1379 1384 37 39 le

184 1454 274 53 département
489 1455 54 39 du
579 1456 92 47 Var,
705 1456 254 50 l'Auvergne,
996 1455 344 49 Saint-Nectaire,
1379 1455 36 40 le

188 1525 225 54 Dauphiné,
435 1525 357 52 Bourg-d'Oisans,
816 1526 101 41 dans
950 1527 58 39 les
1042 1527 171 52 prairies
1244 1526 169 50 élevées,

185 1597 39 41 la
240 1599 158 48 Savoie,
420 1600 190 39 environs
645 1598 49 41 de
729 1597 573 51 Saint-Jean-de-Maurienne,
1335 1602 76 37 etc.

185 1672 61 39 En
264 1671 133 51 juillet
417 1676 38 36 et
471 1675 112 37 août.

237 1743 203 52 Quelques
475 1748 165 37 auteurs
669 1749 72 37 ont
758 1745 73 40 fait
862 1744 49 41 de
943 1748 104 37 cette
1067 1744 141 53 espèce
1226 1757 81 29 une
1326 1757 83 30 var.

185 1816 272 50 d'Hermione,
479 1818 100 39 mais
594 1818 74 39 elle
695 1823 59 35 est
778 1818 93 40 bien
902 1816 202 42 distincte.
1128 1818 51 39 M.
1204 1816 146 42 Bellier
1365 1817 49 40 de

186 1888 278 50 Chavignerie,
488 1888 66 52 qui
576 1889 53 40 l'a
648 1890 107 51 prise
775 1888 319 42 abondamment
1114 1889 102 41 dans
1238 1891 58 39 les
1316 1891 94 50 Pyr.

184 1962 86 46 Or.,
310 1972 211 40 remarque
558 1962 246 52 qu'Alcyone
838 1962 135 40 habite
996 1963 58 39 les
1076 1962 180 47 rochers,
1280 1961 134 41 tandis

182 2033 285 50 qu'Hermione
486 2033 242 41 affectionne
743 2035 59 40 les
820 2034 104 41 bois.

185 2139 176 51 BRISEIS,
384 2143 46 40 L.
452 2142 99 41 God.

235 2258 96 37 521".
353 2252 109 42 Ailes
482 2252 151 42 brunes
653 2264 96 30 avec
769 2264 81 30 une
868 2252 135 42 bande
1026 2253 269 40 transversale
1316 2252 96 42 d'un

180 2324 118 42 blanc
310 2327 205 50 jaunâtre,
546 2325 151 41 divisée
715 2336 74 42 par
805 2324 59 42 les
885 2336 193 30 nervures
1093 2328 39 36 et
1153 2323 176 42 formant
1343 2325 70 41 des

180 2397 138 41 taches
346 2397 196 51 d'inégale
567 2398 202 50 grandeur
789 2409 70 29 sur
877 2398 58 40 les
956 2396 268 52 supérieures,
1244 2401 38 36 et
1301 2409 111 28 mar-

180 2470 102 52 quée
304 2470 49 42 de
376 2470 105 41 deux
501 2481 104 41 yeux
636 2471 127 51 noirs,
791 2473 88 38 côte
904 2469 204 52 jaunâtre,
1131 2468 142 52 disque
1304 2469 106 43 velu.
