1752 3008
695 343 52 6 —
777 320 47 40 47
856 343 51 5 —

179 416 182 53 jardins,
385 416 80 40 soit
494 414 105 44 dans,
619 414 58 41 les
697 415 88 41 bois
805 415 52 41 où
889 414 196 42 croissent,
1112 414 59 39 les
1189 414 158 52 plantes
1366 413 48 40 de

184 490 35 39 la
245 488 155 42 famille
418 487 69 42 des
502 486 278 53 .Cariophyllés
797 486 63 50 -(I).

238 566 239 42 N'oublions
493 576 72 46 pas
579 565 48 40 de
643 563 254 42 mentionner
915 564 52 40 ici
977 564 204 52 plusieurs
1197 564 213 48 Lithosies,

183 639 57 39 lies
278 639 182 39 Lithosici
489 638 181 48 auréola.,
707 640 39 37 et
773 637 246 49 ru'bricollis,
1052 635 98 41 dont
1185 636 37 39 le
1255 636 65 39 vol
1353 639 60 37 est

184 709 162 50 diurne,
375 712 42 37 et
441 709 124 51 qu'on
584 712 140 37 trouve
743 708 100 40 dans
873 712 90 39 tous
990 708 57 40 les
1065 706 90 42 bois
1172 708 149 40 herbus
1342 707 68 40 des

181 782 191 40 environs
392 782 49 40 de
461 782 123 39 Paris.
608 780 166 42 Parlons
794 781 110 39 aussi
925 779 48 41 de
993 780 222 41 YErastria
1233 780 175 51 fuscula,

180 859 73 49 qui
276 858 105 39 aime
401 857 24 40 à
444 869 42 28 se
501 853 168 56 repmer
686 858 133 38 contre
839 855 36 40 le
896 859 112 36 tronc
1029 855 69 40 des
1115 854 136 41 arbres
1270 853 136 48 isolés,

181 930 23 39 d
219 941 72 28 ans
309 930 59 44 les
388 928 119 41 allées
527 932 39 36 et
579 929 57 39 les
648 927 205 42 clairières
873 926 71 40 des
962 926 106 41 bois.

238 1010 55 38 Le
313 1018 168 42 passage
501 1007 53 39 du
576 1005 104 42 mois
700 1006 49 40 de
765 1006 80 39 mai
861 1016 50 29 au
932 1006 103 39 mois
1057 1004 46 41 de
1113 1005 89 52 juin
1223 1009 60 36 est
1298 1007 107 39 aussi

177 1081 191 52 l'époque
388 1079 49 40 de
463 1079 206 41 l'éclosion
689 1078 52 39 du
764 1076 212 42 Lirnenitis
994 1077 176 49 çamilla,
1193 1078 69 51 qui
1289 1089 91 40 repa
1398 1101 9 5 -

180 1157 87 36 rait.
281 1153 23 39 à
318 1153 43 39 la
380 1151 57 40 fm
458 1150 50 41 de
520 1151 146 52 juillet.
694 1151 110 40 Cette
822 1150 104 40 belle
944 1151 141 51 espèce
1103 1150 104 40 n'est
1227 1161 73 40 pas
1319 1161 88 30 ràre

178 1225 103 39 dans
312 1223 59 41 les
401 1223 88 41 bois
521 1222 49 41 de
600 1223 288 49 Notre-Dame,
909 1222 91 52 près
1030 1220 50 42 de
1109 1223 39 39 la
1169 1224 236 47 Queue-en-

177 1295 107 49 Brie,
307 1295 101 40 dans
434 1307 100 28 ceux
568 1294 52 40 du
642 1293 152 49 Désert,
818 1305 79 28 aux
920 1294 122 40 bords
1067 1294 49 40 de
1141 1295 41 39 la
1203 1289 156 54 Bibvre,
1383 1295 27 39 à:

177 1374 81 33 u'ne
292 1368 108 39 lieue
432 1366 48 41 de
509 1364 227 47 Versailles,
764 1366 105 39 ainsi
905 1377 79 42 que
1015 1365 101 41 dans
1146 1366 57 40 les
1234 1365 90 40 bois
1357 1366 48 39 de

179 1437 396 49 Sainte-Geneviève,
595 1438 24 40 à
645 1448 83 29 une
757 1435 237 42 demi-lieue
1026 1437 50 41 de
1110 1438 37 39 la
1181 1440 148 38 station
1351 1437 53 40 du

176 1513 162 40 chemin
359 1511 48 41 de
437 1513 59 39 fer
516 1506 211 58 d'Épinay.
763 1513 110 39 Nous
896 1513 155 40 l'avons
1072 1514 107 52 prise
1195 1514 92 52 plus
1306 1526 97 29 sou-

175 1588 93 37 vent
297 1596 143 28 encore
474 1584 101 40 dans
611 1585 57 39 les
702 1584 165 42 rochers
901 1584 46 41 de
981 1585 282 49 Chamarante,
1297 1586 105 40 ainsi

176 1656 146 51 qu'aux
354 1657 187 39 environs
578 1656 49 40 de
662 1656 40 40 la
733 1658 107 39 Tour
872 1656 48 41 de
955 1659 238 51 Poquency,
1231 1659 89 51 près
1354 1659 47 40 de

177 1729 146 52 Lardy,
346 1732 39 36 et
410 1728 100 40 dans
542 1729 200 52 plusieurs
771 1730 148 51 parties
950 1729 49 40 de
1028 1731 38 38 la
1093 1730 102 40 fo-rèt
1229 1730 49 41 de
1298 1732 104 39 Fon-

176 1801 237 41 tainebleau.

230 1878 58 41 La
321 1878 127 41 même
485 1877 160 54 époque
681 1878 85 41 voit
800 1878 131 41 éclore
968 1880 37 39 la
1042 1880 195 41 Chelonia
1273 1882 125 49 Hebe,

178 1950 252 52 quelquefois
463 1949 124 49 aussi,
623 1951 161 52 lorsque
816 1950 156 41 l'année
1001 1963 23 27 a
1052 1951 61 40 été
1144 1952 180 52 précoce,
1357 1965 43 27 sa

178 2023 225 49 congénère
431 2025 140 37 civica.
600 2020 74 42 Ces
700 2022 104 41 deux
833 2022 177 53 espèces,
1043 2036 119 28 rares-
1179 2036 78 28 aux
1287 2029 112 35 envi-

176 2106 93 29 rons
305 2095 49 40 de
384 2095 130 49 Paris,
537 2106 41 29 se
611 2094 173 52 plaisent
813 2096 365 51 particulièrement
1211 2097 100 40 dans
1340 2097 59 40 les

174 2167 105 39 lieux
299 2166 147 41 arides.

227 2245 107 40 C'est
363 2246 109 40 aussi
502 2246 37 40 le
569 2248 183 37 moment
779 2246 48 39 de
855 2246 194 40 'chercher
1080 2246 35 40 le
1147 2246 252 42 SmerintMs

176 2316 170 41 ocellata
367 2321 138 37 contre
524 2317 38 41 le
579 2321 115 37 tronc
714 2317 70 41 des
806 2318 130 40 saules
958 2322 38 36 et
1017 2318 70 40 des
1109 2319 217 53 peupliers.
1345 2323 54 38 Le

215 2474 43 40 (1)
280 2475 88 32 Nous
383 2482 99 25 avons
502 2473 69 43 déjà
585 2475 92 41 parlé
694 2475 39 33 de
755 2484 34 24 ce
811 2483 97 33 genre
923 2471 37 37 dé
976 2477 114 32 chasse
1105 2477 80 34 dans
1202 2477 29 33 le
1253 2477 146 41 chapitre

179 2528 197 40 précédent;
516 2541 17 11 ..,
