1752 2984
647 295 49 8 —
727 276 45 37 31
826 296 28 4 ---

199 377 99 40 Mais
318 377 35 40 le
388 387 145 41 moyen
564 377 69 49 qui
661 386 102 29 nous
796 374 151 40 semble
972 372 221 55 préférable
1226 374 24 40 à
1282 378 88 37 tous

143 461 101 29 ceux
268 448 184 52 indiqués
481 446 323 54 précédemment
824 450 60 37 est
915 444 176 54 l'emploi
1117 445 52 40 du
1199 446 127 40 flacon
1348 446 22 40 à

140 523 113 50 large
280 522 136 50 goulot
435 521 65 48 (40
525 521 23 39 à
569 523 52 37 50
651 519 248 41 millimètres
931 530 52 28 au
1011 519 172 51 moins),
1204 519 166 52 préparé

146 606 156 29 comme
324 594 26 38 il
379 596 59 37 est
460 592 57 40 dit
539 604 96 29 avec
657 596 24 36 2
702 604 52 28 ou
779 591 23 39 3
821 603 200 39 grammes
1042 590 49 41 de
1124 602 175 41 cyanure
1321 591 48 40 de

141 667 221 52 potassium
379 679 10 38 ;
410 677 50 28 on
482 677 23 40 y
522 665 73 39 fait
615 668 133 37 entrer
767 664 57 39 les
844 664 217 41 noctuelles
1089 667 38 36 et
1149 663 222 51 géomètres

143 751 77 41 que
241 739 82 39 l'on
343 741 140 36 trouve
504 736 232 53 appliquées
765 740 138 36 contre
920 736 56 40 les
994 736 152 48 arbres,
1174 747 51 29 on
1246 736 124 40 ferme

141 812 197 39 vivement
358 810 35 39 le
425 810 129 39 flacon
575 812 35 36 et
631 808 114 52 après
773 808 192 50 quelques
986 806 190 50 instants,
1207 819 51 29 on
1276 812 96 47 peut

144 885 58 39 les
222 884 143 52 piquer
385 894 93 28 sans
506 881 150 41 crainte
678 880 328 52 d'endommager
1035 881 89 40 leur
1144 881 168 40 corselet
1332 885 39 36 et

143 959 168 37 souvent
342 955 50 39 de
412 955 57 39 les
502 965 197 40 manquer
715 967 9 36 ;
746 964 55 28 un
831 953 129 39 flacon
982 953 91 39 bien
1092 951 165 54 préparé
1277 956 96 48 peut

143 1028 118 40 durer
280 1039 56 28 un
358 1038 65 28 an.
442 1027 59 39 On
524 1029 94 49 peut
633 1026 109 39 aussi
762 1026 223 51 remplacer
1000 1025 37 40 le
1052 1035 174 42 cyanure
1245 1036 73 40 par
1336 1025 36 40 le

144 1099 295 47 chloroforme,
474 1098 99 39 dont
602 1109 53 29 on
687 1108 109 29 verse
829 1097 193 51 quelques
1058 1100 157 47 gouttes
1236 1108 69 28 sur
1333 1096 37 40 le

141 1170 203 44 bouchon,
363 1171 101 39 mais
484 1171 26 38 il
528 1171 85 38 faut
632 1170 36 39 le
683 1168 251 41 renouveller
951 1169 202 52 plusieurs
1175 1168 75 40 fois
1271 1167 100 41 dans

141 1244 38 39 la
194 1242 181 53 journée.
396 1244 109 37 Nous
525 1240 206 53 préférons
755 1241 104 40 donc
878 1240 37 40 le
935 1251 190 41 cyanure.

196 1317 212 49 Beaucoup
429 1313 47 40 de
498 1313 283 52 Lépidoptères
803 1312 293 52 rhopalocères,
1119 1324 51 28 ou
1192 1311 179 50 diurnes,

144 1390 162 49 passent
323 1387 38 38 la
382 1387 86 38 nuit
486 1396 70 28 sur
581 1386 58 39 les
657 1386 156 51 plantes
834 1396 51 28 ou
907 1396 68 28 sur
995 1385 56 39 les
1071 1385 137 39 fleurs.
1243 1385 130 40 Telles

143 1465 90 37 sont
259 1460 56 41 les
336 1460 235 52 Lycénides.
597 1460 61 39 On
685 1471 147 41 pourra
867 1460 231 40 facilement
1119 1459 57 40 les
1196 1459 176 52 prendre

143 1546 95 29 avec
257 1534 58 39 les
334 1533 144 50 doigts,
502 1535 118 37 avant
644 1532 87 39 leur
749 1531 120 48 lever,
893 1535 38 37 et
954 1530 171 41 aussitôt
1145 1532 114 51 après
1284 1532 89 40 leur

144 1606 187 41 coucher.
371 1604 104 40 C'est
503 1604 100 39 ainsi
630 1604 122 51 qu'on
789 1603 127 53 prend
946 1604 58 39 les
1043 1604 167 51 Lycœna
1242 1604 131 52 hylas,

145 1690 139 39 argus,
305 1689 127 40 œqon,
454 1676 186 53 corydon,
672 1679 96 45 etc.,
794 1687 68 29 sur
879 1676 59 40 les
958 1676 122 40 fleurs
1109 1675 54 40 du
1184 1677 187 51 serpolet,

146 1749 49 40 de
213 1750 182 49 l'origan,
419 1752 94 45 etc.,
531 1748 155 52 plantes
708 1759 76 39 que
804 1759 65 28 ces
892 1747 161 52 espèces
1068 1748 303 40 affectionnent.

200 1823 73 37 Les
294 1819 243 53 Nymphalis
562 1819 159 53 populi,
748 1822 38 37 et
805 1818 190 53 Apatura
1024 1819 81 40 Iris
1135 1824 37 36 et
1204 1821 93 48 llia,
1328 1832 48 30 ne

147 1893 133 39 volent
313 1892 119 50 guère
453 1903 77 39 que
547 1892 37 39 le
603 1892 127 39 matin
758 1890 139 46 depuis
918 1890 24 40 8
959 1890 162 54 jusqu'à
1144 1891 43 40 11
1212 1892 160 40 heures.

149 1966 106 38 Dans
275 1964 58 39 les
364 1963 124 40 belles
517 1968 38 34 et
586 1963 174 40 chaudes
787 1963 208 52 journées,
1022 1964 49 39 ils
1107 1963 270 53 reparaissent

147 2037 153 38 ensuite
320 2034 49 41 de
391 2038 23 38 3
433 2039 22 35 à
476 2037 23 38 5
520 2035 143 40 heures
683 2035 48 39 de
748 2034 285 53 l'après-midi.
1055 2036 51 39 Ils
1128 2035 246 42 descendent

147 2119 48 28 en
209 2108 179 51 planant,
403 2110 39 36 et
456 2111 96 36 vont
571 2118 41 28 se
629 2118 161 41 reposer
810 2118 68 29 sur
894 2107 38 39 la
946 2107 119 41 fiente
1087 2107 70 40 des
1170 2107 202 50 bestiaux,

147 2179 100 39 dans
274 2179 56 38 les
354 2182 133 36 routes
514 2177 265 52 fréquentées.
808 2178 40 39 Si
873 2190 53 28 on
952 2179 58 39 les
1034 2191 190 41 manque,
1244 2179 26 40 il
1292 2181 85 39 faut

145 2250 94 40 bien
259 2261 41 27 se
318 2248 143 51 garder
481 2249 47 40 de
548 2250 57 39 les
625 2251 252 50 poursuivre,
895 2262 120 40 parce
1035 2250 119 51 qu'ils
1173 2250 199 53 disparaî-

147 2322 146 38 traient
321 2331 90 29 sans
432 2324 150 46 retour,
603 2320 134 41 tandis
759 2334 77 39 que
863 2323 33 39 si
915 2321 81 41 l'on
1018 2326 104 37 reste
1142 2322 231 53 tranquille,

148 2405 50 28 on
219 2395 59 37 est
295 2403 170 41 presque
487 2396 69 36 sûr
577 2393 119 51 qu'ils
715 2405 51 29 ne
787 2394 207 40 tarderont
1010 2406 71 40 pas
1101 2395 23 40 à
1142 2396 175 39 revenir.

200 2466 76 38 Les
288 2463 178 41 Piérides
477 2464 134 40 volent
631 2464 99 41 dans
751 2466 57 40 les
816 2465 173 53 jardins,
1008 2467 57 39 les
1079 2468 187 50 prairies,
1279 2470 94 47 etc.;
