1740 2996
648 323 50 7 —
728 301 52 39 85
807 322 52 6 —

199 409 76 39 Les
295 417 107 42 yeux
432 405 62 51 (a),
524 402 211 53 composés
767 399 344 43 d'innombrables
1135 400 147 53 petites
1308 399 63 40 fa-

146 482 122 38 cettes
303 480 91 38 sont
432 475 165 52 grands,
631 473 145 42 bordés
807 473 48 41 de
879 474 105 53 poils
1018 473 71 53 qui
1116 472 256 51 remplissent

145 550 306 53 probablement
481 549 57 39 les
579 547 205 40 fonctions
821 545 48 41 de
910 546 86 40 cils.
1050 546 106 38 Leur
1207 543 166 40 couleur

146 623 110 41 varie
273 622 210 50 beaucoup
500 619 178 53 pendant
696 619 40 39 la
761 618 77 49 vie,
861 618 49 39 ils
939 620 92 38 sont
1049 614 128 42 bruns
1198 616 95 40 chez
1314 615 59 40 les

149 697 166 52 Sphynx
338 698 39 38 et
403 695 37 40 la
468 695 161 52 plupart
657 693 71 40 des
758 693 235 47 noctuelles,
1019 694 233 48 rougeâtres
1281 690 95 41 chez

147 769 57 40 les
226 769 176 51 Satyres,
422 769 77 39 etc.
521 765 36 41 A
584 766 40 41 la
649 766 128 52 partie
806 764 231 52 supérieure
1058 764 48 40 de
1127 764 40 39 la
1185 766 79 37 tête
1282 767 94 36 sont

148 840 124 41 situés
283 840 59 40 les
360 851 109 41 yeux
490 839 112 39 lisses
621 849 53 29 ou
691 840 249 46 stemmates,
959 838 50 39 ils
1025 841 92 36 sont
1131 837 241 51 très-petits,

151 912 181 40 difficiles
366 912 24 39 à
416 910 229 53 apercevoir
663 912 38 38 et
731 921 51 29 ne
810 909 249 41 s'observent
1088 921 78 41 que
1196 909 94 40 chez
1316 908 60 39 les

150 988 234 36 nocturnes.

305 1060 65 38 Fig.
391 1063 27 33 2,
437 1061 85 36 palpe
540 1059 129 35 dénudé;
688 1060 51 37 fi,,,,.
760 1061 27 33 3,
805 1059 86 36 palpe
910 1060 87 36 garni
1016 1060 36 28 de
1070 1067 50 21 ses
1137 1059 86 36 poils.

577 1125 65 40 Fig.
662 1128 27 25 2.
763 1125 65 36 Fig.
847 1127 26 25 3.

208 1549 75 39 Les
302 1549 152 51 palpes,
475 1549 69 50 fig.
565 1552 19 36 1
606 1548 67 51 (d),
688 1551 91 37 sont
800 1547 134 53 placés
948 1548 209 40 au-dessus
1172 1547 69 41 des
1260 1560 118 39 yeux,

154 1632 53 28 on
234 1621 58 40 les
331 1621 198 51 distingue
568 1632 49 29 en
648 1621 150 51 palpes
828 1624 232 48 supérieurs
1090 1624 38 36 et
1159 1633 49 27 en
1233 1621 148 52 palpes

151 1695 214 50 inférieurs
378 1706 16 36 ;
425 1692 58 40 les
509 1694 195 50 premiers
738 1696 93 36 sont
859 1694 23 38 à
910 1694 117 50 peine
1049 1693 177 49 visibles,
1249 1693 131 40 tandis

153 1776 78 39 que
260 1765 58 39 les
357 1764 169 41 seconds
562 1769 92 36 sont
688 1765 347 53 très-développés
1074 1770 39 35 et
1149 1770 91 36 sont
1279 1766 98 40 d'un

154 1836 128 51 grand
300 1848 163 29 secours
494 1849 102 41 pour
625 1835 39 42 là
693 1838 285 40 classification
991 1852 10 38 ;
1034 1839 50 39 ils
1104 1844 92 35 sont
1229 1839 151 40 formés

155 1909 49 40 de
222 1910 99 39 trois
341 1910 158 39 articles
520 1909 97 40 dont
645 1910 38 39 le
702 1910 174 49 dernier,
898 1914 170 38 souvent
1087 1911 213 52 très-petit,
1327 1923 53 29 ou

152 1984 131 38 même
311 1992 172 41 presque
513 1982 71 39 nul
616 1981 101 41 dans
747 1982 210 52 beaucoup
988 1982 49 41 de
1066 1982 313 54 Rhopalocères,

153 2059 60 36 est
232 2054 250 52 quelquefois
501 2054 193 50 très-long
717 2054 93 40 chez
826 2055 59 39 les
906 2054 275 50 Hétérocères,
1205 2056 177 40 formant

150 2136 81 30 une
261 2126 136 52 pointe
433 2126 213 40 aciculaire
679 2128 90 51 plus
804 2138 52 29 ou
883 2127 136 39 moins
1049 2127 241 51 prononcée.
1325 2129 57 38 La

153 2199 277 52 Spiritrompe,
454 2198 67 52 fig.
545 2202 18 36 1
588 2200 60 50 (c),
671 2203 59 36 est
762 2198 125 40 située
916 2202 111 37 entre
1046 2199 58 39 les
1128 2199 154 51 palpes,
1307 2200 74 40 elle

152 2280 43 30 se
210 2281 190 40 compose
418 2269 49 40 de
488 2269 104 40 deux
610 2269 103 41 filets
731 2271 90 51 plus
842 2282 52 28 ou
910 2271 134 39 moins
1064 2271 129 49 longs,
1218 2272 160 49 cornés,

152 2352 193 30 concaves
364 2342 25 39 à
403 2341 88 40 leur
508 2342 87 40 face
613 2343 171 48 interne,
799 2341 193 51 engrènes
1011 2343 197 51 parleurs
1229 2343 125 40 bords
1369 2358 10 37 ;

149 2409 209 50 lorsqu'on
384 2409 41 39 la
447 2420 126 42 coupe
602 2410 396 48 transversalement,
1023 2421 53 29 on
1096 2411 81 40 voit
1209 2423 79 39 que
1308 2424 74 27 son

150 2481 193 41 intérieur
361 2492 42 29 se
424 2492 187 42 compose
630 2481 49 40 de
703 2483 101 39 trois
827 2482 117 52 petits
965 2493 172 40 canaux,
1160 2482 99 42 dont
1278 2484 97 42 l'in-
