1792 3000
961 363 52 6 —
1050 338 74 41 192
1152 361 53 8 —

459 442 179 49 gineuse.
671 441 260 53 Supérieures
963 446 121 48 ayant
1113 444 102 37 cette
1233 439 133 41 bande
1384 440 90 52 plus
1503 440 108 50 large
1640 451 51 29 au

459 517 175 36 sommet
663 517 39 36 et
729 513 231 41 diminuant
993 525 95 28 sans
1112 512 192 41 atteindre
1330 513 35 39 le
1390 511 102 40 bord
1512 512 179 50 interne;

460 585 193 51 marquée
688 585 49 41 de
763 587 94 50 cinq
886 598 106 40 yeux
1019 587 113 39 noirs
1158 584 171 54 pupillés
1363 584 48 40 de
1448 584 119 40 blanc
1598 583 98 41 dont

459 662 58 40 les
537 666 40 36 2e
598 666 39 36 et
657 662 41 41 3e
716 662 91 52 plus
827 673 110 40 gros,
953 663 210 49 contigus;
1184 660 136 53 placés
1339 672 56 28 un
1412 671 79 41 peu
1510 660 187 51 oblique-

460 738 126 45 ment,
609 735 36 39 le
671 735 38 39 4e
742 738 39 36 et
806 735 37 40 le
873 738 40 37 5e
939 733 121 41 isolés
1076 748 10 37 ;
1122 732 238 42 inférieures
1386 744 95 29 avec
1510 731 37 40 la
1565 732 133 40 bande

460 807 92 50 plus
572 806 160 48 étroite,
756 810 171 36 souvent
945 805 221 41 maculaire
1186 809 39 36 et
1246 804 122 41 ornée
1387 804 49 40 de
1456 805 24 39 4
1496 804 23 40 à
1533 804 24 40 6
1578 815 117 41 yeux.

464 880 176 38 Dessous
656 877 70 41 des
743 877 255 52 supérieures
1024 888 157 30 comme
1203 877 36 40 le
1258 876 158 41 dessus.
1436 877 175 40 Dessous
1631 877 69 40 des

462 950 237 41 inférieures
720 949 93 40 d'un
833 950 104 39 brun
957 950 173 48 velouté,
1155 948 243 51 légèrement
1415 948 96 41 strié
1531 948 48 40 de
1594 949 108 40 blan-

463 1023 138 40 châtre
638 1033 95 29 avec
772 1034 80 28 une
888 1021 132 40 bande
1057 1021 344 50 anté-marginale
1435 1020 92 53 plus
1563 1021 137 51 claire,

465 1094 121 41 striée
616 1094 48 40 de
699 1094 132 50 blanc,
863 1099 38 35 et
934 1096 54 38 les
1021 1105 104 40 yeux
1149 1093 53 40 du
1224 1092 143 42 dessus
1386 1094 90 51 plus
1497 1105 53 28 ou
1571 1094 133 39 moins

464 1166 204 51 marqués.

529 1238 33 56 9
593 1239 93 40 Plus
702 1239 86 51 pâle
805 1250 95 28 avec
919 1238 35 39 la
969 1238 131 40 bande
1117 1238 68 40 des
1201 1238 254 53 supérieures
1476 1239 90 52 plus
1579 1238 125 52 large,

465 1313 37 39 le
531 1311 144 51 disque
697 1311 84 40 lavé
808 1311 49 40 de
888 1311 257 51 ferrugineux
1168 1323 50 28 en
1248 1310 168 41 dessous
1443 1315 40 36 et
1511 1311 57 40 les
1601 1311 105 40 infé-

466 1385 155 40 rieures
642 1384 89 52 plus
748 1383 109 53 pâles
884 1387 160 36 surtout
1063 1384 24 39 à
1107 1384 37 39 la
1163 1383 110 40 base.

520 1456 122 40 Assez
672 1466 102 38 rare,
811 1456 211 51 Pyr.-Or.,
1054 1457 36 39 le
1130 1456 167 51 Vernet;
1334 1457 191 51 H.-Pyr.,
1558 1456 69 40 Pic
1656 1455 51 41 de

470 1530 132 47 Bisos,
625 1528 213 52 B.-Alpes,
863 1528 169 49 Larche,
1055 1529 183 50 Vosges?
1260 1540 50 29 en
1324 1528 149 53 juillet.

471 1626 158 47 MÊLAS,
652 1635 84 29 var.
761 1624 226 53 Lefebvrei.
1011 1623 98 41 Bdv.
1130 1622 77 55 (pl.
1229 1625 64 48 14,
1318 1624 67 51 fig.
1410 1623 60 54 5).

526 1711 190 54 H.-Pyr.,
744 1714 91 40 Pics
865 1712 49 41 de
946 1712 116 41 Lévis
1093 1717 39 36 et
1163 1711 53 42 du
1250 1713 129 49 midi,
1413 1713 194 41 hauteurs
1640 1715 70 50 qui

472 1785 210 42 dominent
697 1786 36 41 le
749 1787 138 51 cirque
903 1785 49 42 de
972 1786 200 41 Gavarni.
1191 1787 78 39 Pas
1280 1797 105 38 rare,
1393 1786 134 52 juillet
1545 1790 38 37 et
1596 1790 146 37 août..

526 1858 112 40 Cette
667 1869 84 29 var.
784 1859 202 52 remplace
1012 1870 50 28 en
1095 1859 154 40 France
1277 1858 38 41 le
1346 1858 124 41 Melas
1496 1859 69 51 qui
1596 1858 68 52 n'y
1688 1869 24 28 a

466 1930 150 50 jamais
636 1929 63 41 été
718 1928 84 55 pris
823 1930 55 41 du
900 1931 133 40 moins
1052 1931 24 40 à
1094 1933 118 38 notre
1239 1932 307 40 connaissance.

473 2019 187 49 ALECTO,
678 2020 78 40 Hb.
776 2020 103 52 Dup.

531 2111 93 40 49m.
648 2109 107 42 Ailes
784 2122 59 29 un
861 2121 79 42 peu
967 2109 242 52 oblongues,
1238 2109 98 41 d'un
1355 2109 107 41 brun
1491 2110 104 47 noir,
1619 2120 95 29 sans

474 2194 159 30 aucune
661 2182 141 49 tache,
836 2185 171 39 souvent
1030 2193 96 30 avec
1152 2194 81 29 une
1266 2182 131 51 légère
1426 2183 123 39 teinte
1582 2183 120 40 ferru-

476 2256 167 49 gineuse
662 2254 90 53 près
773 2253 48 42 de
840 2253 147 52 l'angle
1017 2253 144 54 apical.
1187 2254 263 52 Quelquefois
1470 2254 106 41 deux
1595 2257 120 50 petits

477 2339 105 40 yeux
600 2327 173 53 apicaux
792 2328 23 39 à
834 2328 118 52 peine
973 2326 179 42 visibles.
1170 2327 177 41 Dessous
1369 2326 72 42 des
1462 2328 255 50 supérieures

476 2399 55 41 du
559 2403 134 38 même
712 2404 71 37 ton
807 2412 78 40 que
916 2401 37 39 le
982 2400 144 40 dessus
1151 2411 97 30 avec
1273 2411 82 29 une
1378 2399 132 42 bande
1539 2401 175 51 ferrugi-

474 2484 126 30 neuse
629 2473 25 40 à
681 2473 116 53 peine
825 2474 191 41 sensible.
1040 2474 177 40 Dessous
1249 2472 72 42 des
1350 2471 236 43 inférieures
1618 2472 97 42 d'un

476 2543 91 42 noir
582 2545 160 41 velouté
761 2547 86 40 uni.
