1744 3012
877 322 49 5 —
960 300 51 40 84
1038 321 53 7 —

382 400 48 41 de
464 401 119 41 celles
620 400 70 42 des
720 403 136 39 autres
888 400 139 42 ordres
1059 400 216 43 d'insectes
1308 413 51 29 en
1391 414 44 29 ce
1466 401 144 53 qu'elle

382 473 116 41 n'ont
523 472 151 54 jamais
704 474 92 53 plus
829 473 48 41 de
915 474 102 40 seize
1045 477 129 49 pattes
1203 477 38 37 et
1270 475 135 39 moins
1442 474 49 41 de
1525 474 83 40 dix.

436 546 185 42 Arrivées
652 557 52 30 au
723 550 128 37 terme
871 546 49 40 de
951 547 88 39 leur
1058 547 243 49 croissance,
1324 558 66 29 ces
1419 546 193 41 chenilles

384 630 44 30 se
447 619 201 51 changent
667 631 49 29 en
735 618 264 53 chrysalides,
1017 618 241 51 desquelles,
1278 619 115 53 après
1410 631 58 28 un
1481 622 131 48 temps

384 691 93 53 plus
504 703 53 28 ou
586 692 134 42 moins
746 693 110 49 long,
879 694 155 38 sortent
1060 690 70 41 des
1151 692 174 39 insectes
1353 691 182 52 parfaits,
1562 702 52 29 en

387 766 90 38 tout
505 763 241 42 semblables
767 764 23 40 à
811 775 100 29 ceux
931 763 69 53 qui
1018 762 88 41 leur
1132 765 71 38 ont
1233 762 134 42 donné
1385 763 227 41 naissance.

840 965 109 41 ÉTAT
972 971 201 34 PARFAIT.

447 1103 165 40 Comme
645 1101 101 41 dans
772 1106 94 36 tous
893 1102 59 39 les
979 1104 135 37 autres
1147 1102 173 39 insectes
1345 1099 38 41 le
1411 1111 117 40 corps
1550 1098 71 41 des

392 1174 285 53 Lépidoptères
700 1186 43 28 se
775 1185 188 40 compose
998 1173 48 41 de
1079 1174 40 39 la
1150 1175 93 47 tête,
1268 1172 55 39 du
1344 1172 146 42 thorax
1510 1174 38 37 et
1573 1170 49 40 de

389 1249 246 41 l'abdomen.
668 1250 56 39 Le
752 1249 145 40 thorax
925 1251 114 50 porte
1069 1248 208 51 toujours,
1312 1247 93 39 sauf
1437 1245 48 41 de
1516 1244 106 41 très-

393 1333 110 30 rares
521 1322 246 51 exceptions,
792 1324 140 48 quatre
959 1321 98 40 ailes
1078 1323 38 37 et
1136 1320 61 40 six
1216 1322 147 49 pattes.

448 1396 58 38 La
526 1397 79 37 tête
641 1398 60 37 est
740 1394 299 51 généralement
1072 1391 201 49 arrondie,
1297 1390 242 53 comprimée
1575 1403 51 29 en

394 1467 230 52 avant,plus
634 1465 111 52 large
761 1478 76 39 que
852 1466 163 51 longue,
1024 1467 185 51 toujours
1223 1476 54 28 un
1294 1476 78 40 peu
1382 1463 92 52 plus
1485 1463 141 40 étroite

396 1550 78 40 que
494 1539 37 40 le
549 1539 166 52 thorax;
739 1539 73 41 elle
840 1542 60 36 est
918 1538 287 40 très-saillante
1226 1536 95 40 chez
1340 1536 59 40 les
1421 1535 203 52 Rhopalo-

394 1611 112 41 cères
526 1615 39 36 et
578 1610 137 51 garnie
727 1610 47 41 de
794 1610 103 53 poils
913 1610 93 48 fins,
1023 1611 90 51 plus
1128 1610 120 51 petite
1265 1609 94 40 chez
1376 1608 58 40 les
1454 1608 146 44 Hétéro
1608 1631 16 7 -

396 1685 126 46 cères,
538 1695 95 29 avec
652 1684 58 39 les
730 1684 102 51 poils
852 1683 193 40 écailleux
1057 1698 10 28 ;
1090 1683 73 40 elle
1183 1693 43 29 se
1245 1686 141 36 trouve
1403 1680 101 41 dans
1525 1683 101 37 cette

394 1756 108 40 tribu
524 1756 252 51 quelquefois
798 1756 261 39 entièrement
1084 1753 143 41 retirée
1246 1765 94 29 sous
1360 1754 36 40 le
1414 1754 157 40 thorax.

907 1837 64 38 Fig.
994 1840 25 26 1.
1041 1837 80 29 Tète.
