1768 3000
1039 370 52 9 —
1120 345 34 43 1-6
1154 345 17 43 i
1200 365 53 10 —

541 453 167 44 dessous
738 452 54 43 du
821 451 185 45 corselet,
1028 453 111 38 entre
1172 449 36 40 le
1227 460 130 41 pouce
1388 451 39 37 et
1454 448 59 40 les
1546 446 104 42 deux
1678 455 87 44 pre-

541 530 121 39 miers
695 527 131 52 doigts
859 526 49 39 de
938 526 38 38 la
1004 523 139 48 main,
1172 521 49 41 de
1253 522 181 39 manière
1465 520 23 40 à
1520 532 45 28 ce
1592 520 97 50 qu'il
1723 531 42 29 n(

542 601 135 51 puisse
711 599 98 40 faire
845 598 37 39 le
914 594 183 42 moindre
1129 596 283 48 mouvement;
1454 592 116 53 après
1602 603 52 28 on
1692 591 73 40 fer:

543 672 137 49 rougir
707 682 51 28 au
790 669 63 40 feu
886 667 123 40 d'une
1043 664 211 42 chandelle
1284 667 114 37 toute
1430 664 39 40 la
1494 664 127 51 partie
1655 661 110 54 supé.

543 746 127 40 rieure
686 744 49 41 de
753 745 40 39 la
806 744 148 51 longue
973 741 158 54 épingle
1153 740 100 41 dont
1271 752 105 29 nous
1389 751 154 30 venons
1563 739 48 41 de
1630 740 132 52 parler

545 819 56 39 La
630 817 164 41 chaleur
824 827 50 29 ne
910 813 163 42 tardera
1111 824 73 41 pas
1217 812 24 40 à
1272 824 43 29 se
1346 813 311 51 communiquer
1689 813 19 39 à
1743 814 22 39 1;

545 890 128 51 partie
692 887 216 41 inférieure
930 886 49 40 de
1006 885 204 52 l'épingle,
1234 887 39 37 et
1292 884 37 40 le
1349 885 198 52 papillon,
1568 896 50 29 en
1648 886 111 40 moill,

547 961 121 40 d'une
688 972 53 28 ou
763 960 104 40 deux
886 959 192 48 minutes,
1095 968 91 30 sera
1206 956 195 52 asphyxié
1423 955 65 53 (1).

602 1033 74 40 Ces
693 1032 101 40 deux
815 1042 169 41 moyens
1002 1031 176 51 peuvent
1198 1028 136 41 suffire
1355 1028 102 41 dans
1477 1029 38 39 la
1534 1029 159 53 plupart
1713 1029 49 41 de

549 1117 82 37 cas,
648 1104 226 54 cependant
894 1107 91 37 tous
1001 1103 107 40 deux
1127 1106 71 36 ont
1219 1101 48 41 de
1287 1113 140 39 graves
1448 1101 308 42 inconvénients

550 1179 35 39 le
612 1178 190 51 premier,
835 1176 97 40 c'est
960 1176 124 51 qu'on
1130 1178 60 37 est
1215 1173 132 52 obligé
1367 1173 49 41 de
1442 1186 160 40 presser
1639 1175 36 40 le
1713 1186 50 41 pa

548 1248 125 53 pillon
693 1253 112 36 entre
825 1260 64 28 ses
919 1247 148 50 doigts,
1091 1247 79 40 soit
1190 1258 100 41 pour
1312 1247 35 40 le
1367 1247 97 39 tirer
1483 1258 96 29 avec
1597 1247 167 51 l'aiguill

552 1321 24 39 à
606 1321 131 49 tabac,
786 1321 79 39 soit
910 1332 103 40 pour
1056 1320 37 40 le
1134 1319 154 50 brûler,
1321 1322 38 37 et
1390 1318 28 40 il
1451 1322 61 37 est
1545 1331 88 29 rare
1667 1320 93 50 qu'o

552 1393 197 41 réussisse
768 1393 95 40 bien
890 1404 95 29 sans
1013 1393 55 40 lui
1096 1393 158 41 enlever
1274 1392 57 41 les
1361 1392 104 52 poils
1486 1391 49 41 de
1555 1392 39 40 la
1616 1394 149 51 poitrin

553 1470 39 38 et
624 1469 171 37 souvent
825 1465 204 52 plusieurs
1048 1468 147 50 pattes.
1218 1467 54 38 Le
1301 1464 154 42 second
1483 1464 150 41 résulte
1667 1465 48 40 de
1745 1478 20 28 c

554 1550 80 40 que
664 1537 187 53 l'épingle
879 1538 69 51 qui
968 1550 24 28 a
1012 1539 105 40 servi
1147 1538 24 40 à
1195 1538 40 40 la
1265 1537 151 48 brûler,
1449 1537 193 41 s'attache
1675 1538 90 52 aprè

554 1610 37 40 le
608 1622 118 42 corps
747 1613 39 37 et
806 1610 121 52 qu'en
941 1611 35 39 la
994 1611 169 40 retirant
1182 1622 54 29 on
1257 1611 136 40 enlève
1412 1621 173 41 presque
1605 1611 160 51 toujour

556 1682 58 41 les
633 1683 103 52 poils
769 1681 54 41 du
855 1682 153 41 thorax.
1041 1684 111 39 Nous
1178 1682 207 53 préférons
1408 1682 104 41 donc
1532 1694 103 33 nous
1666 1683 99 40 servi

558 1754 54 40 du
646 1765 176 42 cyanure
834 1800 9 23 '
870 1753 50 41 de
967 1755 230 40 Potassium
1236 1755 100 41 dont
1385 1766 104 29 nous
1528 1765 126 30 avons
1703 1754 59 53 déj

558 1826 138 54 parlé,
747 1837 103 42 page
885 1829 69 39 31.
1002 1827 259 50 Seulement,
1315 1838 103 42 pour
1460 1827 36 40 le
1541 1838 67 29 cas
1664 1831 101 36 actui

562 1911 101 29 nous
687 1910 101 29 nous
821 1910 166 30 servons
1008 1899 98 41 d'un
1133 1911 95 30 vase
1257 1911 51 30 en
1328 1911 112 29 verre
1473 1912 52 28 ou
1547 1912 51 29 en
1618 1900 147 40 faïencf

561 1971 20 39 à
613 1970 124 41 bords
768 1969 142 51 droits,
943 1971 98 41 d'un
1071 1972 194 42 diamètre
1298 1971 50 43 de
1379 1976 48 37 12
1458 1973 252 41 centimètres
1741 1984 23 29 a

561 2044 156 50 moins,
751 2042 49 42 de
833 2044 180 40 manière
1040 2045 24 40 à
1091 2047 172 50 pouvoir
1288 2059 25 39 y
1341 2046 101 40 faire
1476 2047 103 40 tenir
1613 2046 58 40 les
1706 2046 59 52 ph

562 2115 173 51 grandes
765 2116 179 52 espèces;
962 2128 57 28 un
1038 2121 71 48 pot
1127 2117 24 40 à
1169 2118 201 41 confiture
1399 2122 62 37 est
1480 2119 196 40 excellent
1696 2130 69 41 poi

563 2191 63 37 cet
654 2199 139 39 usage.
817 2189 63 39 On
899 2201 25 40 y
945 2190 130 51 ajuste
1103 2202 56 27 un
1188 2190 193 42 bouchon
1416 2190 49 41 de
1497 2190 102 52 liége
1625 2191 140 40 fermai

565 2317 34 25 se
618 2308 179 43 débattant,
816 2309 38 33 de
875 2317 34 25 se
929 2308 113 34 brûler
1071 2308 47 33 les
1149 2311 158 32 antennes
1338 2319 39 24 au
1409 2312 129 32 contact
1568 2310 168 35 immédiat

565 2365 34 33 la
618 2364 182 34 chandelle.
1400 2379 9 18 d

609 2432 43 40 (1)
675 2431 25 33 Il
721 2433 50 31 est
789 2430 117 34 inutile
920 2430 160 42 d'ajouter
1093 2439 63 33 que
1179 2431 81 34 dans
1286 2441 36 25 ce
1349 2433 119 33 second
1493 2442 68 31 cas,
1576 2441 125 26 comme
1721 2432 39 34 da

567 2486 31 35 le
621 2486 153 41 premier,
791 2494 64 26 une
875 2486 64 34 fois
955 2494 63 34 que
1031 2486 148 34 l'insecte
1189 2495 73 26 sera
1273 2490 96 40 mort,
1382 2488 153 42 l'épingle
1546 2489 55 41 qui
1624 2496 78 26 aura
1702 2496 63 26 ser

568 2550 19 27 a
609 2542 30 34 le
659 2540 81 35 faire
760 2541 124 35 mourir
903 2541 97 35 devra
1018 2542 69 35 être
1108 2541 279 38 immédiatement
1409 2543 118 36 retirée
1546 2545 39 34 de
1605 2553 59 27 son
1684 2552 77 35 corp
