1800 2996
641 361 53 8 —
726 342 76 40 199
831 361 50 8 —

149 444 218 53 très-petit,
396 449 170 36 souvent
594 443 71 41 nul
698 449 38 36 et
770 455 173 41 presque
976 442 185 54 toujours
1182 455 96 29 sans
1297 455 76 41 pu-

148 517 106 51 pille.
281 516 237 41 Inférieures
537 529 57 28 un
615 529 76 42 peu
717 516 161 41 dentées
898 528 96 29 avec
1013 520 24 37 3
1056 528 52 28 ou
1130 517 23 39 4
1174 528 104 40 yeux
1307 528 69 28 sur

149 592 138 37 autant
299 588 47 40 de
366 589 136 40 taches
519 589 313 50 ferrugineuses.
850 590 175 39 Dessous
1039 587 69 41 des
1121 587 254 53 supérieures

151 657 96 42 d'un
268 659 251 52 ferrugineux
538 660 91 53 plus
649 661 98 39 clair
771 672 76 38 que
874 660 36 40 le
930 659 158 41 dessus.
1111 660 175 39 Dessous
1307 658 69 41 des

149 729 237 43 inférieures
407 732 96 40 d'un
534 733 105 39 brun
673 744 125 38 rouge
830 743 95 29 avec
957 732 106 40 deux
1089 731 152 41 bandes
1258 729 118 42 blan-

151 803 175 51 châtres,
345 804 107 40 l'une
471 805 202 47 basilaire,
701 804 142 40 l'autre
860 803 351 48 anté-terminale,
1234 814 68 29 sur
1322 804 56 39 la-

150 875 130 50 quelle
300 879 90 36 sont
409 876 57 40 les
480 888 100 39 yeux
602 875 49 40 de
672 875 159 50 dessus,
851 875 100 40 dont
965 875 39 39 la
1017 874 153 53 pupille
1192 875 110 40 seule
1317 879 60 37 est

151 952 229 47 apparente.

215 1017 33 56 9
276 1019 89 51 plus
386 1019 165 50 grande,
573 1019 90 53 plus
683 1020 103 51 pâle,
808 1030 96 29 avec
934 1019 36 40 le
995 1018 169 41 dessous
1183 1018 70 41 des
1274 1018 105 40 infé-

153 1090 152 40 rieures
327 1092 189 50 jaunâtre
547 1103 51 29 ou
633 1091 182 41 verdàtre
833 1105 10 36 ;
879 1089 155 42 bandes
1066 1091 194 41 blanches
1289 1091 91 52 plus

153 1161 262 50 prononcées,
433 1174 101 39 yeux
546 1162 89 53 plus
650 1174 106 39 gros,
775 1162 88 52 plus
877 1165 232 50 apparents,
1127 1162 254 51 quelquefois

153 1245 52 28 au
225 1235 167 40 nombre
413 1235 47 41 de
484 1237 110 52 cinq.

208 1305 106 41 C'est
334 1307 35 40 le
396 1307 92 51 plus
507 1318 192 30 commun
721 1306 68 42 des
812 1308 158 39 Erebia.
993 1307 62 40 On
1072 1307 37 39 le
1128 1309 141 38 trouve
1282 1306 100 41 dans

155 1377 57 40 les
232 1378 88 40 bois
353 1383 38 36 et
421 1378 100 41 dans
550 1379 58 40 les
635 1378 156 53 plaines
811 1378 48 41 de
876 1379 90 39 l'est
987 1382 38 36 et
1045 1377 54 41 du
1123 1383 133 35 efJ;lre
1277 1378 47 40 de
1346 1379 37 39 la

155 1456 166 47 France,
339 1456 222 49 Auvergne,
580 1457 253 45 Mont-Dore,
852 1456 167 48 Vosges,
1031 1454 177 46 Colmar,
1221 1455 160 39 Sainte-

156 1525 133 49 Marie,
311 1527 158 52 Epinai,
492 1539 49 28 en
556 1527 136 52 juillet
712 1531 35 36 et
771 1530 110 37 août.

157 1619 205 50 LtGEA.L.
383 1620 100 42 God.
508 1620 73 54 (pl.
609 1621 60 49 15,
695 1620 68 52 fig.
788 1620 61 53 2).

211 1709 31 39 Il
262 1712 60 38 est
347 1722 205 37 commun,
574 1710 102 40 dans
703 1710 36 40 le
775 1709 101 41 nord
899 1713 39 37 et
962 1710 91 40 l'est
1072 1708 49 41 de
1151 1709 38 39 la
1215 1710 167 45 France,

158 1781 166 49 Vosges,
347 1782 35 39 le
401 1782 147 48 Valtin,
568 1782 38 40 le
626 1783 154 50 Champ
802 1781 48 41 de
883 1783 96 45 Feu,
1002 1783 226 48 Auvergne,
1253 1781 132 38 Mont-

161 1852 117 47 Dôre,
302 1854 29 37 B
353 1853 156 51 -Alpes.
538 1853 166 39 Comme
733 1851 194 41 Blandina
946 1852 27 39 il
990 1852 136 39 habite
1154 1851 56 40 les
1238 1851 88 40 bois
1348 1854 39 36 et

160 1923 56 39 les
245 1923 155 52 plaines
431 1926 39 38 et
501 1924 101 40 n'est
635 1936 72 41 pas
738 1923 160 40 difficile
918 1924 23 39 à
961 1923 187 52 prendre,
1176 1921 135 53 juillet
1342 1925 40 36 et

159 1996 110 37 août.

161 2088 212 48 EURYALE,
393 2090 93 51 Esp.
504 2089 107 41 (,od.

216 2181 40 39 42
256 2181 67 39 ni.
351 2181 105 40 Ailes
493 2181 96 41 d'un
621 2183 105 40 brun
756 2184 104 47 noir,
895 2184 254 52 supérieures
1180 2194 96 28 avec
1308 2194 80 28 une

161 2252 130 41 bande
310 2254 289 50 ferrugineuse,
620 2255 166 41 rétrécie
806 2268 52 28 au
872 2256 139 40 milieu
1029 2259 39 36 et
1080 2254 121 40 ornée
1220 2253 48 40 de
1290 2255 97 39 trois

163 2324 24 40 à
202 2328 140 48 quatre
360 2338 99 39 yeux
470 2328 125 49 noirs,
613 2329 389 51 petits,quelquefois
1017 2328 159 40 ocellés.
1195 2326 192 41 Inférieu-

166 2407 63 28 res
262 2401 121 46 ayant
409 2398 37 38 la
481 2398 131 40 bande
644 2398 276 52 ferrugineuse
952 2400 90 51 plus
1073 2399 155 40 étroite,
1270 2398 121 40 ornée

167 2468 108 39 aussi
291 2467 47 40 de
353 2469 99 39 trois
468 2469 24 39 à
509 2476 141 44 quatre
662 2483 100 40 yeux
783 2472 49 40 de
854 2472 107 39 taille
981 2470 173 41 variable
1170 2474 38 37 et
1223 2474 169 36 souvent

168 2538 339 43 ocellés.Dessous
520 2540 70 41 des
603 2543 253 53 supérieures
874 2542 97 41 d'un
992 2543 104 39 brun
1116 2542 273 51 ferrugineux,
