1752 2996
622 325 50 5 —
703 302 74 40 137
813 324 44 5 -

1187 2570 38 36 8"

181 408 43 37 T.
258 407 35 38 la
325 408 43 37 F.
399 406 197 39 Environs
621 404 47 40 de
701 405 126 46 Paris,
851 403 147 52 Lardy,
1022 404 331 48 Fontainebleau,

127 491 49 28 en
207 479 94 45 mai,
325 478 134 51 juillet
479 481 38 36 et
549 480 110 44 août,
682 487 109 28 assez
822 486 206 37 commun,
1051 475 28 39 il
1097 476 105 39 aime
1231 476 23 39 à
1273 476 85 40 vol-

125 552 102 48 tiger
246 561 69 28 sur
330 549 57 40 les
407 549 122 40 fleurs
549 548 50 40 de
618 548 112 52 thym
752 551 38 36 et
809 547 49 40 de
875 546 187 53 serpolet.

126 646 234 46 PHERETES,
383 645 50 38 H.
455 643 101 41 God.

178 743 94 37 28m.
294 740 106 40 Ailes
415 740 97 39 d'un
531 738 91 41 bleu
642 739 170 48 très-vif,
830 749 95 30 avec
941 750 56 28 un
1015 737 118 41 liseré
1149 738 90 40 noir
1259 740 39 38 et
1317 738 40 40 la

127 813 138 49 frange
283 812 172 40 blanche
479 826 9 37 ;
521 811 168 40 dessous
709 811 96 39 d'un
839 809 146 42 cendré
1000 809 182 41 verdàtre
1197 824 9 37 ;
1232 810 122 52 Supé-

127 880 151 39 rieures
300 890 93 28 avec
419 889 78 28 une
517 878 137 39 lunule
675 877 175 40 centrale
872 881 38 35 et
928 888 80 29 une
1026 875 103 41 série
1150 876 49 40 de
1221 876 135 52 points

127 952 109 39 noirs
250 950 145 41 ocellés
414 953 169 36 souvent
603 949 112 51 nuls;
739 948 237 40 inférieures
996 959 94 30 avec
1110 948 105 40 deux
1234 959 121 39 rangs

127 1023 48 40 de
196 1022 170 51 grandes
386 1021 138 41 taches
542 1021 191 40 blanches
752 1032 50 30 ou
818 1022 225 50 jaunâtres.

183 1101 26 43 9
232 1095 103 39 D'un
355 1092 103 42 brun
488 1094 91 39 noir
596 1094 88 39 uni.

183 1165 177 41 Chenille
373 1168 17 37 ?

182 1241 234 48 Montagnes
445 1238 186 51 Alpines;
661 1237 304 52 Basses-Alpes,
992 1236 222 48 Malmorte,
1243 1239 114 37 mont

130 1311 135 46 Cenis,
306 1314 146 36 autour
487 1309 55 39 du
576 1308 76 49 lac,
694 1308 220 52 Dauphiné,
956 1311 202 45 Lautaret,
1197 1319 69 28 sur
1300 1308 58 39 les

128 1383 122 39 fleurs
280 1381 68 41 des
378 1383 182 51 prairies,
583 1381 135 39 habite
749 1381 24 39 à
797 1392 80 28 une
909 1380 150 51 grande
1087 1379 200 41 élévation
1319 1382 41 38 et

129 1454 105 40 n'est
252 1465 72 41 pas
345 1465 211 37 commun,
579 1464 49 29 en
646 1453 148 51 juillet.

130 1546 250 46 ORBITULlTS,
404 1545 142 51 Esper.
569 1543 104 40 God.

184 1637 93 38 26m.
306 1635 107 39 Ailes
444 1633 205 50 cendrées,
676 1633 154 40 sablées
855 1632 47 41 de
928 1633 93 41 bleu
1040 1633 184 41 verdâtre
1254 1634 106 41 très-

129 1707 89 52 pâle
236 1718 94 29 avec
347 1719 80 27 une
441 1706 138 40 lunule
595 1706 112 39 noire
728 1705 152 40 cerclée
896 1704 48 40 de
957 1705 255 52 blanchâtre;
1235 1707 126 51 supé-

131 1779 151 39 rieures
302 1790 55 28 un
377 1790 77 40 peu
469 1779 138 49 aigües
628 1789 51 28 au
700 1780 188 44 sommet,
908 1777 239 40 inférieures
1167 1789 94 29 avec
1280 1789 82 29 une

132 1850 101 39 série
259 1849 340 51 anté-rnarginale
628 1849 47 40 de
696 1848 134 52 points
849 1851 112 37 noirs
993 1849 149 41 cerclés
1164 1849 48 41 de
1241 1849 121 41 blan-

132 1925 150 39 châtre.
308 1925 175 38 Dessous
500 1923 71 40 des
593 1922 252 53 supérieures
864 1923 96 40 d'un
982 1923 146 41 cendré
1149 1925 99 39 clair
1267 1937 96 30 avec

133 1996 70 40 des
228 1997 133 50 points
380 1996 112 39 noirs
514 1994 159 41 ocellés.
698 1996 173 39 Dessous
899 1995 70 41 des
1000 1996 236 41 inférieures
1263 1997 100 40 bru-

133 2072 112 36 nâtre
265 2080 95 28 avec
378 2068 202 52 plusieurs
599 2067 138 40 taches
756 2067 193 41 blanches
970 2068 97 41 dont
1086 2080 81 29 une
1188 2070 177 40 centrale

133 2139 256 45 cordiforme,
409 2139 57 38 les
485 2143 133 34 autres
638 2139 242 50 marginales
900 2142 39 37 et
957 2140 213 51 marquées
1191 2152 174 40 presque

134 2212 184 50 toujours
331 2209 49 41 de
399 2210 136 51 points
555 2221 48 28 ou
630 2210 196 40 chevrons
845 2211 111 40 noirs
972 2216 38 35 et
1032 2211 48 40 de
1101 2211 106 40 deux
1226 2213 140 40 taches

135 2284 137 39 fauves
292 2282 91 51 près
400 2281 48 40 de
468 2281 145 51 l'angle
633 2283 104 38 anal.

197 2354 33 54 9
263 2354 104 38 D'un
392 2353 104 39 brun
523 2354 103 47 noir,
650 2365 94 30 avec
762 2355 58 39 les
838 2355 161 40 lunules
1019 2356 196 40 centrales
1236 2357 132 39 moins

136 2426 176 47 visibles,
335 2428 158 37 surtout
510 2437 79 28 aux
608 2426 237 41 inférieures
865 2425 174 50 (Guénée
1059 2425 101 42 Tab.
1182 2427 185 53 Synop.).

191 2497 181 41 Chenille
382 2499 19 37 ?
