<?xml version="1.0" encoding="utf-8"?>
<alto SCHEMAVERSION="alto_bnf-v2_0" xmlns="http://www.loc.gov/standards/alto/ns-v3#" xmlns:xlink="http://www.w3.org/TR/xlink" xmlns:xsi="http://www.w3.org/2001/XMLSchema-instance" xsi:schemaLocation="http://www.loc.gov/standards/alto/ns-v3# http://bibnum.bnf.fr/schema/alto_bnf-v2_0.xsd">
  <Description>
    <MeasurementUnit>pixel</MeasurementUnit>
    <sourceImageInformation>
      <fileName>00000072.jp2</fileName>
      <documentIdentifier documentIdentifierLocation="IFN">9612399</documentIdentifier>
    </sourceImageInformation>
    <OCRProcessing ID="OCR_1">
      <ocrProcessingStep>
        <processingDateTime>2015-10-09</processingDateTime>
        <processingStepDescription>[001_OCR_BRUT]OCR BRUT 98.20 %</processingStepDescription>
        <processingStepDescription>[002_CHARS]{1258}</processingStepDescription>
        <processingStepDescription>[003_CHARS_USED]{1193}</processingStepDescription>
        <processingStepDescription>[004_CHARS_SUSPECTS_USED]{0}</processingStepDescription>
        <processingStepDescription>[005_CHARS_UNUSED]{65}</processingStepDescription>
        <processingStepDescription>[006_CHARS_SUSPECTS_UNUSED]{0}</processingStepDescription>
        <processingStepDescription>[007_STRINGS]{270}</processingStepDescription>
        <processingStepDescription>[008_STRINGS_USED]{270}</processingStepDescription>
        <processingStepDescription>[009_STRINGS_SUSPECTS_UNUSED]{0}</processingStepDescription>
        <processingStepDescription>[010_CHARS_LETTERS]{1193}</processingStepDescription>
        <processingStepDescription>[011_CHARS_PUNCTUATION]{59}</processingStepDescription>
        <processingStepDescription>[012_CHARS_DIGITS]{5}</processingStepDescription>
        <processingStepDescription>[013_CHARS_SUSPECT]{0}</processingStepDescription>
        <processingStepDescription>[022_CHARS_UNUSED_BY_BLOCK]{0}</processingStepDescription>
        <processingStepDescription>[023_BLOCKS_SUSPECTS]{0}</processingStepDescription>
        <processingStepDescription>[111_LIGS_DETECTED_CURV]{0}</processingStepDescription>
      </ocrProcessingStep>
    </OCRProcessing>
  </Description>
  <Styles>
    <TextStyle FONTFAMILY="Times" FONTSIZE="9" ID="TXT_5"/>
    <TextStyle FONTFAMILY="Times" FONTSIZE="6" ID="TXT_6"/>
    <TextStyle FONTFAMILY="Times" FONTSIZE="8" ID="TXT_7"/>
  </Styles>
  <Tags>
    <OtherTag ID="TAG_importantEN" LABEL="important" TYPE="EN"/>
    <OtherTag ID="TAG_important" LABEL="important"/>
  </Tags>
  <Layout>
    <Page ACCURACY="98.20" HEIGHT="3012" ID="PAG_00000072" PHYSICAL_IMG_NR="72" PRINTED_IMG_NR="66" QUALITY="OK" WIDTH="1744">
      <TopMargin HEIGHT="375" HPOS="0" ID="PAG_00000072_TopMargin" VPOS="0" WIDTH="1744">
        <TextBlock HEIGHT="40" HPOS="956" ID="PAG_00000072_TB000001" LANG="fr" STYLEREFS="TXT_6" VPOS="275" WIDTH="244">
          <TextLine HEIGHT="40" HPOS="956" ID="PAG_00000072_TL000001" STYLEREFS="TXT_6" VPOS="275" WIDTH="244">
            <String CONTENT="—" HEIGHT="6" HPOS="956" ID="PAG_00000072_ST000001" STYLEREFS="TXT_5" VPOS="296" WC="1" WIDTH="43"/>
            <SP HPOS="999" ID="PAG_00000072_SP000001" VPOS="275" WIDTH="38"/>
            <String CONTENT="66" HEIGHT="40" HPOS="1037" ID="PAG_00000072_ST000002" STYLEREFS="TXT_6" VPOS="275" WC="0.56" WIDTH="52"/>
            <SP HPOS="1089" ID="PAG_00000072_SP000002" VPOS="298" WIDTH="37"/>
            <String CONTENT="-" HEIGHT="6" HPOS="1126" ID="PAG_00000072_ST000003" STYLEREFS="TXT_6" VPOS="298" WC="1" WIDTH="44"/>
            <HYP CONTENT="-" HPOS="1170" VPOS="304" WIDTH="30"/>
          </TextLine>
        </TextBlock>
      </TopMargin>
      <PrintSpace HEIGHT="2156" HPOS="449" ID="PAG_00000072_PrintSpace" VPOS="375" WIDTH="1267">
        <TextBlock HEIGHT="274" HPOS="452" ID="PAG_00000072_TB000002" LANG="fr" STYLEREFS="TXT_7" VPOS="375" WIDTH="1257">
          <TextLine HEIGHT="57" HPOS="462" ID="PAG_00000072_TL000002" STYLEREFS="TXT_7" VPOS="375" WIDTH="1247">
            <String CONTENT="dins" HEIGHT="42" HPOS="462" ID="PAG_00000072_ST000004" STYLEREFS="TXT_7" VPOS="375" WC="1" WIDTH="92"/>
            <SP HPOS="554" ID="PAG_00000072_SP000003" VPOS="381" WIDTH="21"/>
            <String CONTENT="et" HEIGHT="37" HPOS="575" ID="PAG_00000072_ST000005" STYLEREFS="TXT_7" VPOS="381" WC="1" WIDTH="38"/>
            <SP HPOS="613" ID="PAG_00000072_SP000004" VPOS="388" WIDTH="27"/>
            <String CONTENT="sur" HEIGHT="29" HPOS="640" ID="PAG_00000072_ST000006" STYLEREFS="TXT_7" VPOS="388" WC="1" WIDTH="69"/>
            <SP HPOS="709" ID="PAG_00000072_SP000005" VPOS="377" WIDTH="21"/>
            <String CONTENT="les" HEIGHT="41" HPOS="730" ID="PAG_00000072_ST000007" STYLEREFS="TXT_7" VPOS="377" WC="1" WIDTH="56"/>
            <SP HPOS="786" ID="PAG_00000072_SP000006" VPOS="377" WIDTH="23"/>
            <String CONTENT="lisières" HEIGHT="41" HPOS="809" ID="PAG_00000072_ST000008" STYLEREFS="TXT_7" VPOS="377" WC="1" WIDTH="153"/>
            <SP HPOS="962" ID="PAG_00000072_SP000007" VPOS="377" WIDTH="15"/>
            <String CONTENT="des" HEIGHT="41" HPOS="977" ID="PAG_00000072_ST000009" STYLEREFS="TXT_7" VPOS="377" WC="1" WIDTH="71"/>
            <SP HPOS="1048" ID="PAG_00000072_SP000008" VPOS="377" WIDTH="18"/>
            <String CONTENT="bois." HEIGHT="40" HPOS="1066" ID="PAG_00000072_ST000010" STYLEREFS="TXT_7" VPOS="377" WC="1" WIDTH="102"/>
            <SP HPOS="1168" ID="PAG_00000072_SP000009" VPOS="380" WIDTH="22"/>
            <String CONTENT="Nous" HEIGHT="38" HPOS="1190" ID="PAG_00000072_ST000011" STYLEREFS="TXT_7" VPOS="380" WC="1" WIDTH="109"/>
            <SP HPOS="1299" ID="PAG_00000072_SP000010" VPOS="379" WIDTH="18"/>
            <String CONTENT="l'avons" HEIGHT="41" HPOS="1317" ID="PAG_00000072_ST000012" STYLEREFS="TXT_7" VPOS="379" WC="0.99" WIDTH="153"/>
            <SP HPOS="1470" ID="PAG_00000072_SP000011" VPOS="381" WIDTH="17"/>
            <String CONTENT="pris" HEIGHT="51" HPOS="1487" ID="PAG_00000072_ST000013" STYLEREFS="TXT_7" VPOS="381" WC="1" WIDTH="82"/>
            <SP HPOS="1569" ID="PAG_00000072_SP000012" VPOS="381" WIDTH="18"/>
            <String CONTENT="plu-" HEIGHT="51" HPOS="1587" ID="PAG_00000072_ST000014" STYLEREFS="TXT_7" SUBS_CONTENT="plusieurs" SUBS_TYPE="HypPart1" VPOS="381" WC="1" WIDTH="92"/>
            <HYP CONTENT="-" HPOS="1679" VPOS="432" WIDTH="30"/>
          </TextLine>
          <TextLine HEIGHT="54" HPOS="460" ID="PAG_00000072_TL000003" STYLEREFS="TXT_7" VPOS="450" WIDTH="1221">
            <String CONTENT="sieurs" HEIGHT="40" HPOS="460" ID="PAG_00000072_ST000015" STYLEREFS="TXT_7" SUBS_CONTENT="plusieurs" SUBS_TYPE="HypPart2" VPOS="450" WC="1" WIDTH="128"/>
            <SP HPOS="588" ID="PAG_00000072_SP000013" VPOS="451" WIDTH="30"/>
            <String CONTENT="fois" HEIGHT="40" HPOS="618" ID="PAG_00000072_ST000016" STYLEREFS="TXT_7" VPOS="451" WC="1" WIDTH="76"/>
            <SP HPOS="694" ID="PAG_00000072_SP000014" VPOS="451" WIDTH="35"/>
            <String CONTENT="à" HEIGHT="40" HPOS="729" ID="PAG_00000072_ST000017" STYLEREFS="TXT_7" VPOS="451" WC="1" WIDTH="24"/>
            <SP HPOS="753" ID="PAG_00000072_SP000015" VPOS="451" WIDTH="30"/>
            <String CONTENT="l'entrée" HEIGHT="40" HPOS="783" ID="PAG_00000072_ST000018" STYLEREFS="TXT_7" VPOS="451" WC="1" WIDTH="163"/>
            <SP HPOS="946" ID="PAG_00000072_SP000016" VPOS="450" WIDTH="29"/>
            <String CONTENT="de" HEIGHT="40" HPOS="975" ID="PAG_00000072_ST000019" STYLEREFS="TXT_7" VPOS="450" WC="1" WIDTH="48"/>
            <SP HPOS="1023" ID="PAG_00000072_SP000017" VPOS="451" WIDTH="28"/>
            <String CONTENT="la" HEIGHT="39" HPOS="1051" ID="PAG_00000072_ST000020" STYLEREFS="TXT_7" VPOS="451" WC="1" WIDTH="37"/>
            <SP HPOS="1088" ID="PAG_00000072_SP000018" VPOS="451" WIDTH="32"/>
            <String CONTENT="forêt" HEIGHT="40" HPOS="1120" ID="PAG_00000072_ST000021" STYLEREFS="TXT_7" TAGREFS="TAG_important" VPOS="451" WC="1" WIDTH="100"/>
            <SP HPOS="1220" ID="PAG_00000072_SP000019" VPOS="451" WIDTH="28"/>
            <String CONTENT="de" HEIGHT="40" HPOS="1248" ID="PAG_00000072_ST000022" STYLEREFS="TXT_7" VPOS="451" WC="1" WIDTH="48"/>
            <SP HPOS="1296" ID="PAG_00000072_SP000020" VPOS="451" WIDTH="32"/>
            <String CONTENT="Sénart." HEIGHT="45" HPOS="1328" ID="PAG_00000072_ST000023" STYLEREFS="TXT_7" TAGREFS="TAG_importantEN" VPOS="451" WC="0.98" WIDTH="154"/>
            <SP HPOS="1482" ID="PAG_00000072_SP000021" VPOS="454" WIDTH="32"/>
            <String CONTENT="près" HEIGHT="50" HPOS="1514" ID="PAG_00000072_ST000024" STYLEREFS="TXT_7" VPOS="454" WC="1" WIDTH="89"/>
            <SP HPOS="1603" ID="PAG_00000072_SP000022" VPOS="454" WIDTH="29"/>
            <String CONTENT="de" HEIGHT="40" HPOS="1632" ID="PAG_00000072_ST000025" STYLEREFS="TXT_7" VPOS="454" WC="1" WIDTH="49"/>
          </TextLine>
          <TextLine HEIGHT="59" HPOS="460" ID="PAG_00000072_TL000004" STYLEREFS="TXT_7" VPOS="517" WIDTH="1221">
            <String CONTENT="Soisy-sous-Étiole." HEIGHT="58" HPOS="460" ID="PAG_00000072_ST000026" STYLEREFS="TXT_7" VPOS="517" WC="0.98" WIDTH="402"/>
            <SP HPOS="862" ID="PAG_00000072_SP000023" VPOS="524" WIDTH="32"/>
            <String CONTENT="Il" HEIGHT="38" HPOS="894" ID="PAG_00000072_ST000027" STYLEREFS="TXT_7" VPOS="524" WC="1" WIDTH="29"/>
            <SP HPOS="923" ID="PAG_00000072_SP000024" VPOS="523" WIDTH="28"/>
            <String CONTENT="n'est" HEIGHT="40" HPOS="951" ID="PAG_00000072_ST000028" STYLEREFS="TXT_7" VPOS="523" WC="1" WIDTH="103"/>
            <SP HPOS="1054" ID="PAG_00000072_SP000025" VPOS="534" WIDTH="31"/>
            <String CONTENT="pas" HEIGHT="40" HPOS="1085" ID="PAG_00000072_ST000029" STYLEREFS="TXT_7" VPOS="534" WC="1" WIDTH="70"/>
            <SP HPOS="1155" ID="PAG_00000072_SP000026" VPOS="535" WIDTH="32"/>
            <String CONTENT="rare" HEIGHT="28" HPOS="1187" ID="PAG_00000072_ST000030" STYLEREFS="TXT_7" VPOS="535" WC="1" WIDTH="88"/>
            <SP HPOS="1275" ID="PAG_00000072_SP000027" VPOS="523" WIDTH="31"/>
            <String CONTENT="dans" HEIGHT="41" HPOS="1306" ID="PAG_00000072_ST000031" STYLEREFS="TXT_7" VPOS="523" WC="1" WIDTH="101"/>
            <SP HPOS="1407" ID="PAG_00000072_SP000028" VPOS="525" WIDTH="31"/>
            <String CONTENT="les" HEIGHT="39" HPOS="1438" ID="PAG_00000072_ST000032" STYLEREFS="TXT_7" VPOS="525" WC="1" WIDTH="57"/>
            <SP HPOS="1495" ID="PAG_00000072_SP000029" VPOS="525" WIDTH="28"/>
            <String CONTENT="jardins" HEIGHT="51" HPOS="1523" ID="PAG_00000072_ST000033" STYLEREFS="TXT_7" VPOS="525" WC="1" WIDTH="158"/>
          </TextLine>
          <TextLine HEIGHT="52" HPOS="452" ID="PAG_00000072_TL000005" STYLEREFS="TXT_7" VPOS="597" WIDTH="506">
            <String CONTENT="fruitiers" HEIGHT="40" HPOS="452" ID="PAG_00000072_ST000034" STYLEREFS="TXT_7" VPOS="597" WC="1" WIDTH="178"/>
            <SP HPOS="630" ID="PAG_00000072_SP000030" VPOS="597" WIDTH="19"/>
            <String CONTENT="de" HEIGHT="39" HPOS="649" ID="PAG_00000072_ST000035" STYLEREFS="TXT_7" VPOS="597" WC="1" WIDTH="48"/>
            <SP HPOS="697" ID="PAG_00000072_SP000031" VPOS="597" WIDTH="21"/>
            <String CONTENT="la" HEIGHT="40" HPOS="718" ID="PAG_00000072_ST000036" STYLEREFS="TXT_7" VPOS="597" WC="1" WIDTH="38"/>
            <SP HPOS="756" ID="PAG_00000072_SP000032" VPOS="597" WIDTH="20"/>
            <String CONTENT="capitale." HEIGHT="52" HPOS="776" ID="PAG_00000072_ST000037" STYLEREFS="TXT_7" VPOS="597" WC="1" WIDTH="182"/>
          </TextLine>
        </TextBlock>
        <TextBlock HEIGHT="561" HPOS="449" ID="PAG_00000072_TB000003" LANG="fr" STYLEREFS="TXT_7" VPOS="668" WIDTH="1265">
          <TextLine HEIGHT="55" HPOS="505" ID="PAG_00000072_TL000006" STYLEREFS="TXT_7" VPOS="668" WIDTH="1175">
            <String CONTENT="Si" HEIGHT="40" HPOS="505" ID="PAG_00000072_ST000038" STYLEREFS="TXT_7" VPOS="668" WC="1" WIDTH="42"/>
            <SP HPOS="547" ID="PAG_00000072_SP000033" VPOS="669" WIDTH="21"/>
            <String CONTENT="l'on" HEIGHT="40" HPOS="568" ID="PAG_00000072_ST000039" STYLEREFS="TXT_7" VPOS="669" WC="1" WIDTH="84"/>
            <SP HPOS="652" ID="PAG_00000072_SP000034" VPOS="670" WIDTH="25"/>
            <String CONTENT="visite" HEIGHT="40" HPOS="677" ID="PAG_00000072_ST000040" STYLEREFS="TXT_7" VPOS="670" WC="1" WIDTH="118"/>
            <SP HPOS="795" ID="PAG_00000072_SP000035" VPOS="670" WIDTH="24"/>
            <String CONTENT="à" HEIGHT="40" HPOS="819" ID="PAG_00000072_ST000041" STYLEREFS="TXT_7" VPOS="670" WC="1" WIDTH="24"/>
            <SP HPOS="843" ID="PAG_00000072_SP000036" VPOS="673" WIDTH="29"/>
            <String CONTENT="cette" HEIGHT="36" HPOS="872" ID="PAG_00000072_ST000042" STYLEREFS="TXT_7" VPOS="673" WC="1" WIDTH="103"/>
            <SP HPOS="975" ID="PAG_00000072_SP000037" VPOS="668" WIDTH="20"/>
            <String CONTENT="époque" HEIGHT="54" HPOS="995" ID="PAG_00000072_ST000043" STYLEREFS="TXT_7" VPOS="668" WC="1" WIDTH="154"/>
            <SP HPOS="1149" ID="PAG_00000072_SP000038" VPOS="671" WIDTH="21"/>
            <String CONTENT="les" HEIGHT="40" HPOS="1170" ID="PAG_00000072_ST000044" STYLEREFS="TXT_7" VPOS="671" WC="1" WIDTH="56"/>
            <SP HPOS="1226" ID="PAG_00000072_SP000039" VPOS="675" WIDTH="20"/>
            <String CONTENT="parapets" HEIGHT="48" HPOS="1246" ID="PAG_00000072_ST000045" STYLEREFS="TXT_7" VPOS="675" WC="1" WIDTH="187"/>
            <SP HPOS="1433" ID="PAG_00000072_SP000040" VPOS="670" WIDTH="19"/>
            <String CONTENT="des" HEIGHT="42" HPOS="1452" ID="PAG_00000072_ST000046" STYLEREFS="TXT_7" VPOS="670" WC="1" WIDTH="71"/>
            <SP HPOS="1523" ID="PAG_00000072_SP000041" VPOS="673" WIDTH="27"/>
            <String CONTENT="quais," HEIGHT="49" HPOS="1550" ID="PAG_00000072_ST000047" STYLEREFS="TXT_7" VPOS="673" WC="1" WIDTH="130"/>
          </TextLine>
          <TextLine HEIGHT="56" HPOS="455" ID="PAG_00000072_TL000007" STYLEREFS="TXT_7" VPOS="740" WIDTH="1229">
            <String CONTENT="des" HEIGHT="42" HPOS="455" ID="PAG_00000072_ST000048" STYLEREFS="TXT_7" VPOS="740" WC="1" WIDTH="70"/>
            <SP HPOS="525" ID="PAG_00000072_SP000042" VPOS="745" WIDTH="32"/>
            <String CONTENT="ponts," HEIGHT="49" HPOS="557" ID="PAG_00000072_ST000049" STYLEREFS="TXT_7" VPOS="745" WC="1" WIDTH="137"/>
            <SP HPOS="694" ID="PAG_00000072_SP000043" VPOS="748" WIDTH="30"/>
            <String CONTENT="etc.," HEIGHT="42" HPOS="724" ID="PAG_00000072_ST000050" STYLEREFS="TXT_7" VPOS="748" WC="1" WIDTH="94"/>
            <SP HPOS="818" ID="PAG_00000072_SP000044" VPOS="753" WIDTH="24"/>
            <String CONTENT="on" HEIGHT="28" HPOS="842" ID="PAG_00000072_ST000051" STYLEREFS="TXT_7" VPOS="753" WC="1" WIDTH="52"/>
            <SP HPOS="894" ID="PAG_00000072_SP000045" VPOS="754" WIDTH="29"/>
            <String CONTENT="y" HEIGHT="39" HPOS="923" ID="PAG_00000072_ST000052" STYLEREFS="TXT_7" VPOS="754" WC="1" WIDTH="25"/>
            <SP HPOS="948" ID="PAG_00000072_SP000046" VPOS="745" WIDTH="26"/>
            <String CONTENT="trouvera" HEIGHT="38" HPOS="974" ID="PAG_00000072_ST000053" STYLEREFS="TXT_7" VPOS="745" WC="1" WIDTH="186"/>
            <SP HPOS="1160" ID="PAG_00000072_SP000047" VPOS="743" WIDTH="24"/>
            <String CONTENT="les" HEIGHT="39" HPOS="1184" ID="PAG_00000072_ST000054" STYLEREFS="TXT_7" VPOS="743" WC="1" WIDTH="57"/>
            <SP HPOS="1241" ID="PAG_00000072_SP000048" VPOS="741" WIDTH="18"/>
            <String CONTENT="Bryophila" HEIGHT="55" HPOS="1259" ID="PAG_00000072_ST000055" STYLEREFS="TXT_7" TAGREFS="TAG_importantEN" VPOS="741" WC="0.97" WIDTH="220"/>
            <SP HPOS="1479" ID="PAG_00000072_SP000049" VPOS="744" WIDTH="16"/>
            <String CONTENT="perla" HEIGHT="51" HPOS="1495" ID="PAG_00000072_ST000056" STYLEREFS="TXT_7" VPOS="744" WC="1" WIDTH="118"/>
            <SP HPOS="1613" ID="PAG_00000072_SP000050" VPOS="748" WIDTH="33"/>
            <String CONTENT="et" HEIGHT="35" HPOS="1646" ID="PAG_00000072_ST000057" STYLEREFS="TXT_7" VPOS="748" WC="1" WIDTH="38"/>
          </TextLine>
          <TextLine HEIGHT="53" HPOS="452" ID="PAG_00000072_TL000008" STYLEREFS="TXT_7" VPOS="814" WIDTH="1231">
            <String CONTENT="glandifera," HEIGHT="52" HPOS="452" ID="PAG_00000072_ST000058" STYLEREFS="TXT_7" VPOS="815" WC="0.99" WIDTH="252"/>
            <SP HPOS="704" ID="PAG_00000072_SP000051" VPOS="815" WIDTH="17"/>
            <String CONTENT="ainsi" HEIGHT="40" HPOS="721" ID="PAG_00000072_ST000059" STYLEREFS="TXT_7" VPOS="815" WC="1" WIDTH="105"/>
            <SP HPOS="826" ID="PAG_00000072_SP000052" VPOS="826" WIDTH="22"/>
            <String CONTENT="que" HEIGHT="39" HPOS="848" ID="PAG_00000072_ST000060" STYLEREFS="TXT_7" VPOS="826" WC="1" WIDTH="78"/>
            <SP HPOS="926" ID="PAG_00000072_SP000053" VPOS="814" WIDTH="17"/>
            <String CONTENT="la" HEIGHT="40" HPOS="943" ID="PAG_00000072_ST000061" STYLEREFS="TXT_7" VPOS="814" WC="1" WIDTH="38"/>
            <SP HPOS="981" ID="PAG_00000072_SP000054" VPOS="814" WIDTH="13"/>
            <String CONTENT="variété" HEIGHT="41" HPOS="994" ID="PAG_00000072_ST000062" STYLEREFS="TXT_7" TAGREFS="TAG_importantEN" VPOS="814" WC="1" WIDTH="148"/>
            <SP HPOS="1142" ID="PAG_00000072_SP000055" VPOS="814" WIDTH="23"/>
            <String CONTENT="Par," HEIGHT="49" HPOS="1165" ID="PAG_00000072_ST000063" STYLEREFS="TXT_7" TAGREFS="TAG_importantEN" VPOS="814" WC="1" WIDTH="98"/>
            <SP HPOS="1263" ID="PAG_00000072_SP000056" VPOS="816" WIDTH="17"/>
            <String CONTENT="qui" HEIGHT="50" HPOS="1280" ID="PAG_00000072_ST000064" STYLEREFS="TXT_7" VPOS="816" WC="1" WIDTH="70"/>
            <SP HPOS="1350" ID="PAG_00000072_SP000057" VPOS="827" WIDTH="18"/>
            <String CONTENT="a" HEIGHT="29" HPOS="1368" ID="PAG_00000072_ST000065" STYLEREFS="TXT_7" VPOS="827" WC="1" WIDTH="25"/>
            <SP HPOS="1393" ID="PAG_00000072_SP000058" VPOS="814" WIDTH="19"/>
            <String CONTENT="été" HEIGHT="42" HPOS="1412" ID="PAG_00000072_ST000066" STYLEREFS="TXT_7" VPOS="814" WC="1" WIDTH="62"/>
            <SP HPOS="1474" ID="PAG_00000072_SP000059" VPOS="815" WIDTH="20"/>
            <String CONTENT="regardée" HEIGHT="51" HPOS="1494" ID="PAG_00000072_ST000067" STYLEREFS="TXT_7" VPOS="815" WC="1" WIDTH="189"/>
          </TextLine>
          <TextLine HEIGHT="54" HPOS="449" ID="PAG_00000072_TL000009" STYLEREFS="TXT_7" VPOS="885" WIDTH="1265">
            <String CONTENT="à" HEIGHT="40" HPOS="449" ID="PAG_00000072_ST000068" STYLEREFS="TXT_7" VPOS="887" WC="1" WIDTH="24"/>
            <SP HPOS="473" ID="PAG_00000072_SP000060" VPOS="890" WIDTH="22"/>
            <String CONTENT="tort," HEIGHT="44" HPOS="495" ID="PAG_00000072_ST000069" STYLEREFS="TXT_7" VPOS="890" WC="1" WIDTH="95"/>
            <SP HPOS="590" ID="PAG_00000072_SP000061" VPOS="885" WIDTH="29"/>
            <String CONTENT="pendant" HEIGHT="53" HPOS="619" ID="PAG_00000072_ST000070" STYLEREFS="TXT_7" VPOS="885" WC="1" WIDTH="179"/>
            <SP HPOS="798" ID="PAG_00000072_SP000062" VPOS="886" WIDTH="17"/>
            <String CONTENT="bien" HEIGHT="40" HPOS="815" ID="PAG_00000072_ST000071" STYLEREFS="TXT_7" VPOS="886" WC="1" WIDTH="94"/>
            <SP HPOS="909" ID="PAG_00000072_SP000063" VPOS="886" WIDTH="14"/>
            <String CONTENT="longtemps," HEIGHT="53" HPOS="923" ID="PAG_00000072_ST000072" STYLEREFS="TXT_7" VPOS="886" WC="1" WIDTH="242"/>
            <SP HPOS="1165" ID="PAG_00000072_SP000064" VPOS="898" WIDTH="14"/>
            <String CONTENT="comme" HEIGHT="30" HPOS="1179" ID="PAG_00000072_ST000073" STYLEREFS="TXT_7" VPOS="898" WC="1" WIDTH="157"/>
            <SP HPOS="1336" ID="PAG_00000072_SP000065" VPOS="899" WIDTH="18"/>
            <String CONTENT="une" HEIGHT="29" HPOS="1354" ID="PAG_00000072_ST000074" STYLEREFS="TXT_7" VPOS="899" WC="1" WIDTH="82"/>
            <SP HPOS="1436" ID="PAG_00000072_SP000066" VPOS="888" WIDTH="18"/>
            <String CONTENT="espèce" HEIGHT="51" HPOS="1454" ID="PAG_00000072_ST000075" STYLEREFS="TXT_7" VPOS="888" WC="1" WIDTH="140"/>
            <SP HPOS="1594" ID="PAG_00000072_SP000067" VPOS="887" WIDTH="17"/>
            <String CONTENT="dis-" HEIGHT="40" HPOS="1611" ID="PAG_00000072_ST000076" STYLEREFS="TXT_7" SUBS_CONTENT="distincte," SUBS_TYPE="HypPart1" VPOS="887" WC="1" WIDTH="73"/>
            <HYP CONTENT="-" HPOS="1684" VPOS="927" WIDTH="30"/>
          </TextLine>
          <TextLine HEIGHT="54" HPOS="451" ID="PAG_00000072_TL000010" STYLEREFS="TXT_7" VPOS="958" WIDTH="1262">
            <String CONTENT="tincte," HEIGHT="50" HPOS="451" ID="PAG_00000072_ST000077" STYLEREFS="TXT_7" SUBS_CONTENT="distincte," SUBS_TYPE="HypPart2" VPOS="959" WC="1" WIDTH="144"/>
            <SP HPOS="595" ID="PAG_00000072_SP000068" VPOS="970" WIDTH="21"/>
            <String CONTENT="propre" HEIGHT="41" HPOS="616" ID="PAG_00000072_ST000078" STYLEREFS="TXT_7" VPOS="970" WC="1" WIDTH="148"/>
            <SP HPOS="764" ID="PAG_00000072_SP000069" VPOS="970" WIDTH="31"/>
            <String CONTENT="au" HEIGHT="28" HPOS="795" ID="PAG_00000072_ST000079" STYLEREFS="TXT_7" VPOS="970" WC="1" WIDTH="51"/>
            <SP HPOS="846" ID="PAG_00000072_SP000070" VPOS="958" WIDTH="34"/>
            <String CONTENT="midi" HEIGHT="40" HPOS="880" ID="PAG_00000072_ST000080" STYLEREFS="TXT_7" VPOS="958" WC="1" WIDTH="98"/>
            <SP HPOS="978" ID="PAG_00000072_SP000071" VPOS="959" WIDTH="19"/>
            <String CONTENT="de" HEIGHT="40" HPOS="997" ID="PAG_00000072_ST000081" STYLEREFS="TXT_7" VPOS="959" WC="1" WIDTH="48"/>
            <SP HPOS="1045" ID="PAG_00000072_SP000072" VPOS="959" WIDTH="21"/>
            <String CONTENT="la" HEIGHT="39" HPOS="1066" ID="PAG_00000072_ST000082" STYLEREFS="TXT_7" VPOS="959" WC="1" WIDTH="39"/>
            <SP HPOS="1105" ID="PAG_00000072_SP000073" VPOS="961" WIDTH="20"/>
            <String CONTENT="France." HEIGHT="39" HPOS="1125" ID="PAG_00000072_ST000083" STYLEREFS="TXT_7" TAGREFS="TAG_importantEN" VPOS="961" WC="1" WIDTH="171"/>
            <SP HPOS="1296" ID="PAG_00000072_SP000074" VPOS="961" WIDTH="30"/>
            <String CONTENT="Les" HEIGHT="39" HPOS="1326" ID="PAG_00000072_ST000084" STYLEREFS="TXT_7" VPOS="961" WC="1" WIDTH="75"/>
            <SP HPOS="1401" ID="PAG_00000072_SP000075" VPOS="959" WIDTH="33"/>
            <String CONTENT="deux" HEIGHT="40" HPOS="1434" ID="PAG_00000072_ST000085" STYLEREFS="TXT_7" VPOS="959" WC="1" WIDTH="104"/>
            <SP HPOS="1538" ID="PAG_00000072_SP000076" VPOS="962" WIDTH="18"/>
            <String CONTENT="Bryo-" HEIGHT="50" HPOS="1556" ID="PAG_00000072_ST000086" STYLEREFS="TXT_7" SUBS_CONTENT="Bryophiles" SUBS_TYPE="HypPart1" TAGREFS="TAG_important" VPOS="962" WC="1" WIDTH="127"/>
            <HYP CONTENT="-" HPOS="1683" VPOS="1012" WIDTH="30"/>
          </TextLine>
          <TextLine HEIGHT="54" HPOS="451" ID="PAG_00000072_TL000011" STYLEREFS="TXT_7" VPOS="1030" WIDTH="1262">
            <String CONTENT="philes" HEIGHT="51" HPOS="451" ID="PAG_00000072_ST000087" STYLEREFS="TXT_7" SUBS_CONTENT="Bryophiles" SUBS_TYPE="HypPart2" TAGREFS="TAG_important" VPOS="1031" WC="1" WIDTH="134"/>
            <SP HPOS="585" ID="PAG_00000072_SP000077" VPOS="1030" WIDTH="33"/>
            <String CONTENT="dont" HEIGHT="41" HPOS="618" ID="PAG_00000072_ST000088" STYLEREFS="TXT_7" VPOS="1030" WC="1" WIDTH="100"/>
            <SP HPOS="718" ID="PAG_00000072_SP000078" VPOS="1042" WIDTH="29"/>
            <String CONTENT="nous" HEIGHT="29" HPOS="747" ID="PAG_00000072_ST000089" STYLEREFS="TXT_7" VPOS="1042" WC="1" WIDTH="104"/>
            <SP HPOS="851" ID="PAG_00000072_SP000079" VPOS="1042" WIDTH="32"/>
            <String CONTENT="venons" HEIGHT="30" HPOS="883" ID="PAG_00000072_ST000090" STYLEREFS="TXT_7" VPOS="1042" WC="0.96" WIDTH="152"/>
            <SP HPOS="1035" ID="PAG_00000072_SP000080" VPOS="1031" WIDTH="34"/>
            <String CONTENT="de" HEIGHT="40" HPOS="1069" ID="PAG_00000072_ST000091" STYLEREFS="TXT_7" VPOS="1031" WC="1" WIDTH="47"/>
            <SP HPOS="1116" ID="PAG_00000072_SP000081" VPOS="1032" WIDTH="32"/>
            <String CONTENT="parler," HEIGHT="52" HPOS="1148" ID="PAG_00000072_ST000092" STYLEREFS="TXT_7" VPOS="1032" WC="1" WIDTH="154"/>
            <SP HPOS="1302" ID="PAG_00000072_SP000082" VPOS="1035" WIDTH="37"/>
            <String CONTENT="sont" HEIGHT="37" HPOS="1339" ID="PAG_00000072_ST000093" STYLEREFS="TXT_7" VPOS="1035" WC="1" WIDTH="92"/>
            <SP HPOS="1431" ID="PAG_00000072_SP000083" VPOS="1031" WIDTH="30"/>
            <String CONTENT="très-com-" HEIGHT="41" HPOS="1461" ID="PAG_00000072_ST000094" STYLEREFS="TXT_7" SUBS_CONTENT="très-communes" SUBS_TYPE="HypPart1" VPOS="1031" WC="1" WIDTH="222"/>
            <HYP CONTENT="-" HPOS="1683" VPOS="1072" WIDTH="30"/>
          </TextLine>
          <TextLine HEIGHT="52" HPOS="450" ID="PAG_00000072_TL000012" STYLEREFS="TXT_7" VPOS="1103" WIDTH="1235">
            <String CONTENT="munes" HEIGHT="30" HPOS="450" ID="PAG_00000072_ST000095" STYLEREFS="TXT_7" SUBS_CONTENT="très-communes" SUBS_TYPE="HypPart2" VPOS="1114" WC="1" WIDTH="147"/>
            <SP HPOS="597" ID="PAG_00000072_SP000084" VPOS="1115" WIDTH="20"/>
            <String CONTENT="sur" HEIGHT="29" HPOS="617" ID="PAG_00000072_ST000096" STYLEREFS="TXT_7" VPOS="1115" WC="1" WIDTH="70"/>
            <SP HPOS="687" ID="PAG_00000072_SP000085" VPOS="1104" WIDTH="19"/>
            <String CONTENT="les" HEIGHT="39" HPOS="706" ID="PAG_00000072_ST000097" STYLEREFS="TXT_7" VPOS="1104" WC="1" WIDTH="58"/>
            <SP HPOS="764" ID="PAG_00000072_SP000086" VPOS="1106" WIDTH="26"/>
            <String CONTENT="parapets" HEIGHT="49" HPOS="790" ID="PAG_00000072_ST000098" STYLEREFS="TXT_7" VPOS="1106" WC="1" WIDTH="188"/>
            <SP HPOS="978" ID="PAG_00000072_SP000087" VPOS="1105" WIDTH="20"/>
            <String CONTENT="qui" HEIGHT="49" HPOS="998" ID="PAG_00000072_ST000099" STYLEREFS="TXT_7" VPOS="1105" WC="1" WIDTH="68"/>
            <SP HPOS="1066" ID="PAG_00000072_SP000088" VPOS="1104" WIDTH="21"/>
            <String CONTENT="bordent" HEIGHT="40" HPOS="1087" ID="PAG_00000072_ST000100" STYLEREFS="TXT_7" VPOS="1104" WC="1" WIDTH="174"/>
            <SP HPOS="1261" ID="PAG_00000072_SP000089" VPOS="1105" WIDTH="20"/>
            <String CONTENT="les" HEIGHT="39" HPOS="1281" ID="PAG_00000072_ST000101" STYLEREFS="TXT_7" VPOS="1105" WC="1" WIDTH="56"/>
            <SP HPOS="1337" ID="PAG_00000072_SP000090" VPOS="1103" WIDTH="30"/>
            <String CONTENT="quais," HEIGHT="52" HPOS="1367" ID="PAG_00000072_ST000102" STYLEREFS="TXT_7" VPOS="1103" WC="1" WIDTH="132"/>
            <SP HPOS="1499" ID="PAG_00000072_SP000091" VPOS="1108" WIDTH="18"/>
            <String CONTENT="entre" HEIGHT="36" HPOS="1517" ID="PAG_00000072_ST000103" STYLEREFS="TXT_7" VPOS="1108" WC="1" WIDTH="111"/>
            <SP HPOS="1628" ID="PAG_00000072_SP000092" VPOS="1105" WIDTH="20"/>
            <String CONTENT="le" HEIGHT="39" HPOS="1648" ID="PAG_00000072_ST000104" STYLEREFS="TXT_7" VPOS="1105" WC="1" WIDTH="37"/>
          </TextLine>
          <TextLine HEIGHT="54" HPOS="449" ID="PAG_00000072_TL000013" STYLEREFS="TXT_7" VPOS="1175" WIDTH="921">
            <String CONTENT="pont" HEIGHT="48" HPOS="449" ID="PAG_00000072_ST000105" STYLEREFS="TXT_7" TAGREFS="TAG_important" VPOS="1181" WC="1" WIDTH="102"/>
            <SP HPOS="551" ID="PAG_00000072_SP000093" VPOS="1176" WIDTH="17"/>
            <String CONTENT="des" HEIGHT="40" HPOS="568" ID="PAG_00000072_ST000106" STYLEREFS="TXT_7" VPOS="1176" WC="1" WIDTH="72"/>
            <SP HPOS="640" ID="PAG_00000072_SP000094" VPOS="1176" WIDTH="22"/>
            <String CONTENT="Invalides" HEIGHT="40" HPOS="662" ID="PAG_00000072_ST000107" STYLEREFS="TXT_7" TAGREFS="TAG_important" VPOS="1176" WC="1" WIDTH="200"/>
            <SP HPOS="862" ID="PAG_00000072_SP000095" VPOS="1179" WIDTH="15"/>
            <String CONTENT="et" HEIGHT="37" HPOS="877" ID="PAG_00000072_ST000108" STYLEREFS="TXT_7" VPOS="1179" WC="1" WIDTH="39"/>
            <SP HPOS="916" ID="PAG_00000072_SP000096" VPOS="1177" WIDTH="20"/>
            <String CONTENT="le" HEIGHT="39" HPOS="936" ID="PAG_00000072_ST000109" STYLEREFS="TXT_7" VPOS="1177" WC="1" WIDTH="35"/>
            <SP HPOS="971" ID="PAG_00000072_SP000097" VPOS="1179" WIDTH="13"/>
            <String CONTENT="pont" HEIGHT="49" HPOS="984" ID="PAG_00000072_ST000110" STYLEREFS="TXT_7" TAGREFS="TAG_important" VPOS="1179" WC="1" WIDTH="100"/>
            <SP HPOS="1084" ID="PAG_00000072_SP000098" VPOS="1176" WIDTH="20"/>
            <String CONTENT="de" HEIGHT="40" HPOS="1104" ID="PAG_00000072_ST000111" STYLEREFS="TXT_7" VPOS="1176" WC="1" WIDTH="48"/>
            <SP HPOS="1152" ID="PAG_00000072_SP000099" VPOS="1175" WIDTH="21"/>
            <String CONTENT="Grenelle." HEIGHT="42" HPOS="1173" ID="PAG_00000072_ST000112" STYLEREFS="TXT_7" TAGREFS="TAG_important" VPOS="1175" WC="1" WIDTH="197"/>
          </TextLine>
        </TextBlock>
        <TextBlock HEIGHT="342" HPOS="454" ID="PAG_00000072_TB000004" LANG="fr" STYLEREFS="TXT_7" VPOS="1248" WIDTH="1233">
          <TextLine HEIGHT="52" HPOS="507" ID="PAG_00000072_TL000014" STYLEREFS="TXT_7" VPOS="1248" WIDTH="1179">
            <String CONTENT="Si" HEIGHT="40" HPOS="507" ID="PAG_00000072_ST000113" STYLEREFS="TXT_7" VPOS="1250" WC="1" WIDTH="41"/>
            <SP HPOS="548" ID="PAG_00000072_SP000100" VPOS="1248" WIDTH="20"/>
            <String CONTENT="l'on" HEIGHT="40" HPOS="568" ID="PAG_00000072_ST000114" STYLEREFS="TXT_7" VPOS="1248" WC="1" WIDTH="83"/>
            <SP HPOS="651" ID="PAG_00000072_SP000101" VPOS="1249" WIDTH="25"/>
            <String CONTENT="frappe" HEIGHT="51" HPOS="676" ID="PAG_00000072_ST000115" STYLEREFS="TXT_7" VPOS="1249" WC="1" WIDTH="139"/>
            <SP HPOS="815" ID="PAG_00000072_SP000102" VPOS="1249" WIDTH="20"/>
            <String CONTENT="les" HEIGHT="40" HPOS="835" ID="PAG_00000072_ST000116" STYLEREFS="TXT_7" VPOS="1249" WC="1" WIDTH="57"/>
            <SP HPOS="892" ID="PAG_00000072_SP000103" VPOS="1248" WIDTH="17"/>
            <String CONTENT="arbres" HEIGHT="40" HPOS="909" ID="PAG_00000072_ST000117" STYLEREFS="TXT_7" VPOS="1248" WC="1" WIDTH="138"/>
            <SP HPOS="1047" ID="PAG_00000072_SP000104" VPOS="1248" WIDTH="19"/>
            <String CONTENT="dans" HEIGHT="40" HPOS="1066" ID="PAG_00000072_ST000118" STYLEREFS="TXT_7" VPOS="1248" WC="1" WIDTH="100"/>
            <SP HPOS="1166" ID="PAG_00000072_SP000105" VPOS="1249" WIDTH="22"/>
            <String CONTENT="les" HEIGHT="40" HPOS="1188" ID="PAG_00000072_ST000119" STYLEREFS="TXT_7" VPOS="1249" WC="1" WIDTH="57"/>
            <SP HPOS="1245" ID="PAG_00000072_SP000106" VPOS="1249" WIDTH="19"/>
            <String CONTENT="taillis" HEIGHT="40" HPOS="1264" ID="PAG_00000072_ST000120" STYLEREFS="TXT_7" VPOS="1249" WC="1" WIDTH="123"/>
            <SP HPOS="1387" ID="PAG_00000072_SP000107" VPOS="1248" WIDTH="26"/>
            <String CONTENT="de" HEIGHT="41" HPOS="1413" ID="PAG_00000072_ST000121" STYLEREFS="TXT_7" VPOS="1248" WC="1" WIDTH="49"/>
            <SP HPOS="1462" ID="PAG_00000072_SP000108" VPOS="1248" WIDTH="19"/>
            <String CONTENT="chênes" HEIGHT="41" HPOS="1481" ID="PAG_00000072_ST000122" STYLEREFS="TXT_7" VPOS="1248" WC="0.98" WIDTH="146"/>
            <SP HPOS="1627" ID="PAG_00000072_SP000109" VPOS="1254" WIDTH="21"/>
            <String CONTENT="et" HEIGHT="35" HPOS="1648" ID="PAG_00000072_ST000123" STYLEREFS="TXT_7" VPOS="1254" WC="1" WIDTH="38"/>
          </TextLine>
          <TextLine HEIGHT="51" HPOS="454" ID="PAG_00000072_TL000015" STYLEREFS="TXT_7" VPOS="1319" WIDTH="1226">
            <String CONTENT="de" HEIGHT="40" HPOS="454" ID="PAG_00000072_ST000124" STYLEREFS="TXT_7" VPOS="1321" WC="1" WIDTH="50"/>
            <SP HPOS="504" ID="PAG_00000072_SP000110" VPOS="1321" WIDTH="30"/>
            <String CONTENT="bouleaux," HEIGHT="47" HPOS="534" ID="PAG_00000072_ST000125" STYLEREFS="TXT_7" VPOS="1321" WC="1" WIDTH="219"/>
            <SP HPOS="753" ID="PAG_00000072_SP000111" VPOS="1332" WIDTH="33"/>
            <String CONTENT="on" HEIGHT="29" HPOS="786" ID="PAG_00000072_ST000126" STYLEREFS="TXT_7" VPOS="1332" WC="1" WIDTH="53"/>
            <SP HPOS="839" ID="PAG_00000072_SP000112" VPOS="1324" WIDTH="29"/>
            <String CONTENT="retrouvera" HEIGHT="37" HPOS="868" ID="PAG_00000072_ST000127" STYLEREFS="TXT_7" VPOS="1324" WC="1" WIDTH="231"/>
            <SP HPOS="1099" ID="PAG_00000072_SP000113" VPOS="1321" WIDTH="31"/>
            <String CONTENT="les" HEIGHT="40" HPOS="1130" ID="PAG_00000072_ST000128" STYLEREFS="TXT_7" VPOS="1321" WC="1" WIDTH="57"/>
            <SP HPOS="1187" ID="PAG_00000072_SP000114" VPOS="1319" WIDTH="31"/>
            <String CONTENT="Notonda" HEIGHT="42" HPOS="1218" ID="PAG_00000072_ST000129" STYLEREFS="TXT_7" TAGREFS="TAG_important" VPOS="1319" WC="0.99" WIDTH="192"/>
            <SP HPOS="1410" ID="PAG_00000072_SP000115" VPOS="1321" WIDTH="31"/>
            <String CONTENT="dictxoides," HEIGHT="49" HPOS="1441" ID="PAG_00000072_ST000130" STYLEREFS="TXT_7" VPOS="1321" WC="0.94" WIDTH="239"/>
          </TextLine>
          <TextLine HEIGHT="52" HPOS="456" ID="PAG_00000072_TL000016" STYLEREFS="TXT_7" VPOS="1393" WIDTH="1230">
            <String CONTENT="dromedarnis," HEIGHT="49" HPOS="456" ID="PAG_00000072_ST000131" STYLEREFS="TXT_7" VPOS="1393" WC="0.94" WIDTH="302"/>
            <SP HPOS="758" ID="PAG_00000072_SP000116" VPOS="1394" WIDTH="34"/>
            <String CONTENT="les" HEIGHT="38" HPOS="792" ID="PAG_00000072_ST000132" STYLEREFS="TXT_7" VPOS="1394" WC="1" WIDTH="56"/>
            <SP HPOS="848" ID="PAG_00000072_SP000117" VPOS="1394" WIDTH="37"/>
            <String CONTENT="Platypterix" HEIGHT="51" HPOS="885" ID="PAG_00000072_ST000133" STYLEREFS="TXT_7" TAGREFS="TAG_importantEN" VPOS="1394" WC="0.95" WIDTH="264"/>
            <SP HPOS="1149" ID="PAG_00000072_SP000118" VPOS="1394" WIDTH="31"/>
            <String CONTENT="falcula," HEIGHT="51" HPOS="1180" ID="PAG_00000072_ST000134" STYLEREFS="TXT_7" VPOS="1394" WC="0.94" WIDTH="169"/>
            <SP HPOS="1349" ID="PAG_00000072_SP000119" VPOS="1394" WIDTH="36"/>
            <String CONTENT="lacertula," HEIGHT="47" HPOS="1385" ID="PAG_00000072_ST000135" STYLEREFS="TXT_7" VPOS="1394" WC="0.99" WIDTH="213"/>
            <SP HPOS="1598" ID="PAG_00000072_SP000120" VPOS="1395" WIDTH="32"/>
            <String CONTENT="les" HEIGHT="39" HPOS="1630" ID="PAG_00000072_ST000136" STYLEREFS="TXT_7" VPOS="1395" WC="1" WIDTH="56"/>
          </TextLine>
          <TextLine HEIGHT="52" HPOS="454" ID="PAG_00000072_TL000017" STYLEREFS="TXT_7" VPOS="1466" WIDTH="1233">
            <String CONTENT="Acronycta" HEIGHT="51" HPOS="454" ID="PAG_00000072_ST000137" STYLEREFS="TXT_7" TAGREFS="TAG_importantEN" VPOS="1467" WC="0.95" WIDTH="232"/>
            <SP HPOS="686" ID="PAG_00000072_SP000121" VPOS="1467" WIDTH="35"/>
            <String CONTENT="leporina" HEIGHT="51" HPOS="721" ID="PAG_00000072_ST000138" STYLEREFS="TXT_7" VPOS="1467" WC="1" WIDTH="185"/>
            <SP HPOS="906" ID="PAG_00000072_SP000122" VPOS="1470" WIDTH="29"/>
            <String CONTENT="et" HEIGHT="35" HPOS="935" ID="PAG_00000072_ST000139" STYLEREFS="TXT_7" VPOS="1470" WC="1" WIDTH="38"/>
            <SP HPOS="973" ID="PAG_00000072_SP000123" VPOS="1469" WIDTH="32"/>
            <String CONTENT="auricoma" HEIGHT="36" HPOS="1005" ID="PAG_00000072_ST000140" STYLEREFS="TXT_7" VPOS="1469" WC="0.94" WIDTH="206"/>
            <SP HPOS="1211" ID="PAG_00000072_SP000124" VPOS="1470" WIDTH="39"/>
            <String CONTENT="et" HEIGHT="35" HPOS="1250" ID="PAG_00000072_ST000141" STYLEREFS="TXT_7" VPOS="1470" WC="1" WIDTH="38"/>
            <SP HPOS="1288" ID="PAG_00000072_SP000125" VPOS="1466" WIDTH="28"/>
            <String CONTENT="plusieurs" HEIGHT="51" HPOS="1316" ID="PAG_00000072_ST000142" STYLEREFS="TXT_7" VPOS="1466" WC="1" WIDTH="199"/>
            <SP HPOS="1515" ID="PAG_00000072_SP000126" VPOS="1470" WIDTH="36"/>
            <String CONTENT="autres" HEIGHT="37" HPOS="1551" ID="PAG_00000072_ST000143" STYLEREFS="TXT_7" VPOS="1470" WC="1" WIDTH="136"/>
          </TextLine>
          <TextLine HEIGHT="53" HPOS="457" ID="PAG_00000072_TL000018" STYLEREFS="TXT_7" VPOS="1537" WIDTH="586">
            <String CONTENT="Noctuélites" HEIGHT="41" HPOS="457" ID="PAG_00000072_ST000144" STYLEREFS="TXT_7" TAGREFS="TAG_importantEN" VPOS="1537" WC="1" WIDTH="251"/>
            <SP HPOS="708" ID="PAG_00000072_SP000127" VPOS="1538" WIDTH="25"/>
            <String CONTENT="du" HEIGHT="40" HPOS="733" ID="PAG_00000072_ST000145" STYLEREFS="TXT_7" VPOS="1538" WC="1" WIDTH="54"/>
            <SP HPOS="787" ID="PAG_00000072_SP000128" VPOS="1539" WIDTH="20"/>
            <String CONTENT="printemps." HEIGHT="51" HPOS="807" ID="PAG_00000072_ST000146" STYLEREFS="TXT_7" TAGREFS="TAG_importantEN" VPOS="1539" WC="1" WIDTH="236"/>
          </TextLine>
        </TextBlock>
        <TextBlock HEIGHT="486" HPOS="456" ID="PAG_00000072_TB000005" LANG="fr" STYLEREFS="TXT_7" VPOS="1610" WIDTH="1260">
          <TextLine HEIGHT="53" HPOS="522" ID="PAG_00000072_TL000019" STYLEREFS="TXT_7" VPOS="1610" WIDTH="1165">
            <String CONTENT="La" HEIGHT="37" HPOS="522" ID="PAG_00000072_ST000147" STYLEREFS="TXT_7" VPOS="1613" WC="1" WIDTH="53"/>
            <SP HPOS="575" ID="PAG_00000072_SP000129" VPOS="1611" WIDTH="44"/>
            <String CONTENT="Cerigo" HEIGHT="51" HPOS="619" ID="PAG_00000072_ST000148" STYLEREFS="TXT_7" TAGREFS="TAG_importantEN" VPOS="1611" WC="0.97" WIDTH="143"/>
            <SP HPOS="762" ID="PAG_00000072_SP000130" VPOS="1610" WIDTH="40"/>
            <String CONTENT="cytherea" HEIGHT="53" HPOS="802" ID="PAG_00000072_ST000149" STYLEREFS="TXT_7" VPOS="1610" WC="0.95" WIDTH="187"/>
            <SP HPOS="989" ID="PAG_00000072_SP000131" VPOS="1610" WIDTH="37"/>
            <String CONTENT="éclot" HEIGHT="41" HPOS="1026" ID="PAG_00000072_ST000150" STYLEREFS="TXT_7" VPOS="1610" WC="1" WIDTH="103"/>
            <SP HPOS="1129" ID="PAG_00000072_SP000132" VPOS="1610" WIDTH="38"/>
            <String CONTENT="dès" HEIGHT="40" HPOS="1167" ID="PAG_00000072_ST000151" STYLEREFS="TXT_7" VPOS="1610" WC="1" WIDTH="69"/>
            <SP HPOS="1236" ID="PAG_00000072_SP000133" VPOS="1611" WIDTH="34"/>
            <String CONTENT="le" HEIGHT="39" HPOS="1270" ID="PAG_00000072_ST000152" STYLEREFS="TXT_7" VPOS="1611" WC="1" WIDTH="35"/>
            <SP HPOS="1305" ID="PAG_00000072_SP000134" VPOS="1617" WIDTH="38"/>
            <String CONTENT="commencement" HEIGHT="34" HPOS="1343" ID="PAG_00000072_ST000153" STYLEREFS="TXT_7" VPOS="1617" WC="1" WIDTH="344"/>
          </TextLine>
          <TextLine HEIGHT="52" HPOS="459" ID="PAG_00000072_TL000020" STYLEREFS="TXT_7" VPOS="1682" WIDTH="1257">
            <String CONTENT="d'août." HEIGHT="41" HPOS="459" ID="PAG_00000072_ST000154" STYLEREFS="TXT_7" VPOS="1682" WC="1" WIDTH="153"/>
            <SP HPOS="612" ID="PAG_00000072_SP000135" VPOS="1683" WIDTH="19"/>
            <String CONTENT="Elle" HEIGHT="40" HPOS="631" ID="PAG_00000072_ST000155" STYLEREFS="TXT_7" VPOS="1683" WC="1" WIDTH="84"/>
            <SP HPOS="715" ID="PAG_00000072_SP000136" VPOS="1683" WIDTH="23"/>
            <String CONTENT="n'est" HEIGHT="40" HPOS="738" ID="PAG_00000072_ST000156" STYLEREFS="TXT_7" VPOS="1683" WC="1" WIDTH="103"/>
            <SP HPOS="841" ID="PAG_00000072_SP000137" VPOS="1694" WIDTH="18"/>
            <String CONTENT="pas" HEIGHT="40" HPOS="859" ID="PAG_00000072_ST000157" STYLEREFS="TXT_7" VPOS="1694" WC="1" WIDTH="73"/>
            <SP HPOS="932" ID="PAG_00000072_SP000138" VPOS="1694" WIDTH="20"/>
            <String CONTENT="rare" HEIGHT="29" HPOS="952" ID="PAG_00000072_ST000158" STYLEREFS="TXT_7" VPOS="1694" WC="1" WIDTH="88"/>
            <SP HPOS="1040" ID="PAG_00000072_SP000139" VPOS="1683" WIDTH="18"/>
            <String CONTENT="dans" HEIGHT="40" HPOS="1058" ID="PAG_00000072_ST000159" STYLEREFS="TXT_7" VPOS="1683" WC="1" WIDTH="101"/>
            <SP HPOS="1159" ID="PAG_00000072_SP000140" VPOS="1684" WIDTH="17"/>
            <String CONTENT="les" HEIGHT="40" HPOS="1176" ID="PAG_00000072_ST000160" STYLEREFS="TXT_7" VPOS="1684" WC="1" WIDTH="58"/>
            <SP HPOS="1234" ID="PAG_00000072_SP000141" VPOS="1684" WIDTH="19"/>
            <String CONTENT="bois" HEIGHT="39" HPOS="1253" ID="PAG_00000072_ST000161" STYLEREFS="TXT_7" VPOS="1684" WC="1" WIDTH="89"/>
            <SP HPOS="1342" ID="PAG_00000072_SP000142" VPOS="1695" WIDTH="17"/>
            <String CONTENT="secs" HEIGHT="28" HPOS="1359" ID="PAG_00000072_ST000162" STYLEREFS="TXT_7" VPOS="1695" WC="0.97" WIDTH="87"/>
            <SP HPOS="1446" ID="PAG_00000072_SP000143" VPOS="1687" WIDTH="20"/>
            <String CONTENT="et" HEIGHT="36" HPOS="1466" ID="PAG_00000072_ST000163" STYLEREFS="TXT_7" VPOS="1687" WC="1" WIDTH="38"/>
            <SP HPOS="1504" ID="PAG_00000072_SP000144" VPOS="1683" WIDTH="18"/>
            <String CONTENT="sablon-" HEIGHT="40" HPOS="1522" ID="PAG_00000072_ST000164" STYLEREFS="TXT_7" SUBS_CONTENT="sablonnenx" SUBS_TYPE="HypPart1" VPOS="1683" WC="0.99" WIDTH="164"/>
            <HYP CONTENT="-" HPOS="1686" VPOS="1723" WIDTH="30"/>
          </TextLine>
          <TextLine HEIGHT="53" HPOS="457" ID="PAG_00000072_TL000021" STYLEREFS="TXT_7" VPOS="1756" WIDTH="1231">
            <String CONTENT="nenx" HEIGHT="28" HPOS="457" ID="PAG_00000072_ST000165" STYLEREFS="TXT_7" SUBS_CONTENT="sablonnenx" SUBS_TYPE="HypPart2" VPOS="1770" WC="0.98" WIDTH="107"/>
            <SP HPOS="564" ID="PAG_00000072_SP000145" VPOS="1772" WIDTH="17"/>
            <String CONTENT=";" HEIGHT="36" HPOS="581" ID="PAG_00000072_ST000166" STYLEREFS="TXT_7" VPOS="1772" WC="1" WIDTH="9"/>
            <SP HPOS="590" ID="PAG_00000072_SP000146" VPOS="1758" WIDTH="19"/>
            <String CONTENT="elle" HEIGHT="40" HPOS="609" ID="PAG_00000072_ST000167" STYLEREFS="TXT_7" VPOS="1758" WC="1" WIDTH="73"/>
            <SP HPOS="682" ID="PAG_00000072_SP000147" VPOS="1757" WIDTH="21"/>
            <String CONTENT="aime" HEIGHT="40" HPOS="703" ID="PAG_00000072_ST000168" STYLEREFS="TXT_7" VPOS="1757" WC="1" WIDTH="107"/>
            <SP HPOS="810" ID="PAG_00000072_SP000148" VPOS="1758" WIDTH="22"/>
            <String CONTENT="à" HEIGHT="39" HPOS="832" ID="PAG_00000072_ST000169" STYLEREFS="TXT_7" VPOS="1758" WC="1" WIDTH="23"/>
            <SP HPOS="855" ID="PAG_00000072_SP000149" VPOS="1768" WIDTH="20"/>
            <String CONTENT="se" HEIGHT="29" HPOS="875" ID="PAG_00000072_ST000170" STYLEREFS="TXT_7" VPOS="1768" WC="1" WIDTH="42"/>
            <SP HPOS="917" ID="PAG_00000072_SP000150" VPOS="1768" WIDTH="15"/>
            <String CONTENT="reposer" HEIGHT="41" HPOS="932" ID="PAG_00000072_ST000171" STYLEREFS="TXT_7" VPOS="1768" WC="1" WIDTH="163"/>
            <SP HPOS="1095" ID="PAG_00000072_SP000151" VPOS="1760" WIDTH="19"/>
            <String CONTENT="contre" HEIGHT="37" HPOS="1114" ID="PAG_00000072_ST000172" STYLEREFS="TXT_7" VPOS="1760" WC="1" WIDTH="137"/>
            <SP HPOS="1251" ID="PAG_00000072_SP000152" VPOS="1757" WIDTH="19"/>
            <String CONTENT="les" HEIGHT="40" HPOS="1270" ID="PAG_00000072_ST000173" STYLEREFS="TXT_7" VPOS="1757" WC="1" WIDTH="57"/>
            <SP HPOS="1327" ID="PAG_00000072_SP000153" VPOS="1756" WIDTH="16"/>
            <String CONTENT="arbres" HEIGHT="40" HPOS="1343" ID="PAG_00000072_ST000174" STYLEREFS="TXT_7" VPOS="1756" WC="1" WIDTH="137"/>
            <SP HPOS="1480" ID="PAG_00000072_SP000154" VPOS="1757" WIDTH="20"/>
            <String CONTENT="entourés" HEIGHT="40" HPOS="1500" ID="PAG_00000072_ST000175" STYLEREFS="TXT_7" VPOS="1757" WC="1" WIDTH="188"/>
          </TextLine>
          <TextLine HEIGHT="54" HPOS="458" ID="PAG_00000072_TL000022" STYLEREFS="TXT_7" VPOS="1828" WIDTH="1230">
            <String CONTENT="d'épines" HEIGHT="52" HPOS="458" ID="PAG_00000072_ST000176" STYLEREFS="TXT_7" VPOS="1830" WC="1" WIDTH="183"/>
            <SP HPOS="641" ID="PAG_00000072_SP000155" VPOS="1830" WIDTH="32"/>
            <String CONTENT="qui" HEIGHT="50" HPOS="673" ID="PAG_00000072_ST000177" STYLEREFS="TXT_7" VPOS="1830" WC="1" WIDTH="70"/>
            <SP HPOS="743" ID="PAG_00000072_SP000156" VPOS="1828" WIDTH="33"/>
            <String CONTENT="bordent" HEIGHT="41" HPOS="776" ID="PAG_00000072_ST000178" STYLEREFS="TXT_7" VPOS="1828" WC="1" WIDTH="172"/>
            <SP HPOS="948" ID="PAG_00000072_SP000157" VPOS="1830" WIDTH="32"/>
            <String CONTENT="les" HEIGHT="39" HPOS="980" ID="PAG_00000072_ST000179" STYLEREFS="TXT_7" VPOS="1830" WC="1" WIDTH="55"/>
            <SP HPOS="1035" ID="PAG_00000072_SP000158" VPOS="1832" WIDTH="28"/>
            <String CONTENT="routes." HEIGHT="37" HPOS="1063" ID="PAG_00000072_ST000180" STYLEREFS="TXT_7" VPOS="1832" WC="1" WIDTH="149"/>
            <SP HPOS="1212" ID="PAG_00000072_SP000159" VPOS="1829" WIDTH="33"/>
            <String CONTENT="On" HEIGHT="40" HPOS="1245" ID="PAG_00000072_ST000181" STYLEREFS="TXT_7" VPOS="1829" WC="1" WIDTH="62"/>
            <SP HPOS="1307" ID="PAG_00000072_SP000160" VPOS="1829" WIDTH="38"/>
            <String CONTENT="la" HEIGHT="40" HPOS="1345" ID="PAG_00000072_ST000182" STYLEREFS="TXT_7" VPOS="1829" WC="1" WIDTH="39"/>
            <SP HPOS="1384" ID="PAG_00000072_SP000161" VPOS="1833" WIDTH="27"/>
            <String CONTENT="trouve" HEIGHT="36" HPOS="1411" ID="PAG_00000072_ST000183" STYLEREFS="TXT_7" VPOS="1833" WC="1" WIDTH="139"/>
            <SP HPOS="1550" ID="PAG_00000072_SP000162" VPOS="1832" WIDTH="30"/>
            <String CONTENT="aussi" HEIGHT="37" HPOS="1580" ID="PAG_00000072_ST000184" STYLEREFS="TXT_7" VPOS="1832" WC="1" WIDTH="108"/>
          </TextLine>
          <TextLine HEIGHT="53" HPOS="456" ID="PAG_00000072_TL000023" STYLEREFS="TXT_7" VPOS="1900" WIDTH="1259">
            <String CONTENT="volant" HEIGHT="38" HPOS="456" ID="PAG_00000072_ST000185" STYLEREFS="TXT_7" VPOS="1904" WC="1" WIDTH="139"/>
            <SP HPOS="595" ID="PAG_00000072_SP000163" VPOS="1914" WIDTH="19"/>
            <String CONTENT="en" HEIGHT="27" HPOS="614" ID="PAG_00000072_ST000186" STYLEREFS="TXT_7" VPOS="1914" WC="1" WIDTH="50"/>
            <SP HPOS="664" ID="PAG_00000072_SP000164" VPOS="1901" WIDTH="24"/>
            <String CONTENT="plein" HEIGHT="52" HPOS="688" ID="PAG_00000072_ST000187" STYLEREFS="TXT_7" VPOS="1901" WC="1" WIDTH="108"/>
            <SP HPOS="796" ID="PAG_00000072_SP000165" VPOS="1902" WIDTH="18"/>
            <String CONTENT="jour," HEIGHT="51" HPOS="814" ID="PAG_00000072_ST000188" STYLEREFS="TXT_7" VPOS="1902" WC="1" WIDTH="109"/>
            <SP HPOS="923" ID="PAG_00000072_SP000166" VPOS="1913" WIDTH="25"/>
            <String CONTENT="sur" HEIGHT="28" HPOS="948" ID="PAG_00000072_ST000189" STYLEREFS="TXT_7" VPOS="1913" WC="1" WIDTH="70"/>
            <SP HPOS="1018" ID="PAG_00000072_SP000167" VPOS="1902" WIDTH="18"/>
            <String CONTENT="les" HEIGHT="39" HPOS="1036" ID="PAG_00000072_ST000190" STYLEREFS="TXT_7" VPOS="1902" WC="1" WIDTH="55"/>
            <SP HPOS="1091" ID="PAG_00000072_SP000168" VPOS="1900" WIDTH="28"/>
            <String CONTENT="chardons" HEIGHT="41" HPOS="1119" ID="PAG_00000072_ST000191" STYLEREFS="TXT_7" VPOS="1900" WC="1" WIDTH="201"/>
            <SP HPOS="1320" ID="PAG_00000072_SP000169" VPOS="1904" WIDTH="22"/>
            <String CONTENT="et" HEIGHT="37" HPOS="1342" ID="PAG_00000072_ST000192" STYLEREFS="TXT_7" VPOS="1904" WC="1" WIDTH="37"/>
            <SP HPOS="1379" ID="PAG_00000072_SP000170" VPOS="1900" WIDTH="21"/>
            <String CONTENT="dans" HEIGHT="41" HPOS="1400" ID="PAG_00000072_ST000193" STYLEREFS="TXT_7" VPOS="1900" WC="1" WIDTH="100"/>
            <SP HPOS="1500" ID="PAG_00000072_SP000171" VPOS="1903" WIDTH="31"/>
            <String CONTENT="les" HEIGHT="38" HPOS="1531" ID="PAG_00000072_ST000194" STYLEREFS="TXT_7" VPOS="1903" WC="1" WIDTH="56"/>
            <SP HPOS="1587" ID="PAG_00000072_SP000172" VPOS="1902" WIDTH="36"/>
            <String CONTENT="lu-" HEIGHT="39" HPOS="1623" ID="PAG_00000072_ST000195" STYLEREFS="TXT_7" SUBS_CONTENT="luzernes." SUBS_TYPE="HypPart1" VPOS="1902" WC="1" WIDTH="62"/>
            <HYP CONTENT="-" HPOS="1685" VPOS="1941" WIDTH="30"/>
          </TextLine>
          <TextLine HEIGHT="53" HPOS="456" ID="PAG_00000072_TL000024" STYLEREFS="TXT_7" VPOS="1973" WIDTH="1231">
            <String CONTENT="zernes." HEIGHT="28" HPOS="456" ID="PAG_00000072_ST000196" STYLEREFS="TXT_7" SUBS_CONTENT="luzernes." SUBS_TYPE="HypPart2" VPOS="1986" WC="1" WIDTH="150"/>
            <SP HPOS="606" ID="PAG_00000072_SP000173" VPOS="1973" WIDTH="23"/>
            <String CONTENT="Nous" HEIGHT="41" HPOS="629" ID="PAG_00000072_ST000197" STYLEREFS="TXT_7" VPOS="1973" WC="1" WIDTH="110"/>
            <SP HPOS="739" ID="PAG_00000072_SP000174" VPOS="1974" WIDTH="20"/>
            <String CONTENT="l'avons" HEIGHT="40" HPOS="759" ID="PAG_00000072_ST000198" STYLEREFS="TXT_7" VPOS="1974" WC="1" WIDTH="154"/>
            <SP HPOS="913" ID="PAG_00000072_SP000175" VPOS="1975" WIDTH="27"/>
            <String CONTENT="prise" HEIGHT="51" HPOS="940" ID="PAG_00000072_ST000199" STYLEREFS="TXT_7" VPOS="1975" WC="1" WIDTH="107"/>
            <SP HPOS="1047" ID="PAG_00000072_SP000176" VPOS="1985" WIDTH="28"/>
            <String CONTENT="assez" HEIGHT="28" HPOS="1075" ID="PAG_00000072_ST000200" STYLEREFS="TXT_7" VPOS="1985" WC="1" WIDTH="110"/>
            <SP HPOS="1185" ID="PAG_00000072_SP000177" VPOS="1978" WIDTH="20"/>
            <String CONTENT="souvent" HEIGHT="36" HPOS="1205" ID="PAG_00000072_ST000201" STYLEREFS="TXT_7" VPOS="1978" WC="1" WIDTH="168"/>
            <SP HPOS="1373" ID="PAG_00000072_SP000178" VPOS="1973" WIDTH="17"/>
            <String CONTENT="dans" HEIGHT="41" HPOS="1390" ID="PAG_00000072_ST000202" STYLEREFS="TXT_7" VPOS="1973" WC="1" WIDTH="100"/>
            <SP HPOS="1490" ID="PAG_00000072_SP000179" VPOS="1973" WIDTH="29"/>
            <String CONTENT="les" HEIGHT="41" HPOS="1519" ID="PAG_00000072_ST000203" STYLEREFS="TXT_7" VPOS="1973" WC="1" WIDTH="58"/>
            <SP HPOS="1577" ID="PAG_00000072_SP000180" VPOS="1974" WIDTH="24"/>
            <String CONTENT="bois" HEIGHT="40" HPOS="1601" ID="PAG_00000072_ST000204" STYLEREFS="TXT_7" TAGREFS="TAG_important" VPOS="1974" WC="0.96" WIDTH="86"/>
          </TextLine>
          <TextLine HEIGHT="51" HPOS="457" ID="PAG_00000072_TL000025" STYLEREFS="TXT_7" VPOS="2045" WIDTH="672">
            <String CONTENT="de" HEIGHT="40" HPOS="457" ID="PAG_00000072_ST000205" STYLEREFS="TXT_7" VPOS="2046" WC="1" WIDTH="49"/>
            <SP HPOS="506" ID="PAG_00000072_SP000181" VPOS="2047" WIDTH="22"/>
            <String CONTENT="Boulogne" HEIGHT="49" HPOS="528" ID="PAG_00000072_ST000206" STYLEREFS="TXT_7" TAGREFS="TAG_importantEN" VPOS="2047" WC="1" WIDTH="207"/>
            <SP HPOS="735" ID="PAG_00000072_SP000182" VPOS="2049" WIDTH="21"/>
            <String CONTENT="et" HEIGHT="37" HPOS="756" ID="PAG_00000072_ST000207" STYLEREFS="TXT_7" VPOS="2049" WC="1" WIDTH="39"/>
            <SP HPOS="795" ID="PAG_00000072_SP000183" VPOS="2045" WIDTH="24"/>
            <String CONTENT="de" HEIGHT="41" HPOS="819" ID="PAG_00000072_ST000208" STYLEREFS="TXT_7" VPOS="2045" WC="1" WIDTH="49"/>
            <SP HPOS="868" ID="PAG_00000072_SP000184" VPOS="2047" WIDTH="20"/>
            <String CONTENT="Vincennes." HEIGHT="39" HPOS="888" ID="PAG_00000072_ST000209" STYLEREFS="TXT_7" TAGREFS="TAG_importantEN" VPOS="2047" WC="1" WIDTH="241"/>
          </TextLine>
        </TextBlock>
        <TextBlock HEIGHT="342" HPOS="454" ID="PAG_00000072_TB000006" LANG="fr" STYLEREFS="TXT_7" VPOS="2117" WIDTH="1233">
          <TextLine HEIGHT="54" HPOS="510" ID="PAG_00000072_TL000026" STYLEREFS="TXT_7" VPOS="2117" WIDTH="1176">
            <String CONTENT="Le" HEIGHT="40" HPOS="510" ID="PAG_00000072_ST000210" STYLEREFS="TXT_7" VPOS="2118" WC="1" WIDTH="55"/>
            <SP HPOS="565" ID="PAG_00000072_SP000185" VPOS="2117" WIDTH="14"/>
            <String CONTENT="Satyrus" HEIGHT="53" HPOS="579" ID="PAG_00000072_ST000211" STYLEREFS="TXT_7" TAGREFS="TAG_importantEN" VPOS="2117" WC="0.95" WIDTH="175"/>
            <SP HPOS="754" ID="PAG_00000072_SP000186" VPOS="2120" WIDTH="15"/>
            <String CONTENT="fauna" HEIGHT="51" HPOS="769" ID="PAG_00000072_ST000212" STYLEREFS="TXT_7" VPOS="2120" WC="0.98" WIDTH="131"/>
            <SP HPOS="900" ID="PAG_00000072_SP000187" VPOS="2118" WIDTH="21"/>
            <String CONTENT="éclot" HEIGHT="40" HPOS="921" ID="PAG_00000072_ST000213" STYLEREFS="TXT_7" VPOS="2118" WC="1" WIDTH="103"/>
            <SP HPOS="1024" ID="PAG_00000072_SP000188" VPOS="2122" WIDTH="21"/>
            <String CONTENT="entre" HEIGHT="36" HPOS="1045" ID="PAG_00000072_ST000214" STYLEREFS="TXT_7" VPOS="2122" WC="1" WIDTH="111"/>
            <SP HPOS="1156" ID="PAG_00000072_SP000189" VPOS="2118" WIDTH="19"/>
            <String CONTENT="le" HEIGHT="39" HPOS="1175" ID="PAG_00000072_ST000215" STYLEREFS="TXT_7" VPOS="2118" WC="1" WIDTH="34"/>
            <SP HPOS="1209" ID="PAG_00000072_SP000190" VPOS="2123" WIDTH="20"/>
            <String CONTENT="5" HEIGHT="34" HPOS="1229" ID="PAG_00000072_ST000216" STYLEREFS="TXT_7" VPOS="2123" WC="0.38" WIDTH="23"/>
            <SP HPOS="1252" ID="PAG_00000072_SP000191" VPOS="2122" WIDTH="22"/>
            <String CONTENT="et" HEIGHT="35" HPOS="1274" ID="PAG_00000072_ST000217" STYLEREFS="TXT_7" VPOS="2122" WC="1" WIDTH="37"/>
            <SP HPOS="1311" ID="PAG_00000072_SP000192" VPOS="2118" WIDTH="20"/>
            <String CONTENT="le" HEIGHT="40" HPOS="1331" ID="PAG_00000072_ST000218" STYLEREFS="TXT_7" VPOS="2118" WC="1" WIDTH="36"/>
            <SP HPOS="1367" ID="PAG_00000072_SP000193" VPOS="2120" WIDTH="22"/>
            <String CONTENT="10" HEIGHT="38" HPOS="1389" ID="PAG_00000072_ST000219" STYLEREFS="TXT_7" VPOS="2120" WC="1" WIDTH="49"/>
            <SP HPOS="1438" ID="PAG_00000072_SP000194" VPOS="2122" WIDTH="15"/>
            <String CONTENT="août." HEIGHT="36" HPOS="1453" ID="PAG_00000072_ST000220" STYLEREFS="TXT_7" VPOS="2122" WC="1" WIDTH="109"/>
            <SP HPOS="1562" ID="PAG_00000072_SP000195" VPOS="2119" WIDTH="22"/>
            <String CONTENT="Il" HEIGHT="38" HPOS="1584" ID="PAG_00000072_ST000221" STYLEREFS="TXT_7" VPOS="2119" WC="0.96" WIDTH="28"/>
            <SP HPOS="1612" ID="PAG_00000072_SP000196" VPOS="2124" WIDTH="18"/>
            <String CONTENT="est" HEIGHT="34" HPOS="1630" ID="PAG_00000072_ST000222" STYLEREFS="TXT_7" VPOS="2124" WC="1" WIDTH="56"/>
          </TextLine>
          <TextLine HEIGHT="51" HPOS="455" ID="PAG_00000072_TL000027" STYLEREFS="TXT_7" VPOS="2189" WIDTH="1232">
            <String CONTENT="très-commun" HEIGHT="39" HPOS="455" ID="PAG_00000072_ST000223" STYLEREFS="TXT_7" VPOS="2192" WC="1" WIDTH="301"/>
            <SP HPOS="756" ID="PAG_00000072_SP000197" VPOS="2190" WIDTH="20"/>
            <String CONTENT="dans" HEIGHT="40" HPOS="776" ID="PAG_00000072_ST000224" STYLEREFS="TXT_7" VPOS="2190" WC="1" WIDTH="101"/>
            <SP HPOS="877" ID="PAG_00000072_SP000198" VPOS="2190" WIDTH="22"/>
            <String CONTENT="les" HEIGHT="39" HPOS="899" ID="PAG_00000072_ST000225" STYLEREFS="TXT_7" VPOS="2190" WC="1" WIDTH="57"/>
            <SP HPOS="956" ID="PAG_00000072_SP000199" VPOS="2189" WIDTH="26"/>
            <String CONTENT="allées" HEIGHT="40" HPOS="982" ID="PAG_00000072_ST000226" STYLEREFS="TXT_7" VPOS="2189" WC="1" WIDTH="120"/>
            <SP HPOS="1102" ID="PAG_00000072_SP000200" VPOS="2189" WIDTH="21"/>
            <String CONTENT="de" HEIGHT="40" HPOS="1123" ID="PAG_00000072_ST000227" STYLEREFS="TXT_7" VPOS="2189" WC="1" WIDTH="48"/>
            <SP HPOS="1171" ID="PAG_00000072_SP000201" VPOS="2190" WIDTH="21"/>
            <String CONTENT="la" HEIGHT="38" HPOS="1192" ID="PAG_00000072_ST000228" STYLEREFS="TXT_7" VPOS="2190" WC="1" WIDTH="37"/>
            <SP HPOS="1229" ID="PAG_00000072_SP000202" VPOS="2191" WIDTH="21"/>
            <String CONTENT="forêt" HEIGHT="38" HPOS="1250" ID="PAG_00000072_ST000229" STYLEREFS="TXT_7" TAGREFS="TAG_important" VPOS="2191" WC="1" WIDTH="100"/>
            <SP HPOS="1350" ID="PAG_00000072_SP000203" VPOS="2189" WIDTH="19"/>
            <String CONTENT="de" HEIGHT="40" HPOS="1369" ID="PAG_00000072_ST000230" STYLEREFS="TXT_7" VPOS="2189" WC="1" WIDTH="48"/>
            <SP HPOS="1417" ID="PAG_00000072_SP000204" VPOS="2191" WIDTH="22"/>
            <String CONTENT="Sénart" HEIGHT="38" HPOS="1439" ID="PAG_00000072_ST000231" STYLEREFS="TXT_7" TAGREFS="TAG_importantEN" VPOS="2191" WC="1" WIDTH="145"/>
            <SP HPOS="1584" ID="PAG_00000072_SP000205" VPOS="2204" WIDTH="18"/>
            <String CONTENT=";" HEIGHT="36" HPOS="1602" ID="PAG_00000072_ST000232" STYLEREFS="TXT_7" VPOS="2204" WC="1" WIDTH="9"/>
            <SP HPOS="1611" ID="PAG_00000072_SP000206" VPOS="2202" WIDTH="24"/>
            <String CONTENT="on" HEIGHT="28" HPOS="1635" ID="PAG_00000072_ST000233" STYLEREFS="TXT_7" VPOS="2202" WC="0.97" WIDTH="52"/>
          </TextLine>
          <TextLine HEIGHT="48" HPOS="454" ID="PAG_00000072_TL000028" STYLEREFS="TXT_7" VPOS="2261" WIDTH="1232">
            <String CONTENT="le" HEIGHT="39" HPOS="454" ID="PAG_00000072_ST000234" STYLEREFS="TXT_7" VPOS="2262" WC="1" WIDTH="36"/>
            <SP HPOS="490" ID="PAG_00000072_SP000207" VPOS="2267" WIDTH="26"/>
            <String CONTENT="trouve" HEIGHT="36" HPOS="516" ID="PAG_00000072_ST000235" STYLEREFS="TXT_7" VPOS="2267" WC="1" WIDTH="139"/>
            <SP HPOS="655" ID="PAG_00000072_SP000208" VPOS="2263" WIDTH="33"/>
            <String CONTENT="aussi" HEIGHT="40" HPOS="688" ID="PAG_00000072_ST000236" STYLEREFS="TXT_7" VPOS="2263" WC="1" WIDTH="110"/>
            <SP HPOS="798" ID="PAG_00000072_SP000209" VPOS="2262" WIDTH="32"/>
            <String CONTENT="dans" HEIGHT="40" HPOS="830" ID="PAG_00000072_ST000237" STYLEREFS="TXT_7" VPOS="2262" WC="1" WIDTH="101"/>
            <SP HPOS="931" ID="PAG_00000072_SP000210" VPOS="2262" WIDTH="28"/>
            <String CONTENT="la" HEIGHT="39" HPOS="959" ID="PAG_00000072_ST000238" STYLEREFS="TXT_7" VPOS="2262" WC="1" WIDTH="38"/>
            <SP HPOS="997" ID="PAG_00000072_SP000211" VPOS="2262" WIDTH="32"/>
            <String CONTENT="forêt" HEIGHT="40" HPOS="1029" ID="PAG_00000072_ST000239" STYLEREFS="TXT_7" TAGREFS="TAG_important" VPOS="2262" WC="1" WIDTH="100"/>
            <SP HPOS="1129" ID="PAG_00000072_SP000212" VPOS="2261" WIDTH="25"/>
            <String CONTENT="de" HEIGHT="40" HPOS="1154" ID="PAG_00000072_ST000240" STYLEREFS="TXT_7" VPOS="2261" WC="1" WIDTH="48"/>
            <SP HPOS="1202" ID="PAG_00000072_SP000213" VPOS="2261" WIDTH="29"/>
            <String CONTENT="Fontainebleau," HEIGHT="48" HPOS="1231" ID="PAG_00000072_ST000241" STYLEREFS="TXT_7" TAGREFS="TAG_importantEN" VPOS="2261" WC="1" WIDTH="333"/>
            <SP HPOS="1564" ID="PAG_00000072_SP000214" VPOS="2261" WIDTH="23"/>
            <String CONTENT="dans" HEIGHT="41" HPOS="1587" ID="PAG_00000072_ST000242" STYLEREFS="TXT_7" VPOS="2261" WC="1" WIDTH="99"/>
          </TextLine>
          <TextLine HEIGHT="52" HPOS="454" ID="PAG_00000072_TL000029" STYLEREFS="TXT_7" VPOS="2334" WIDTH="1228">
            <String CONTENT="celle" HEIGHT="40" HPOS="454" ID="PAG_00000072_ST000243" STYLEREFS="TXT_7" VPOS="2335" WC="1" WIDTH="97"/>
            <SP HPOS="551" ID="PAG_00000072_SP000215" VPOS="2334" WIDTH="26"/>
            <String CONTENT="du" HEIGHT="40" HPOS="577" ID="PAG_00000072_ST000244" STYLEREFS="TXT_7" VPOS="2334" WC="1" WIDTH="54"/>
            <SP HPOS="631" ID="PAG_00000072_SP000216" VPOS="2334" WIDTH="22"/>
            <String CONTENT="Vésinet," HEIGHT="50" HPOS="653" ID="PAG_00000072_ST000245" STYLEREFS="TXT_7" TAGREFS="TAG_importantEN" VPOS="2334" WC="0.98" WIDTH="178"/>
            <SP HPOS="831" ID="PAG_00000072_SP000217" VPOS="2335" WIDTH="24"/>
            <String CONTENT="dans" HEIGHT="40" HPOS="855" ID="PAG_00000072_ST000246" STYLEREFS="TXT_7" VPOS="2335" WC="1" WIDTH="100"/>
            <SP HPOS="955" ID="PAG_00000072_SP000218" VPOS="2335" WIDTH="31"/>
            <String CONTENT="les" HEIGHT="40" HPOS="986" ID="PAG_00000072_ST000247" STYLEREFS="TXT_7" VPOS="2335" WC="1" WIDTH="56"/>
            <SP HPOS="1042" ID="PAG_00000072_SP000219" VPOS="2335" WIDTH="29"/>
            <String CONTENT="parties" HEIGHT="51" HPOS="1071" ID="PAG_00000072_ST000248" STYLEREFS="TXT_7" VPOS="2335" WC="1" WIDTH="149"/>
            <SP HPOS="1220" ID="PAG_00000072_SP000220" VPOS="2334" WIDTH="27"/>
            <String CONTENT="hautes" HEIGHT="40" HPOS="1247" ID="PAG_00000072_ST000249" STYLEREFS="TXT_7" VPOS="2334" WC="1" WIDTH="142"/>
            <SP HPOS="1389" ID="PAG_00000072_SP000221" VPOS="2334" WIDTH="34"/>
            <String CONTENT="de" HEIGHT="39" HPOS="1423" ID="PAG_00000072_ST000250" STYLEREFS="TXT_7" VPOS="2334" WC="1" WIDTH="49"/>
            <SP HPOS="1472" ID="PAG_00000072_SP000222" VPOS="2334" WIDTH="21"/>
            <String CONTENT="Clamart." HEIGHT="40" HPOS="1493" ID="PAG_00000072_ST000251" STYLEREFS="TXT_7" TAGREFS="TAG_importantEN" VPOS="2334" WC="1" WIDTH="189"/>
          </TextLine>
          <TextLine HEIGHT="53" HPOS="454" ID="PAG_00000072_TL000030" STYLEREFS="TXT_7" VPOS="2406" WIDTH="1228">
            <String CONTENT=".\ous" HEIGHT="38" HPOS="454" ID="PAG_00000072_ST000252" STYLEREFS="TXT_7" VPOS="2409" WC="0.96" WIDTH="110"/>
            <SP HPOS="564" ID="PAG_00000072_SP000223" VPOS="2407" WIDTH="19"/>
            <String CONTENT="l'avons" HEIGHT="40" HPOS="583" ID="PAG_00000072_ST000253" STYLEREFS="TXT_7" VPOS="2407" WC="1" WIDTH="154"/>
            <SP HPOS="737" ID="PAG_00000072_SP000224" VPOS="2412" WIDTH="18"/>
            <String CONTENT="même" HEIGHT="36" HPOS="755" ID="PAG_00000072_ST000254" STYLEREFS="TXT_7" VPOS="2412" WC="1" WIDTH="130"/>
            <SP HPOS="885" ID="PAG_00000072_SP000225" VPOS="2408" WIDTH="20"/>
            <String CONTENT="pris" HEIGHT="51" HPOS="905" ID="PAG_00000072_ST000255" STYLEREFS="TXT_7" VPOS="2408" WC="1" WIDTH="82"/>
            <SP HPOS="987" ID="PAG_00000072_SP000226" VPOS="2408" WIDTH="18"/>
            <String CONTENT="autrefois" HEIGHT="39" HPOS="1005" ID="PAG_00000072_ST000256" STYLEREFS="TXT_7" VPOS="2408" WC="1" WIDTH="194"/>
            <SP HPOS="1199" ID="PAG_00000072_SP000227" VPOS="2418" WIDTH="21"/>
            <String CONTENT="au" HEIGHT="28" HPOS="1220" ID="PAG_00000072_ST000257" STYLEREFS="TXT_7" VPOS="2418" WC="1" WIDTH="48"/>
            <SP HPOS="1268" ID="PAG_00000072_SP000228" VPOS="2407" WIDTH="22"/>
            <String CONTENT="bois" HEIGHT="40" HPOS="1290" ID="PAG_00000072_ST000258" STYLEREFS="TXT_7" TAGREFS="TAG_important" VPOS="2407" WC="1" WIDTH="90"/>
            <SP HPOS="1380" ID="PAG_00000072_SP000229" VPOS="2406" WIDTH="15"/>
            <String CONTENT="de" HEIGHT="40" HPOS="1395" ID="PAG_00000072_ST000259" STYLEREFS="TXT_7" VPOS="2406" WC="1" WIDTH="49"/>
            <SP HPOS="1444" ID="PAG_00000072_SP000230" VPOS="2407" WIDTH="17"/>
            <String CONTENT="Boulogne." HEIGHT="49" HPOS="1461" ID="PAG_00000072_ST000260" STYLEREFS="TXT_7" TAGREFS="TAG_importantEN" VPOS="2407" WC="1" WIDTH="221"/>
          </TextLine>
        </TextBlock>
        <TextBlock HEIGHT="52" HPOS="510" ID="PAG_00000072_TB000007" LANG="fr" STYLEREFS="TXT_7" VPOS="2479" WIDTH="1174">
          <TextLine HEIGHT="52" HPOS="510" ID="PAG_00000072_TL000031" STYLEREFS="TXT_7" VPOS="2479" WIDTH="1174">
            <String CONTENT="Le" HEIGHT="37" HPOS="510" ID="PAG_00000072_ST000261" STYLEREFS="TXT_7" VPOS="2481" WC="1" WIDTH="52"/>
            <SP HPOS="562" ID="PAG_00000072_SP000231" VPOS="2482" WIDTH="33"/>
            <String CONTENT="Satyrus" HEIGHT="48" HPOS="595" ID="PAG_00000072_ST000262" STYLEREFS="TXT_7" TAGREFS="TAG_importantEN" VPOS="2482" WC="0.94" WIDTH="170"/>
            <SP HPOS="765" ID="PAG_00000072_SP000232" VPOS="2480" WIDTH="34"/>
            <String CONTENT="briseis" HEIGHT="40" HPOS="799" ID="PAG_00000072_ST000263" STYLEREFS="TXT_7" VPOS="2480" WC="1" WIDTH="137"/>
            <SP HPOS="936" ID="PAG_00000072_SP000233" VPOS="2485" WIDTH="39"/>
            <String CONTENT="est" HEIGHT="35" HPOS="975" ID="PAG_00000072_ST000264" STYLEREFS="TXT_7" VPOS="2485" WC="1" WIDTH="57"/>
            <SP HPOS="1032" ID="PAG_00000072_SP000234" VPOS="2491" WIDTH="32"/>
            <String CONTENT="un" HEIGHT="28" HPOS="1064" ID="PAG_00000072_ST000265" STYLEREFS="TXT_7" VPOS="2491" WC="1" WIDTH="54"/>
            <SP HPOS="1118" ID="PAG_00000072_SP000235" VPOS="2491" WIDTH="40"/>
            <String CONTENT="peu" HEIGHT="40" HPOS="1158" ID="PAG_00000072_ST000266" STYLEREFS="TXT_7" VPOS="2491" WC="0.98" WIDTH="73"/>
            <SP HPOS="1231" ID="PAG_00000072_SP000236" VPOS="2480" WIDTH="36"/>
            <String CONTENT="plus" HEIGHT="50" HPOS="1267" ID="PAG_00000072_ST000267" STYLEREFS="TXT_7" VPOS="2480" WC="1" WIDTH="88"/>
            <SP HPOS="1355" ID="PAG_00000072_SP000237" VPOS="2479" WIDTH="39"/>
            <String CONTENT="tardif." HEIGHT="40" HPOS="1394" ID="PAG_00000072_ST000268" STYLEREFS="TXT_7" VPOS="2479" WC="1" WIDTH="131"/>
            <SP HPOS="1525" ID="PAG_00000072_SP000238" VPOS="2479" WIDTH="50"/>
            <String CONTENT="Il" HEIGHT="39" HPOS="1575" ID="PAG_00000072_ST000269" STYLEREFS="TXT_7" VPOS="2479" WC="1" WIDTH="30"/>
            <SP HPOS="1605" ID="PAG_00000072_SP000239" VPOS="2492" WIDTH="38"/>
            <String CONTENT="se" HEIGHT="27" HPOS="1643" ID="PAG_00000072_ST000270" STYLEREFS="TXT_7" VPOS="2492" WC="0.68" WIDTH="41"/>
          </TextLine>
        </TextBlock>
      </PrintSpace>
    </Page>
  </Layout>
</alto>
