<?xml version="1.0" encoding="utf-8"?>
<alto SCHEMAVERSION="alto_bnf-v2_0" xmlns="http://www.loc.gov/standards/alto/ns-v3#" xmlns:xlink="http://www.w3.org/TR/xlink" xmlns:xsi="http://www.w3.org/2001/XMLSchema-instance" xsi:schemaLocation="http://www.loc.gov/standards/alto/ns-v3# http://bibnum.bnf.fr/schema/alto_bnf-v2_0.xsd">
  <Description>
    <MeasurementUnit>pixel</MeasurementUnit>
    <sourceImageInformation>
      <fileName>00000103.jp2</fileName>
      <documentIdentifier documentIdentifierLocation="IFN">9612399</documentIdentifier>
    </sourceImageInformation>
    <OCRProcessing ID="OCR_1">
      <ocrProcessingStep>
        <processingDateTime>2015-10-09</processingDateTime>
        <processingStepDescription>[001_OCR_BRUT]OCR BRUT 97.01 %</processingStepDescription>
        <processingStepDescription>[002_CHARS]{1181}</processingStepDescription>
        <processingStepDescription>[003_CHARS_USED]{986}</processingStepDescription>
        <processingStepDescription>[004_CHARS_SUSPECTS_USED]{0}</processingStepDescription>
        <processingStepDescription>[005_CHARS_UNUSED]{195}</processingStepDescription>
        <processingStepDescription>[006_CHARS_SUSPECTS_UNUSED]{0}</processingStepDescription>
        <processingStepDescription>[007_STRINGS]{241}</processingStepDescription>
        <processingStepDescription>[008_STRINGS_USED]{208}</processingStepDescription>
        <processingStepDescription>[009_STRINGS_SUSPECTS_UNUSED]{0}</processingStepDescription>
        <processingStepDescription>[010_CHARS_LETTERS]{1103}</processingStepDescription>
        <processingStepDescription>[011_CHARS_PUNCTUATION]{73}</processingStepDescription>
        <processingStepDescription>[012_CHARS_DIGITS]{3}</processingStepDescription>
        <processingStepDescription>[013_CHARS_SUSPECT]{0}</processingStepDescription>
        <processingStepDescription>[022_CHARS_UNUSED_BY_BLOCK]{0}</processingStepDescription>
        <processingStepDescription>[023_BLOCKS_SUSPECTS]{0}</processingStepDescription>
        <processingStepDescription>[111_LIGS_DETECTED_CURV]{0}</processingStepDescription>
      </ocrProcessingStep>
    </OCRProcessing>
  </Description>
  <Styles>
    <TextStyle FONTFAMILY="Times" FONTSIZE="9" ID="TXT_5"/>
    <TextStyle FONTFAMILY="Times" FONTSIZE="8" ID="TXT_7"/>
  </Styles>
  <Tags>
    <LayoutTag ID="TAG_stamp" LABEL="stamp"/>
    <LayoutTag ID="TAG_textStamped" LABEL="textStamped"/>
    <OtherTag ID="TAG_importantEN" LABEL="important" TYPE="EN"/>
  </Tags>
  <Layout>
    <Page ACCURACY="99.47" HEIGHT="3008" ID="PAG_00000103" PHYSICAL_IMG_NR="103" PRINTED_IMG_NR="97" QUALITY="OK" WIDTH="1704">
      <TopMargin HEIGHT="483" HPOS="0" ID="PAG_00000103_TopMargin" VPOS="0" WIDTH="1704">
        <TextBlock HEIGHT="39" HPOS="659" ID="PAG_00000103_TB000001" LANG="fr" STYLEREFS="TXT_5" VPOS="391" WIDTH="215">
          <TextLine HEIGHT="39" HPOS="659" ID="PAG_00000103_TL000001" STYLEREFS="TXT_5" VPOS="391" WIDTH="215">
            <String CONTENT="—" HEIGHT="9" HPOS="659" ID="PAG_00000103_ST000001" STYLEREFS="TXT_5" VPOS="411" WC="1" WIDTH="53"/>
            <SP HPOS="712" ID="PAG_00000103_SP000001" VPOS="391" WIDTH="28"/>
            <String CONTENT="97" HEIGHT="39" HPOS="740" ID="PAG_00000103_ST000002" STYLEREFS="TXT_5" VPOS="391" WC="1" WIDTH="51"/>
            <SP HPOS="791" ID="PAG_00000103_SP000002" VPOS="409" WIDTH="30"/>
            <String CONTENT="—" HEIGHT="9" HPOS="821" ID="PAG_00000103_ST000003" STYLEREFS="TXT_5" VPOS="409" WC="1" WIDTH="53"/>
          </TextLine>
        </TextBlock>
      </TopMargin>
      <PrintSpace HEIGHT="2230" HPOS="85" ID="PAG_00000103_PrintSpace" VPOS="483" WIDTH="1349">
        <TextBlock HEIGHT="349" HPOS="162" ID="PAG_00000103_TB000002" LANG="fr" STYLEREFS="TXT_7" VPOS="483" WIDTH="1252">
          <TextLine HEIGHT="57" HPOS="213" ID="PAG_00000103_TL000002" STYLEREFS="TXT_7" VPOS="483" WIDTH="1201">
            <String CONTENT="Pour" HEIGHT="40" HPOS="213" ID="PAG_00000103_ST000004" STYLEREFS="TXT_7" VPOS="494" WC="1" WIDTH="107"/>
            <SP HPOS="320" ID="PAG_00000103_SP000003" VPOS="491" WIDTH="18"/>
            <String CONTENT="terminer" HEIGHT="41" HPOS="338" ID="PAG_00000103_ST000005" STYLEREFS="TXT_7" VPOS="491" WC="1" WIDTH="189"/>
            <SP HPOS="527" ID="PAG_00000103_SP000004" VPOS="501" WIDTH="19"/>
            <String CONTENT="ce" HEIGHT="29" HPOS="546" ID="PAG_00000103_ST000006" STYLEREFS="TXT_7" VPOS="501" WC="1" WIDTH="43"/>
            <SP HPOS="589" ID="PAG_00000103_SP000005" VPOS="500" WIDTH="21"/>
            <String CONTENT="que" HEIGHT="40" HPOS="610" ID="PAG_00000103_ST000007" STYLEREFS="TXT_7" VPOS="500" WC="1" WIDTH="78"/>
            <SP HPOS="688" ID="PAG_00000103_SP000006" VPOS="499" WIDTH="20"/>
            <String CONTENT="nous" HEIGHT="30" HPOS="708" ID="PAG_00000103_ST000008" STYLEREFS="TXT_7" VPOS="499" WC="1" WIDTH="103"/>
            <SP HPOS="811" ID="PAG_00000103_SP000007" VPOS="499" WIDTH="21"/>
            <String CONTENT="avons" HEIGHT="29" HPOS="832" ID="PAG_00000103_ST000009" STYLEREFS="TXT_7" VPOS="499" WC="1" WIDTH="124"/>
            <SP HPOS="956" ID="PAG_00000103_SP000008" VPOS="487" WIDTH="18"/>
            <String CONTENT="à" HEIGHT="40" HPOS="974" ID="PAG_00000103_ST000010" STYLEREFS="TXT_7" VPOS="487" WC="1" WIDTH="23"/>
            <SP HPOS="997" ID="PAG_00000103_SP000009" VPOS="484" WIDTH="17"/>
            <String CONTENT="dire" HEIGHT="43" HPOS="1014" ID="PAG_00000103_ST000011" STYLEREFS="TXT_7" VPOS="484" WC="1" WIDTH="85"/>
            <SP HPOS="1099" ID="PAG_00000103_SP000010" VPOS="497" WIDTH="20"/>
            <String CONTENT="sur" HEIGHT="29" HPOS="1119" ID="PAG_00000103_ST000012" STYLEREFS="TXT_7" VPOS="497" WC="1" WIDTH="70"/>
            <SP HPOS="1189" ID="PAG_00000103_SP000011" VPOS="485" WIDTH="18"/>
            <String CONTENT="les" HEIGHT="41" HPOS="1207" ID="PAG_00000103_ST000013" STYLEREFS="TXT_7" VPOS="485" WC="1" WIDTH="58"/>
            <SP HPOS="1265" ID="PAG_00000103_SP000012" VPOS="483" WIDTH="20"/>
            <String CONTENT="che-" HEIGHT="44" HPOS="1285" ID="PAG_00000103_ST000014" STYLEREFS="TXT_7" SUBS_CONTENT="chenilles" SUBS_TYPE="HypPart1" VPOS="483" WC="1" WIDTH="99"/>
            <HYP CONTENT="-" HPOS="1384" VPOS="527" WIDTH="30"/>
          </TextLine>
          <TextLine HEIGHT="56" HPOS="162" ID="PAG_00000103_TL000003" STYLEREFS="TXT_7" VPOS="560" WIDTH="1224">
            <String CONTENT="nilles" HEIGHT="41" HPOS="162" ID="PAG_00000103_ST000015" STYLEREFS="TXT_7" SUBS_CONTENT="chenilles" SUBS_TYPE="HypPart2" VPOS="567" WC="1" WIDTH="115"/>
            <SP HPOS="277" ID="PAG_00000103_SP000013" VPOS="580" WIDTH="13"/>
            <String CONTENT=";" HEIGHT="36" HPOS="290" ID="PAG_00000103_ST000016" STYLEREFS="TXT_7" VPOS="580" WC="1" WIDTH="10"/>
            <SP HPOS="300" ID="PAG_00000103_SP000014" VPOS="576" WIDTH="33"/>
            <String CONTENT="nous" HEIGHT="29" HPOS="333" ID="PAG_00000103_ST000017" STYLEREFS="TXT_7" VPOS="576" WC="1" WIDTH="102"/>
            <SP HPOS="435" ID="PAG_00000103_SP000015" VPOS="572" WIDTH="20"/>
            <String CONTENT="remarquerons" HEIGHT="40" HPOS="455" ID="PAG_00000103_ST000018" STYLEREFS="TXT_7" VPOS="572" WC="1" WIDTH="308"/>
            <SP HPOS="763" ID="PAG_00000103_SP000016" VPOS="572" WIDTH="20"/>
            <String CONTENT="que" HEIGHT="39" HPOS="783" ID="PAG_00000103_ST000019" STYLEREFS="TXT_7" VPOS="572" WC="1" WIDTH="77"/>
            <SP HPOS="860" ID="PAG_00000103_SP000017" VPOS="560" WIDTH="25"/>
            <String CONTENT="lorsque" HEIGHT="50" HPOS="885" ID="PAG_00000103_ST000020" STYLEREFS="TXT_7" VPOS="560" WC="1" WIDTH="162"/>
            <SP HPOS="1047" ID="PAG_00000103_SP000018" VPOS="560" WIDTH="19"/>
            <String CONTENT="le" HEIGHT="39" HPOS="1066" ID="PAG_00000103_ST000021" STYLEREFS="TXT_7" VPOS="560" WC="1" WIDTH="35"/>
            <SP HPOS="1101" ID="PAG_00000103_SP000019" VPOS="571" WIDTH="27"/>
            <String CONTENT="corps" HEIGHT="40" HPOS="1128" ID="PAG_00000103_ST000022" STYLEREFS="TXT_7" VPOS="571" WC="1" WIDTH="117"/>
            <SP HPOS="1245" ID="PAG_00000103_SP000020" VPOS="560" WIDTH="20"/>
            <String CONTENT="d'une" HEIGHT="39" HPOS="1265" ID="PAG_00000103_ST000023" STYLEREFS="TXT_7" VPOS="560" WC="1" WIDTH="121"/>
          </TextLine>
          <TextLine HEIGHT="57" HPOS="163" ID="PAG_00000103_TL000004" STYLEREFS="TXT_7" VPOS="629" WIDTH="1224">
            <String CONTENT="chenille" HEIGHT="42" HPOS="163" ID="PAG_00000103_ST000024" STYLEREFS="TXT_7" VPOS="637" WC="1" WIDTH="168"/>
            <SP HPOS="331" ID="PAG_00000103_SP000021" VPOS="640" WIDTH="19"/>
            <String CONTENT="est" HEIGHT="35" HPOS="350" ID="PAG_00000103_ST000025" STYLEREFS="TXT_7" VPOS="640" WC="1" WIDTH="59"/>
            <SP HPOS="409" ID="PAG_00000103_SP000022" VPOS="634" WIDTH="19"/>
            <String CONTENT="dépourvu" HEIGHT="52" HPOS="428" ID="PAG_00000103_ST000026" STYLEREFS="TXT_7" VPOS="634" WC="1" WIDTH="205"/>
            <SP HPOS="633" ID="PAG_00000103_SP000023" VPOS="632" WIDTH="20"/>
            <String CONTENT="de" HEIGHT="41" HPOS="653" ID="PAG_00000103_ST000027" STYLEREFS="TXT_7" VPOS="632" WC="1" WIDTH="48"/>
            <SP HPOS="701" ID="PAG_00000103_SP000024" VPOS="633" WIDTH="21"/>
            <String CONTENT="poils," HEIGHT="51" HPOS="722" ID="PAG_00000103_ST000028" STYLEREFS="TXT_7" VPOS="633" WC="1" WIDTH="118"/>
            <SP HPOS="840" ID="PAG_00000103_SP000025" VPOS="632" WIDTH="23"/>
            <String CONTENT="il" HEIGHT="39" HPOS="863" ID="PAG_00000103_ST000029" STYLEREFS="TXT_7" VPOS="632" WC="1" WIDTH="29"/>
            <SP HPOS="892" ID="PAG_00000103_SP000026" VPOS="635" WIDTH="19"/>
            <String CONTENT="est" HEIGHT="36" HPOS="911" ID="PAG_00000103_ST000030" STYLEREFS="TXT_7" VPOS="635" WC="1" WIDTH="60"/>
            <SP HPOS="971" ID="PAG_00000103_SP000027" VPOS="630" WIDTH="20"/>
            <String CONTENT="dit" HEIGHT="40" HPOS="991" ID="PAG_00000103_ST000031" STYLEREFS="TXT_7" VPOS="630" WC="1" WIDTH="58"/>
            <SP HPOS="1049" ID="PAG_00000103_SP000028" VPOS="629" WIDTH="18"/>
            <String CONTENT="glabre;" HEIGHT="54" HPOS="1067" ID="PAG_00000103_ST000032" STYLEREFS="TXT_7" VPOS="629" WC="1" WIDTH="159"/>
            <SP HPOS="1226" ID="PAG_00000103_SP000029" VPOS="631" WIDTH="20"/>
            <String CONTENT="s'il" HEIGHT="40" HPOS="1246" ID="PAG_00000103_ST000033" STYLEREFS="TXT_7" VPOS="631" WC="1" WIDTH="61"/>
            <SP HPOS="1307" ID="PAG_00000103_SP000030" VPOS="634" WIDTH="20"/>
            <String CONTENT="est" HEIGHT="37" HPOS="1327" ID="PAG_00000103_ST000034" STYLEREFS="TXT_7" VPOS="634" WC="1" WIDTH="60"/>
          </TextLine>
          <TextLine HEIGHT="57" HPOS="164" ID="PAG_00000103_TL000005" STYLEREFS="TXT_7" VPOS="703" WIDTH="1222">
            <String CONTENT="chargé" HEIGHT="51" HPOS="164" ID="PAG_00000103_ST000035" STYLEREFS="TXT_7" VPOS="708" WC="1" WIDTH="144"/>
            <SP HPOS="308" ID="PAG_00000103_SP000031" VPOS="708" WIDTH="15"/>
            <String CONTENT="de" HEIGHT="40" HPOS="323" ID="PAG_00000103_ST000036" STYLEREFS="TXT_7" VPOS="708" WC="1" WIDTH="48"/>
            <SP HPOS="371" ID="PAG_00000103_SP000032" VPOS="707" WIDTH="17"/>
            <String CONTENT="poils" HEIGHT="53" HPOS="388" ID="PAG_00000103_ST000037" STYLEREFS="TXT_7" VPOS="707" WC="1" WIDTH="101"/>
            <SP HPOS="489" ID="PAG_00000103_SP000033" VPOS="709" WIDTH="17"/>
            <String CONTENT="courts" HEIGHT="37" HPOS="506" ID="PAG_00000103_ST000038" STYLEREFS="TXT_7" VPOS="709" WC="1" WIDTH="133"/>
            <SP HPOS="639" ID="PAG_00000103_SP000034" VPOS="708" WIDTH="21"/>
            <String CONTENT="et" HEIGHT="36" HPOS="660" ID="PAG_00000103_ST000039" STYLEREFS="TXT_7" VPOS="708" WC="1" WIDTH="38"/>
            <SP HPOS="698" ID="PAG_00000103_SP000035" VPOS="703" WIDTH="21"/>
            <String CONTENT="serrés," HEIGHT="49" HPOS="719" ID="PAG_00000103_ST000040" STYLEREFS="TXT_7" VPOS="703" WC="1" WIDTH="145"/>
            <SP HPOS="864" ID="PAG_00000103_SP000036" VPOS="715" WIDTH="17"/>
            <String CONTENT="on" HEIGHT="28" HPOS="881" ID="PAG_00000103_ST000041" STYLEREFS="TXT_7" VPOS="715" WC="0.98" WIDTH="52"/>
            <SP HPOS="933" ID="PAG_00000103_SP000037" VPOS="703" WIDTH="17"/>
            <String CONTENT="l'appelle" HEIGHT="53" HPOS="950" ID="PAG_00000103_ST000042" STYLEREFS="TXT_7" VPOS="703" WC="1" WIDTH="183"/>
            <SP HPOS="1133" ID="PAG_00000103_SP000038" VPOS="703" WIDTH="20"/>
            <String CONTENT="pubescent;" HEIGHT="53" HPOS="1153" ID="PAG_00000103_ST000043" STYLEREFS="TXT_7" VPOS="703" WC="1" WIDTH="233"/>
          </TextLine>
          <TextLine HEIGHT="57" HPOS="164" ID="PAG_00000103_TL000006" STYLEREFS="TXT_7" VPOS="775" WIDTH="740">
            <String CONTENT="si" HEIGHT="38" HPOS="164" ID="PAG_00000103_ST000044" STYLEREFS="TXT_7" VPOS="783" WC="1" WIDTH="35"/>
            <SP HPOS="199" ID="PAG_00000103_SP000039" VPOS="781" WIDTH="17"/>
            <String CONTENT="les" HEIGHT="40" HPOS="216" ID="PAG_00000103_ST000045" STYLEREFS="TXT_7" VPOS="781" WC="1" WIDTH="56"/>
            <SP HPOS="272" ID="PAG_00000103_SP000040" VPOS="780" WIDTH="16"/>
            <String CONTENT="poils" HEIGHT="52" HPOS="288" ID="PAG_00000103_ST000046" STYLEREFS="TXT_7" VPOS="780" WC="1" WIDTH="104"/>
            <SP HPOS="392" ID="PAG_00000103_SP000041" VPOS="782" WIDTH="20"/>
            <String CONTENT="sont" HEIGHT="37" HPOS="412" ID="PAG_00000103_ST000047" STYLEREFS="TXT_7" VPOS="782" WC="1" WIDTH="92"/>
            <SP HPOS="504" ID="PAG_00000103_SP000042" VPOS="777" WIDTH="18"/>
            <String CONTENT="longs," HEIGHT="50" HPOS="522" ID="PAG_00000103_ST000048" STYLEREFS="TXT_7" VPOS="777" WC="1" WIDTH="129"/>
            <SP HPOS="651" ID="PAG_00000103_SP000043" VPOS="775" WIDTH="18"/>
            <String CONTENT="il" HEIGHT="40" HPOS="669" ID="PAG_00000103_ST000049" STYLEREFS="TXT_7" VPOS="775" WC="1" WIDTH="27"/>
            <SP HPOS="696" ID="PAG_00000103_SP000044" VPOS="779" WIDTH="22"/>
            <String CONTENT="est" HEIGHT="37" HPOS="718" ID="PAG_00000103_ST000050" STYLEREFS="TXT_7" VPOS="779" WC="1" WIDTH="61"/>
            <SP HPOS="779" ID="PAG_00000103_SP000045" VPOS="776" WIDTH="18"/>
            <String CONTENT="velu." HEIGHT="40" HPOS="797" ID="PAG_00000103_ST000051" STYLEREFS="TXT_7" VPOS="776" WC="0.99" WIDTH="107"/>
          </TextLine>
        </TextBlock>
        <TextBlock HEIGHT="705" HPOS="166" ID="PAG_00000103_TB000003" LANG="fr" STYLEREFS="TXT_7" VPOS="847" WIDTH="1259">
          <TextLine HEIGHT="56" HPOS="220" ID="PAG_00000103_TL000007" STYLEREFS="TXT_7" VPOS="847" WIDTH="1171">
            <String CONTENT="Outre" HEIGHT="42" HPOS="220" ID="PAG_00000103_ST000052" STYLEREFS="TXT_7" VPOS="851" WC="1" WIDTH="123"/>
            <SP HPOS="343" ID="PAG_00000103_SP000046" VPOS="851" WIDTH="20"/>
            <String CONTENT="les" HEIGHT="40" HPOS="363" ID="PAG_00000103_ST000053" STYLEREFS="TXT_7" VPOS="851" WC="1" WIDTH="58"/>
            <SP HPOS="421" ID="PAG_00000103_SP000047" VPOS="850" WIDTH="27"/>
            <String CONTENT="poils," HEIGHT="53" HPOS="448" ID="PAG_00000103_ST000054" STYLEREFS="TXT_7" VPOS="850" WC="1" WIDTH="115"/>
            <SP HPOS="563" ID="PAG_00000103_SP000048" VPOS="850" WIDTH="24"/>
            <String CONTENT="les" HEIGHT="39" HPOS="587" ID="PAG_00000103_ST000055" STYLEREFS="TXT_7" VPOS="850" WC="1" WIDTH="57"/>
            <SP HPOS="644" ID="PAG_00000103_SP000049" VPOS="848" WIDTH="24"/>
            <String CONTENT="chenilles" HEIGHT="41" HPOS="668" ID="PAG_00000103_ST000056" STYLEREFS="TXT_7" VPOS="848" WC="1" WIDTH="191"/>
            <SP HPOS="859" ID="PAG_00000103_SP000050" VPOS="851" WIDTH="27"/>
            <String CONTENT="sont" HEIGHT="37" HPOS="886" ID="PAG_00000103_ST000057" STYLEREFS="TXT_7" VPOS="851" WC="1" WIDTH="92"/>
            <SP HPOS="978" ID="PAG_00000103_SP000051" VPOS="851" WIDTH="31"/>
            <String CONTENT="souvent" HEIGHT="38" HPOS="1009" ID="PAG_00000103_ST000058" STYLEREFS="TXT_7" VPOS="851" WC="1" WIDTH="170"/>
            <SP HPOS="1179" ID="PAG_00000103_SP000052" VPOS="847" WIDTH="19"/>
            <String CONTENT="chargées" HEIGHT="53" HPOS="1198" ID="PAG_00000103_ST000059" STYLEREFS="TXT_7" VPOS="847" WC="1" WIDTH="193"/>
          </TextLine>
          <TextLine HEIGHT="59" HPOS="167" ID="PAG_00000103_TL000008" STYLEREFS="TXT_7" VPOS="919" WIDTH="1226">
            <String CONTENT="d'appendices" HEIGHT="54" HPOS="167" ID="PAG_00000103_ST000060" STYLEREFS="TXT_7" VPOS="924" WC="1" WIDTH="284"/>
            <SP HPOS="451" ID="PAG_00000103_SP000053" VPOS="922" WIDTH="21"/>
            <String CONTENT="de" HEIGHT="40" HPOS="472" ID="PAG_00000103_ST000061" STYLEREFS="TXT_7" VPOS="922" WC="1" WIDTH="44"/>
            <SP HPOS="516" ID="PAG_00000103_SP000054" VPOS="922" WIDTH="19"/>
            <String CONTENT="formes" HEIGHT="40" HPOS="535" ID="PAG_00000103_ST000062" STYLEREFS="TXT_7" VPOS="922" WC="1" WIDTH="149"/>
            <SP HPOS="684" ID="PAG_00000103_SP000055" VPOS="919" WIDTH="22"/>
            <String CONTENT="variées," HEIGHT="50" HPOS="706" ID="PAG_00000103_ST000063" STYLEREFS="TXT_7" VPOS="919" WC="1" WIDTH="166"/>
            <SP HPOS="872" ID="PAG_00000103_SP000056" VPOS="923" WIDTH="21"/>
            <String CONTENT="tantôt" HEIGHT="37" HPOS="893" ID="PAG_00000103_ST000064" STYLEREFS="TXT_7" VPOS="923" WC="1" WIDTH="130"/>
            <SP HPOS="1023" ID="PAG_00000103_SP000057" VPOS="932" WIDTH="21"/>
            <String CONTENT="ce" HEIGHT="29" HPOS="1044" ID="PAG_00000103_ST000065" STYLEREFS="TXT_7" VPOS="932" WC="1" WIDTH="45"/>
            <SP HPOS="1089" ID="PAG_00000103_SP000058" VPOS="924" WIDTH="20"/>
            <String CONTENT="sont" HEIGHT="37" HPOS="1109" ID="PAG_00000103_ST000066" STYLEREFS="TXT_7" VPOS="924" WC="1" WIDTH="92"/>
            <SP HPOS="1201" ID="PAG_00000103_SP000059" VPOS="920" WIDTH="20"/>
            <String CONTENT="de" HEIGHT="41" HPOS="1221" ID="PAG_00000103_ST000067" STYLEREFS="TXT_7" VPOS="920" WC="1" WIDTH="48"/>
            <SP HPOS="1269" ID="PAG_00000103_SP000060" VPOS="920" WIDTH="20"/>
            <String CONTENT="fines" HEIGHT="40" HPOS="1289" ID="PAG_00000103_ST000068" STYLEREFS="TXT_7" VPOS="920" WC="1" WIDTH="104"/>
          </TextLine>
          <TextLine HEIGHT="58" HPOS="168" ID="PAG_00000103_TL000009" STYLEREFS="TXT_7" VPOS="991" WIDTH="1255">
            <String CONTENT="granulations," HEIGHT="52" HPOS="168" ID="PAG_00000103_ST000069" STYLEREFS="TXT_7" VPOS="997" WC="1" WIDTH="290"/>
            <SP HPOS="458" ID="PAG_00000103_SP000061" VPOS="994" WIDTH="23"/>
            <String CONTENT="alors" HEIGHT="39" HPOS="481" ID="PAG_00000103_ST000070" STYLEREFS="TXT_7" VPOS="994" WC="1" WIDTH="102"/>
            <SP HPOS="583" ID="PAG_00000103_SP000062" VPOS="994" WIDTH="19"/>
            <String CONTENT="la" HEIGHT="38" HPOS="602" ID="PAG_00000103_ST000071" STYLEREFS="TXT_7" VPOS="994" WC="1" WIDTH="38"/>
            <SP HPOS="640" ID="PAG_00000103_SP000063" VPOS="991" WIDTH="20"/>
            <String CONTENT="chenille" HEIGHT="41" HPOS="660" ID="PAG_00000103_ST000072" STYLEREFS="TXT_7" VPOS="991" WC="1" WIDTH="170"/>
            <SP HPOS="830" ID="PAG_00000103_SP000064" VPOS="995" WIDTH="21"/>
            <String CONTENT="est" HEIGHT="37" HPOS="851" ID="PAG_00000103_ST000073" STYLEREFS="TXT_7" VPOS="995" WC="1" WIDTH="60"/>
            <SP HPOS="911" ID="PAG_00000103_SP000065" VPOS="992" WIDTH="21"/>
            <String CONTENT="dite" HEIGHT="40" HPOS="932" ID="PAG_00000103_ST000074" STYLEREFS="TXT_7" VPOS="992" WC="1" WIDTH="81"/>
            <SP HPOS="1013" ID="PAG_00000103_SP000066" VPOS="992" WIDTH="24"/>
            <String CONTENT="chagrinée" HEIGHT="51" HPOS="1037" ID="PAG_00000103_ST000075" STYLEREFS="TXT_7" VPOS="992" WC="0.99" WIDTH="213"/>
            <SP HPOS="1250" ID="PAG_00000103_SP000067" VPOS="1006" WIDTH="15"/>
            <String CONTENT=";" HEIGHT="35" HPOS="1265" ID="PAG_00000103_ST000076" STYLEREFS="TXT_7" VPOS="1006" WC="1" WIDTH="15"/>
            <SP HPOS="1280" ID="PAG_00000103_SP000068" VPOS="996" WIDTH="19"/>
            <String CONTENT="tan-" HEIGHT="36" HPOS="1299" ID="PAG_00000103_ST000077" STYLEREFS="TXT_7" SUBS_CONTENT="tantôt" SUBS_TYPE="HypPart1" VPOS="996" WC="1" WIDTH="94"/>
            <HYP CONTENT="-" HPOS="1393" VPOS="1032" WIDTH="30"/>
          </TextLine>
          <TextLine HEIGHT="46" HPOS="166" ID="PAG_00000103_TL000010" STYLEREFS="TXT_7" VPOS="1064" WIDTH="1227">
            <String CONTENT="tôt" HEIGHT="38" HPOS="166" ID="PAG_00000103_ST000078" STYLEREFS="TXT_7" SUBS_CONTENT="tantôt" SUBS_TYPE="HypPart2" VPOS="1072" WC="1" WIDTH="60"/>
            <SP HPOS="226" ID="PAG_00000103_SP000069" VPOS="1070" WIDTH="20"/>
            <String CONTENT="les" HEIGHT="39" HPOS="246" ID="PAG_00000103_ST000079" STYLEREFS="TXT_7" VPOS="1070" WC="1" WIDTH="56"/>
            <SP HPOS="302" ID="PAG_00000103_SP000070" VPOS="1066" WIDTH="22"/>
            <String CONTENT="tubercules" HEIGHT="41" HPOS="324" ID="PAG_00000103_ST000080" STYLEREFS="TXT_7" VPOS="1066" WC="1" WIDTH="223"/>
            <SP HPOS="547" ID="PAG_00000103_SP000071" VPOS="1068" WIDTH="20"/>
            <String CONTENT="sont" HEIGHT="37" HPOS="567" ID="PAG_00000103_ST000081" STYLEREFS="TXT_7" VPOS="1068" WC="1" WIDTH="91"/>
            <SP HPOS="658" ID="PAG_00000103_SP000072" VPOS="1065" WIDTH="27"/>
            <String CONTENT="moins" HEIGHT="39" HPOS="685" ID="PAG_00000103_ST000082" STYLEREFS="TXT_7" VPOS="1065" WC="1" WIDTH="129"/>
            <SP HPOS="814" ID="PAG_00000103_SP000073" VPOS="1064" WIDTH="21"/>
            <String CONTENT="nombreux" HEIGHT="40" HPOS="835" ID="PAG_00000103_ST000083" STYLEREFS="TXT_7" VPOS="1064" WC="1" WIDTH="225"/>
            <SP HPOS="1060" ID="PAG_00000103_SP000074" VPOS="1068" WIDTH="19"/>
            <String CONTENT="et" HEIGHT="36" HPOS="1079" ID="PAG_00000103_ST000084" STYLEREFS="TXT_7" VPOS="1068" WC="1" WIDTH="37"/>
            <SP HPOS="1116" ID="PAG_00000103_SP000075" VPOS="1064" WIDTH="29"/>
            <String CONTENT="affectent" HEIGHT="40" HPOS="1145" ID="PAG_00000103_ST000085" STYLEREFS="TXT_7" VPOS="1064" WC="1" WIDTH="189"/>
            <SP HPOS="1334" ID="PAG_00000103_SP000076" VPOS="1064" WIDTH="20"/>
            <String CONTENT="la" HEIGHT="39" HPOS="1354" ID="PAG_00000103_ST000086" STYLEREFS="TXT_7" VPOS="1064" WC="1" WIDTH="39"/>
          </TextLine>
          <TextLine HEIGHT="53" HPOS="168" ID="PAG_00000103_TL000011" STYLEREFS="TXT_7" VPOS="1134" WIDTH="1229">
            <String CONTENT="forme" HEIGHT="38" HPOS="168" ID="PAG_00000103_ST000087" STYLEREFS="TXT_7" VPOS="1143" WC="1" WIDTH="128"/>
            <SP HPOS="296" ID="PAG_00000103_SP000077" VPOS="1140" WIDTH="21"/>
            <String CONTENT="de" HEIGHT="40" HPOS="317" ID="PAG_00000103_ST000088" STYLEREFS="TXT_7" VPOS="1140" WC="1" WIDTH="49"/>
            <SP HPOS="366" ID="PAG_00000103_SP000078" VPOS="1138" WIDTH="27"/>
            <String CONTENT="mamelons" HEIGHT="41" HPOS="393" ID="PAG_00000103_ST000089" STYLEREFS="TXT_7" VPOS="1138" WC="1" WIDTH="219"/>
            <SP HPOS="612" ID="PAG_00000103_SP000079" VPOS="1137" WIDTH="19"/>
            <String CONTENT="(Limenitis)," HEIGHT="50" HPOS="631" ID="PAG_00000103_ST000090" STYLEREFS="TXT_7" TAGREFS="TAG_importantEN" VPOS="1137" WC="0.99" WIDTH="249"/>
            <SP HPOS="880" ID="PAG_00000103_SP000080" VPOS="1136" WIDTH="23"/>
            <String CONTENT="d'autres" HEIGHT="40" HPOS="903" ID="PAG_00000103_ST000091" STYLEREFS="TXT_7" VPOS="1136" WC="1" WIDTH="176"/>
            <SP HPOS="1079" ID="PAG_00000103_SP000081" VPOS="1134" WIDTH="31"/>
            <String CONTENT="fois" HEIGHT="42" HPOS="1110" ID="PAG_00000103_ST000092" STYLEREFS="TXT_7" VPOS="1134" WC="1" WIDTH="78"/>
            <SP HPOS="1188" ID="PAG_00000103_SP000082" VPOS="1137" WIDTH="31"/>
            <String CONTENT="ils" HEIGHT="39" HPOS="1219" ID="PAG_00000103_ST000093" STYLEREFS="TXT_7" VPOS="1137" WC="1" WIDTH="51"/>
            <SP HPOS="1270" ID="PAG_00000103_SP000083" VPOS="1139" WIDTH="32"/>
            <String CONTENT="sont" HEIGHT="38" HPOS="1302" ID="PAG_00000103_ST000094" STYLEREFS="TXT_7" VPOS="1139" WC="1" WIDTH="95"/>
          </TextLine>
          <TextLine HEIGHT="57" HPOS="170" ID="PAG_00000103_TL000012" STYLEREFS="TXT_7" VPOS="1207" WIDTH="1226">
            <String CONTENT="coniques" HEIGHT="49" HPOS="170" ID="PAG_00000103_ST000095" STYLEREFS="TXT_7" VPOS="1215" WC="1" WIDTH="193"/>
            <SP HPOS="363" ID="PAG_00000103_SP000084" VPOS="1216" WIDTH="21"/>
            <String CONTENT="et" HEIGHT="36" HPOS="384" ID="PAG_00000103_ST000096" STYLEREFS="TXT_7" VPOS="1216" WC="1" WIDTH="38"/>
            <SP HPOS="422" ID="PAG_00000103_SP000085" VPOS="1213" WIDTH="28"/>
            <String CONTENT="couverts" HEIGHT="38" HPOS="450" ID="PAG_00000103_ST000097" STYLEREFS="TXT_7" VPOS="1213" WC="1" WIDTH="180"/>
            <SP HPOS="630" ID="PAG_00000103_SP000086" VPOS="1208" WIDTH="20"/>
            <String CONTENT="de" HEIGHT="41" HPOS="650" ID="PAG_00000103_ST000098" STYLEREFS="TXT_7" VPOS="1208" WC="1" WIDTH="48"/>
            <SP HPOS="698" ID="PAG_00000103_SP000087" VPOS="1209" WIDTH="19"/>
            <String CONTENT="poils" HEIGHT="52" HPOS="717" ID="PAG_00000103_ST000099" STYLEREFS="TXT_7" VPOS="1209" WC="1" WIDTH="103"/>
            <SP HPOS="820" ID="PAG_00000103_SP000088" VPOS="1207" WIDTH="31"/>
            <String CONTENT="(Melitæa)," HEIGHT="52" HPOS="851" ID="PAG_00000103_ST000100" STYLEREFS="TXT_7" TAGREFS="TAG_importantEN" VPOS="1207" WC="0.94" WIDTH="215"/>
            <SP HPOS="1066" ID="PAG_00000103_SP000089" VPOS="1213" WIDTH="30"/>
            <String CONTENT="souvent" HEIGHT="36" HPOS="1096" ID="PAG_00000103_ST000101" STYLEREFS="TXT_7" VPOS="1213" WC="0.97" WIDTH="169"/>
            <SP HPOS="1265" ID="PAG_00000103_SP000090" VPOS="1208" WIDTH="21"/>
            <String CONTENT="enfin" HEIGHT="40" HPOS="1286" ID="PAG_00000103_ST000102" STYLEREFS="TXT_7" VPOS="1208" WC="1" WIDTH="110"/>
          </TextLine>
          <TextLine HEIGHT="54" HPOS="170" ID="PAG_00000103_TL000013" STYLEREFS="TXT_7" VPOS="1278" WIDTH="1255">
            <String CONTENT="elles" HEIGHT="40" HPOS="170" ID="PAG_00000103_ST000103" STYLEREFS="TXT_7" VPOS="1286" WC="1" WIDTH="95"/>
            <SP HPOS="265" ID="PAG_00000103_SP000091" VPOS="1284" WIDTH="20"/>
            <String CONTENT="constituent" HEIGHT="40" HPOS="285" ID="PAG_00000103_ST000104" STYLEREFS="TXT_7" VPOS="1284" WC="1" WIDTH="240"/>
            <SP HPOS="525" ID="PAG_00000103_SP000092" VPOS="1281" WIDTH="21"/>
            <String CONTENT="de" HEIGHT="41" HPOS="546" ID="PAG_00000103_ST000105" STYLEREFS="TXT_7" VPOS="1281" WC="1" WIDTH="48"/>
            <SP HPOS="594" ID="PAG_00000103_SP000093" VPOS="1280" WIDTH="19"/>
            <String CONTENT="véritables" HEIGHT="41" HPOS="613" ID="PAG_00000103_ST000106" STYLEREFS="TXT_7" VPOS="1280" WC="1" WIDTH="212"/>
            <SP HPOS="825" ID="PAG_00000103_SP000094" VPOS="1279" WIDTH="18"/>
            <String CONTENT="épines" HEIGHT="53" HPOS="843" ID="PAG_00000103_ST000107" STYLEREFS="TXT_7" VPOS="1279" WC="1" WIDTH="137"/>
            <SP HPOS="980" ID="PAG_00000103_SP000095" VPOS="1278" WIDTH="21"/>
            <String CONTENT="(Argynnis)," HEIGHT="54" HPOS="1001" ID="PAG_00000103_ST000108" STYLEREFS="TXT_7" VPOS="1278" WC="0.99" WIDTH="247"/>
            <SP HPOS="1248" ID="PAG_00000103_SP000096" VPOS="1280" WIDTH="21"/>
            <String CONTENT="bran-" HEIGHT="40" HPOS="1269" ID="PAG_00000103_ST000109" STYLEREFS="TXT_7" SUBS_CONTENT="branchues" SUBS_TYPE="HypPart1" VPOS="1280" WC="1" WIDTH="126"/>
            <HYP CONTENT="-" HPOS="1395" VPOS="1320" WIDTH="30"/>
          </TextLine>
          <TextLine HEIGHT="54" HPOS="173" ID="PAG_00000103_TL000014" STYLEREFS="TXT_7" VPOS="1352" WIDTH="1226">
            <String CONTENT="chues" HEIGHT="42" HPOS="173" ID="PAG_00000103_ST000110" STYLEREFS="TXT_7" SUBS_CONTENT="branchues" SUBS_TYPE="HypPart2" VPOS="1358" WC="1" WIDTH="123"/>
            <SP HPOS="296" ID="PAG_00000103_SP000097" VPOS="1355" WIDTH="32"/>
            <String CONTENT="(Vanessa)," HEIGHT="51" HPOS="328" ID="PAG_00000103_ST000111" STYLEREFS="TXT_7" VPOS="1355" WC="1" WIDTH="242"/>
            <SP HPOS="570" ID="PAG_00000103_SP000098" VPOS="1357" WIDTH="38"/>
            <String CONTENT="etc." HEIGHT="37" HPOS="608" ID="PAG_00000103_ST000112" STYLEREFS="TXT_7" VPOS="1357" WC="1" WIDTH="76"/>
            <SP HPOS="684" ID="PAG_00000103_SP000099" VPOS="1353" WIDTH="41"/>
            <String CONTENT="Si" HEIGHT="40" HPOS="725" ID="PAG_00000103_ST000113" STYLEREFS="TXT_7" VPOS="1353" WC="1" WIDTH="41"/>
            <SP HPOS="766" ID="PAG_00000103_SP000100" VPOS="1364" WIDTH="37"/>
            <String CONTENT="ces" HEIGHT="29" HPOS="803" ID="PAG_00000103_ST000114" STYLEREFS="TXT_7" VPOS="1364" WC="1" WIDTH="65"/>
            <SP HPOS="868" ID="PAG_00000103_SP000101" VPOS="1352" WIDTH="38"/>
            <String CONTENT="épines" HEIGHT="53" HPOS="906" ID="PAG_00000103_ST000115" STYLEREFS="TXT_7" VPOS="1352" WC="1" WIDTH="139"/>
            <SP HPOS="1045" ID="PAG_00000103_SP000102" VPOS="1357" WIDTH="35"/>
            <String CONTENT="sont" HEIGHT="36" HPOS="1080" ID="PAG_00000103_ST000116" STYLEREFS="TXT_7" VPOS="1357" WC="1" WIDTH="93"/>
            <SP HPOS="1173" ID="PAG_00000103_SP000103" VPOS="1353" WIDTH="32"/>
            <String CONTENT="fortes" HEIGHT="40" HPOS="1205" ID="PAG_00000103_ST000117" STYLEREFS="TXT_7" VPOS="1353" WC="1" WIDTH="122"/>
            <SP HPOS="1327" ID="PAG_00000103_SP000104" VPOS="1357" WIDTH="33"/>
            <String CONTENT="et" HEIGHT="37" HPOS="1360" ID="PAG_00000103_ST000118" STYLEREFS="TXT_7" VPOS="1357" WC="1" WIDTH="39"/>
          </TextLine>
          <TextLine HEIGHT="56" HPOS="173" ID="PAG_00000103_TL000015" STYLEREFS="TXT_7" VPOS="1424" WIDTH="1227">
            <String CONTENT="allongées" HEIGHT="51" HPOS="173" ID="PAG_00000103_ST000119" STYLEREFS="TXT_7" VPOS="1429" WC="1" WIDTH="201"/>
            <SP HPOS="374" ID="PAG_00000103_SP000105" VPOS="1428" WIDTH="33"/>
            <String CONTENT="elles" HEIGHT="41" HPOS="407" ID="PAG_00000103_ST000120" STYLEREFS="TXT_7" VPOS="1428" WC="1" WIDTH="94"/>
            <SP HPOS="501" ID="PAG_00000103_SP000106" VPOS="1429" WIDTH="24"/>
            <String CONTENT="prennent" HEIGHT="51" HPOS="525" ID="PAG_00000103_ST000121" STYLEREFS="TXT_7" VPOS="1429" WC="1" WIDTH="194"/>
            <SP HPOS="719" ID="PAG_00000103_SP000107" VPOS="1425" WIDTH="27"/>
            <String CONTENT="le" HEIGHT="40" HPOS="746" ID="PAG_00000103_ST000122" STYLEREFS="TXT_7" VPOS="1425" WC="1" WIDTH="37"/>
            <SP HPOS="783" ID="PAG_00000103_SP000108" VPOS="1436" WIDTH="29"/>
            <String CONTENT="nom" HEIGHT="30" HPOS="812" ID="PAG_00000103_ST000123" STYLEREFS="TXT_7" VPOS="1436" WC="1" WIDTH="97"/>
            <SP HPOS="909" ID="PAG_00000103_SP000109" VPOS="1424" WIDTH="30"/>
            <String CONTENT="de" HEIGHT="41" HPOS="939" ID="PAG_00000103_ST000124" STYLEREFS="TXT_7" VPOS="1424" WC="1" WIDTH="49"/>
            <SP HPOS="988" ID="PAG_00000103_SP000110" VPOS="1436" WIDTH="37"/>
            <String CONTENT="cornes" HEIGHT="29" HPOS="1025" ID="PAG_00000103_ST000125" STYLEREFS="TXT_7" VPOS="1436" WC="1" WIDTH="142"/>
            <SP HPOS="1167" ID="PAG_00000103_SP000111" VPOS="1425" WIDTH="32"/>
            <String CONTENT="(Apatura" HEIGHT="53" HPOS="1199" ID="PAG_00000103_ST000126" STYLEREFS="TXT_7" VPOS="1425" WC="0.98" WIDTH="201"/>
          </TextLine>
          <TextLine HEIGHT="49" HPOS="173" ID="PAG_00000103_TL000016" STYLEREFS="TXT_7" VPOS="1503" WIDTH="237">
            <String CONTENT="Charaxes)." HEIGHT="49" HPOS="173" ID="PAG_00000103_ST000127" STYLEREFS="TXT_7" VPOS="1503" WC="0.99" WIDTH="237"/>
          </TextLine>
        </TextBlock>
        <TextBlock HEIGHT="622" HPOS="173" ID="PAG_00000103_TB000004" LANG="fr" STYLEREFS="TXT_7" VPOS="1569" WIDTH="1253">
          <TextLine HEIGHT="49" HPOS="225" ID="PAG_00000103_TL000017" STYLEREFS="TXT_7" VPOS="1569" WIDTH="1173">
            <String CONTENT="Les" HEIGHT="41" HPOS="225" ID="PAG_00000103_ST000128" STYLEREFS="TXT_7" VPOS="1574" WC="1" WIDTH="76"/>
            <SP HPOS="301" ID="PAG_00000103_SP000112" VPOS="1574" WIDTH="21"/>
            <String CONTENT="couleurs" HEIGHT="41" HPOS="322" ID="PAG_00000103_ST000129" STYLEREFS="TXT_7" VPOS="1574" WC="1" WIDTH="188"/>
            <SP HPOS="510" ID="PAG_00000103_SP000113" VPOS="1571" WIDTH="19"/>
            <String CONTENT="des" HEIGHT="41" HPOS="529" ID="PAG_00000103_ST000130" STYLEREFS="TXT_7" VPOS="1571" WC="1" WIDTH="72"/>
            <SP HPOS="601" ID="PAG_00000103_SP000114" VPOS="1570" WIDTH="32"/>
            <String CONTENT="chenilles" HEIGHT="41" HPOS="633" ID="PAG_00000103_ST000131" STYLEREFS="TXT_7" VPOS="1570" WC="1" WIDTH="195"/>
            <SP HPOS="828" ID="PAG_00000103_SP000115" VPOS="1573" WIDTH="19"/>
            <String CONTENT="sont" HEIGHT="37" HPOS="847" ID="PAG_00000103_ST000132" STYLEREFS="TXT_7" VPOS="1573" WC="1" WIDTH="93"/>
            <SP HPOS="940" ID="PAG_00000103_SP000116" VPOS="1569" WIDTH="23"/>
            <String CONTENT="très-variées" HEIGHT="41" HPOS="963" ID="PAG_00000103_ST000133" STYLEREFS="TXT_7" VPOS="1569" WC="1" WIDTH="261"/>
            <SP HPOS="1224" ID="PAG_00000103_SP000117" VPOS="1570" WIDTH="22"/>
            <String CONTENT="(le" HEIGHT="48" HPOS="1246" ID="PAG_00000103_ST000134" STYLEREFS="TXT_7" VPOS="1570" WC="1" WIDTH="46"/>
            <SP HPOS="1292" ID="PAG_00000103_SP000118" VPOS="1573" WIDTH="21"/>
            <String CONTENT="vert" HEIGHT="37" HPOS="1313" ID="PAG_00000103_ST000135" STYLEREFS="TXT_7" VPOS="1573" WC="1" WIDTH="85"/>
          </TextLine>
          <TextLine HEIGHT="56" HPOS="173" ID="PAG_00000103_TL000018" STYLEREFS="TXT_7" VPOS="1641" WIDTH="1225">
            <String CONTENT="domine" HEIGHT="42" HPOS="173" ID="PAG_00000103_ST000136" STYLEREFS="TXT_7" VPOS="1646" WC="1" WIDTH="164"/>
            <SP HPOS="337" ID="PAG_00000103_SP000119" VPOS="1644" WIDTH="32"/>
            <String CONTENT="cependant)" HEIGHT="53" HPOS="369" ID="PAG_00000103_ST000137" STYLEREFS="TXT_7" VPOS="1644" WC="0.96" WIDTH="231"/>
            <SP HPOS="600" ID="PAG_00000103_SP000120" VPOS="1647" WIDTH="21"/>
            <String CONTENT="et" HEIGHT="36" HPOS="621" ID="PAG_00000103_ST000138" STYLEREFS="TXT_7" VPOS="1647" WC="1" WIDTH="39"/>
            <SP HPOS="660" ID="PAG_00000103_SP000121" VPOS="1643" WIDTH="31"/>
            <String CONTENT="les" HEIGHT="40" HPOS="691" ID="PAG_00000103_ST000139" STYLEREFS="TXT_7" VPOS="1643" WC="1" WIDTH="57"/>
            <SP HPOS="748" ID="PAG_00000103_SP000122" VPOS="1641" WIDTH="33"/>
            <String CONTENT="dessins" HEIGHT="41" HPOS="781" ID="PAG_00000103_ST000140" STYLEREFS="TXT_7" VPOS="1641" WC="1" WIDTH="158"/>
            <SP HPOS="939" ID="PAG_00000103_SP000123" VPOS="1653" WIDTH="30"/>
            <String CONTENT="ne" HEIGHT="29" HPOS="969" ID="PAG_00000103_ST000141" STYLEREFS="TXT_7" VPOS="1653" WC="1" WIDTH="53"/>
            <SP HPOS="1022" ID="PAG_00000103_SP000124" VPOS="1645" WIDTH="27"/>
            <String CONTENT="sont" HEIGHT="37" HPOS="1049" ID="PAG_00000103_ST000142" STYLEREFS="TXT_7" VPOS="1645" WC="1" WIDTH="93"/>
            <SP HPOS="1142" ID="PAG_00000103_SP000125" VPOS="1653" WIDTH="30"/>
            <String CONTENT="pas" HEIGHT="41" HPOS="1172" ID="PAG_00000103_ST000143" STYLEREFS="TXT_7" VPOS="1653" WC="1" WIDTH="72"/>
            <SP HPOS="1244" ID="PAG_00000103_SP000126" VPOS="1643" WIDTH="21"/>
            <String CONTENT="moins" HEIGHT="40" HPOS="1265" ID="PAG_00000103_ST000144" STYLEREFS="TXT_7" VPOS="1643" WC="1" WIDTH="133"/>
          </TextLine>
          <TextLine HEIGHT="56" HPOS="173" ID="PAG_00000103_TL000019" STYLEREFS="TXT_7" VPOS="1714" WIDTH="1220">
            <String CONTENT="variés" HEIGHT="40" HPOS="173" ID="PAG_00000103_ST000145" STYLEREFS="TXT_7" VPOS="1719" WC="1" WIDTH="128"/>
            <SP HPOS="301" ID="PAG_00000103_SP000127" VPOS="1733" WIDTH="14"/>
            <String CONTENT=";" HEIGHT="37" HPOS="315" ID="PAG_00000103_ST000146" STYLEREFS="TXT_7" VPOS="1733" WC="1" WIDTH="10"/>
            <SP HPOS="325" ID="PAG_00000103_SP000128" VPOS="1718" WIDTH="22"/>
            <String CONTENT="ils" HEIGHT="39" HPOS="347" ID="PAG_00000103_ST000147" STYLEREFS="TXT_7" VPOS="1718" WC="1" WIDTH="49"/>
            <SP HPOS="396" ID="PAG_00000103_SP000129" VPOS="1729" WIDTH="21"/>
            <String CONTENT="se" HEIGHT="28" HPOS="417" ID="PAG_00000103_ST000148" STYLEREFS="TXT_7" VPOS="1729" WC="1" WIDTH="42"/>
            <SP HPOS="459" ID="PAG_00000103_SP000130" VPOS="1719" WIDTH="21"/>
            <String CONTENT="composent" HEIGHT="48" HPOS="480" ID="PAG_00000103_ST000149" STYLEREFS="TXT_7" VPOS="1719" WC="0.99" WIDTH="230"/>
            <SP HPOS="710" ID="PAG_00000103_SP000131" VPOS="1715" WIDTH="17"/>
            <String CONTENT="de" HEIGHT="40" HPOS="727" ID="PAG_00000103_ST000150" STYLEREFS="TXT_7" VPOS="1715" WC="1" WIDTH="49"/>
            <SP HPOS="776" ID="PAG_00000103_SP000132" VPOS="1715" WIDTH="20"/>
            <String CONTENT="points," HEIGHT="51" HPOS="796" ID="PAG_00000103_ST000151" STYLEREFS="TXT_7" VPOS="1715" WC="1" WIDTH="151"/>
            <SP HPOS="947" ID="PAG_00000103_SP000133" VPOS="1714" WIDTH="14"/>
            <String CONTENT="taches," HEIGHT="48" HPOS="961" ID="PAG_00000103_ST000152" STYLEREFS="TXT_7" VPOS="1714" WC="1" WIDTH="152"/>
            <SP HPOS="1113" ID="PAG_00000103_SP000134" VPOS="1714" WIDTH="17"/>
            <String CONTENT="bandes," HEIGHT="49" HPOS="1130" ID="PAG_00000103_ST000153" STYLEREFS="TXT_7" VPOS="1714" WC="1" WIDTH="166"/>
            <SP HPOS="1296" ID="PAG_00000103_SP000135" VPOS="1718" WIDTH="22"/>
            <String CONTENT="etc." HEIGHT="36" HPOS="1318" ID="PAG_00000103_ST000154" STYLEREFS="TXT_7" VPOS="1718" WC="1" WIDTH="75"/>
          </TextLine>
          <TextLine HEIGHT="49" HPOS="174" ID="PAG_00000103_TL000020" STYLEREFS="TXT_7" VPOS="1786" WIDTH="1252">
            <String CONTENT="Une" HEIGHT="40" HPOS="174" ID="PAG_00000103_ST000155" STYLEREFS="TXT_7" VPOS="1792" WC="1" WIDTH="85"/>
            <SP HPOS="259" ID="PAG_00000103_SP000136" VPOS="1790" WIDTH="29"/>
            <String CONTENT="bande" HEIGHT="40" HPOS="288" ID="PAG_00000103_ST000156" STYLEREFS="TXT_7" VPOS="1790" WC="1" WIDTH="131"/>
            <SP HPOS="419" ID="PAG_00000103_SP000137" VPOS="1792" WIDTH="31"/>
            <String CONTENT="est" HEIGHT="37" HPOS="450" ID="PAG_00000103_ST000157" STYLEREFS="TXT_7" VPOS="1792" WC="1" WIDTH="60"/>
            <SP HPOS="510" ID="PAG_00000103_SP000138" VPOS="1788" WIDTH="23"/>
            <String CONTENT="dorsale," HEIGHT="47" HPOS="533" ID="PAG_00000103_ST000158" STYLEREFS="TXT_7" VPOS="1788" WC="1" WIDTH="172"/>
            <SP HPOS="705" ID="PAG_00000103_SP000139" VPOS="1786" WIDTH="30"/>
            <String CONTENT="latérale," HEIGHT="48" HPOS="735" ID="PAG_00000103_ST000159" STYLEREFS="TXT_7" VPOS="1786" WC="1" WIDTH="177"/>
            <SP HPOS="912" ID="PAG_00000103_SP000140" VPOS="1786" WIDTH="30"/>
            <String CONTENT="ventrale," HEIGHT="48" HPOS="942" ID="PAG_00000103_ST000160" STYLEREFS="TXT_7" VPOS="1786" WC="1" WIDTH="193"/>
            <SP HPOS="1135" ID="PAG_00000103_SP000141" VPOS="1787" WIDTH="21"/>
            <String CONTENT="anale," HEIGHT="47" HPOS="1156" ID="PAG_00000103_ST000161" STYLEREFS="TXT_7" VPOS="1787" WC="1" WIDTH="131"/>
            <SP HPOS="1287" ID="PAG_00000103_SP000142" VPOS="1787" WIDTH="21"/>
            <String CONTENT="sui-" HEIGHT="40" HPOS="1308" ID="PAG_00000103_ST000162" STYLEREFS="TXT_7" SUBS_CONTENT="suivant" SUBS_TYPE="HypPart1" VPOS="1787" WC="1" WIDTH="88"/>
            <HYP CONTENT="-" HPOS="1396" VPOS="1827" WIDTH="30"/>
          </TextLine>
          <TextLine HEIGHT="55" HPOS="173" ID="PAG_00000103_TL000021" STYLEREFS="TXT_7" VPOS="1858" WIDTH="1225">
            <String CONTENT="vant" HEIGHT="36" HPOS="173" ID="PAG_00000103_ST000163" STYLEREFS="TXT_7" SUBS_CONTENT="suivant" SUBS_TYPE="HypPart2" VPOS="1867" WC="1" WIDTH="95"/>
            <SP HPOS="268" ID="PAG_00000103_SP000143" VPOS="1862" WIDTH="34"/>
            <String CONTENT="qu'elle" HEIGHT="51" HPOS="302" ID="PAG_00000103_ST000164" STYLEREFS="TXT_7" VPOS="1862" WC="1" WIDTH="142"/>
            <SP HPOS="444" ID="PAG_00000103_SP000144" VPOS="1864" WIDTH="36"/>
            <String CONTENT="est" HEIGHT="36" HPOS="480" ID="PAG_00000103_ST000165" STYLEREFS="TXT_7" VPOS="1864" WC="1" WIDTH="58"/>
            <SP HPOS="538" ID="PAG_00000103_SP000145" VPOS="1858" WIDTH="32"/>
            <String CONTENT="placée" HEIGHT="53" HPOS="570" ID="PAG_00000103_ST000166" STYLEREFS="TXT_7" VPOS="1858" WC="1" WIDTH="135"/>
            <SP HPOS="705" ID="PAG_00000103_SP000146" VPOS="1870" WIDTH="34"/>
            <String CONTENT="sur" HEIGHT="28" HPOS="739" ID="PAG_00000103_ST000167" STYLEREFS="TXT_7" VPOS="1870" WC="1" WIDTH="69"/>
            <SP HPOS="808" ID="PAG_00000103_SP000147" VPOS="1858" WIDTH="40"/>
            <String CONTENT="l'une" HEIGHT="39" HPOS="848" ID="PAG_00000103_ST000168" STYLEREFS="TXT_7" VPOS="1858" WC="1" WIDTH="108"/>
            <SP HPOS="956" ID="PAG_00000103_SP000148" VPOS="1869" WIDTH="33"/>
            <String CONTENT="ou" HEIGHT="28" HPOS="989" ID="PAG_00000103_ST000169" STYLEREFS="TXT_7" VPOS="1869" WC="1" WIDTH="52"/>
            <SP HPOS="1041" ID="PAG_00000103_SP000149" VPOS="1858" WIDTH="31"/>
            <String CONTENT="l'autre" HEIGHT="40" HPOS="1072" ID="PAG_00000103_ST000170" STYLEREFS="TXT_7" VPOS="1858" WC="1" WIDTH="142"/>
            <SP HPOS="1214" ID="PAG_00000103_SP000150" VPOS="1858" WIDTH="34"/>
            <String CONTENT="de" HEIGHT="40" HPOS="1248" ID="PAG_00000103_ST000171" STYLEREFS="TXT_7" VPOS="1858" WC="1" WIDTH="48"/>
            <SP HPOS="1296" ID="PAG_00000103_SP000151" VPOS="1870" WIDTH="35"/>
            <String CONTENT="ces" HEIGHT="29" HPOS="1331" ID="PAG_00000103_ST000172" STYLEREFS="TXT_7" VPOS="1870" WC="1" WIDTH="67"/>
          </TextLine>
          <TextLine HEIGHT="59" HPOS="176" ID="PAG_00000103_TL000022" STYLEREFS="TXT_7" VPOS="1928" WIDTH="1223">
            <String CONTENT="parties." HEIGHT="52" HPOS="176" ID="PAG_00000103_ST000173" STYLEREFS="TXT_7" VPOS="1935" WC="1" WIDTH="164"/>
            <SP HPOS="340" ID="PAG_00000103_SP000152" VPOS="1933" WIDTH="22"/>
            <String CONTENT="Elle" HEIGHT="40" HPOS="362" ID="PAG_00000103_ST000174" STYLEREFS="TXT_7" VPOS="1933" WC="1" WIDTH="84"/>
            <SP HPOS="446" ID="PAG_00000103_SP000153" VPOS="1937" WIDTH="20"/>
            <String CONTENT="est" HEIGHT="35" HPOS="466" ID="PAG_00000103_ST000175" STYLEREFS="TXT_7" VPOS="1937" WC="1" WIDTH="59"/>
            <SP HPOS="525" ID="PAG_00000103_SP000154" VPOS="1930" WIDTH="9"/>
            <String CONTENT="dite" HEIGHT="41" HPOS="534" ID="PAG_00000103_ST000176" STYLEREFS="TXT_7" VPOS="1930" WC="1" WIDTH="79"/>
            <SP HPOS="613" ID="PAG_00000103_SP000155" VPOS="1928" WIDTH="16"/>
            <String CONTENT="longitudinale," HEIGHT="53" HPOS="629" ID="PAG_00000103_ST000177" STYLEREFS="TXT_7" VPOS="1928" WC="1" WIDTH="313"/>
            <SP HPOS="942" ID="PAG_00000103_SP000156" VPOS="1929" WIDTH="19"/>
            <String CONTENT="quand" HEIGHT="51" HPOS="961" ID="PAG_00000103_ST000178" STYLEREFS="TXT_7" VPOS="1929" WC="1" WIDTH="135"/>
            <SP HPOS="1096" ID="PAG_00000103_SP000157" VPOS="1931" WIDTH="20"/>
            <String CONTENT="elle" HEIGHT="40" HPOS="1116" ID="PAG_00000103_ST000179" STYLEREFS="TXT_7" VPOS="1931" WC="1" WIDTH="74"/>
            <SP HPOS="1190" ID="PAG_00000103_SP000158" VPOS="1942" WIDTH="18"/>
            <String CONTENT="se" HEIGHT="28" HPOS="1208" ID="PAG_00000103_ST000180" STYLEREFS="TXT_7" VPOS="1942" WC="1" WIDTH="42"/>
            <SP HPOS="1250" ID="PAG_00000103_SP000159" VPOS="1929" WIDTH="21"/>
            <String CONTENT="dirige" HEIGHT="51" HPOS="1271" ID="PAG_00000103_ST000181" STYLEREFS="TXT_7" VPOS="1929" WC="0.98" WIDTH="128"/>
          </TextLine>
          <TextLine HEIGHT="53" HPOS="178" ID="PAG_00000103_TL000023" STYLEREFS="TXT_7" VPOS="2001" WIDTH="1220">
            <String CONTENT="de" HEIGHT="40" HPOS="178" ID="PAG_00000103_ST000182" STYLEREFS="TXT_7" VPOS="2007" WC="1" WIDTH="48"/>
            <SP HPOS="226" ID="PAG_00000103_SP000160" VPOS="2008" WIDTH="18"/>
            <String CONTENT="la" HEIGHT="38" HPOS="244" ID="PAG_00000103_ST000183" STYLEREFS="TXT_7" VPOS="2008" WC="1" WIDTH="38"/>
            <SP HPOS="282" ID="PAG_00000103_SP000161" VPOS="2008" WIDTH="20"/>
            <String CONTENT="tête" HEIGHT="38" HPOS="302" ID="PAG_00000103_ST000184" STYLEREFS="TXT_7" VPOS="2008" WC="1" WIDTH="77"/>
            <SP HPOS="379" ID="PAG_00000103_SP000162" VPOS="2006" WIDTH="21"/>
            <String CONTENT="à" HEIGHT="39" HPOS="400" ID="PAG_00000103_ST000185" STYLEREFS="TXT_7" VPOS="2006" WC="1" WIDTH="19"/>
            <SP HPOS="419" ID="PAG_00000103_SP000163" VPOS="2005" WIDTH="20"/>
            <String CONTENT="l'anus," HEIGHT="47" HPOS="439" ID="PAG_00000103_ST000186" STYLEREFS="TXT_7" VPOS="2005" WC="1" WIDTH="138"/>
            <SP HPOS="577" ID="PAG_00000103_SP000164" VPOS="2007" WIDTH="26"/>
            <String CONTENT="transverse," HEIGHT="44" HPOS="603" ID="PAG_00000103_ST000187" STYLEREFS="TXT_7" VPOS="2007" WC="0.94" WIDTH="243"/>
            <SP HPOS="846" ID="PAG_00000103_SP000165" VPOS="2001" WIDTH="23"/>
            <String CONTENT="quand" HEIGHT="52" HPOS="869" ID="PAG_00000103_ST000188" STYLEREFS="TXT_7" VPOS="2001" WC="1" WIDTH="136"/>
            <SP HPOS="1005" ID="PAG_00000103_SP000166" VPOS="2002" WIDTH="21"/>
            <String CONTENT="elle" HEIGHT="40" HPOS="1026" ID="PAG_00000103_ST000189" STYLEREFS="TXT_7" VPOS="2002" WC="1" WIDTH="74"/>
            <SP HPOS="1100" ID="PAG_00000103_SP000167" VPOS="2005" WIDTH="27"/>
            <String CONTENT="est" HEIGHT="37" HPOS="1127" ID="PAG_00000103_ST000190" STYLEREFS="TXT_7" VPOS="2005" WC="1" WIDTH="59"/>
            <SP HPOS="1186" ID="PAG_00000103_SP000168" VPOS="2003" WIDTH="25"/>
            <String CONTENT="parallèle" HEIGHT="51" HPOS="1211" ID="PAG_00000103_ST000191" STYLEREFS="TXT_7" VPOS="2003" WC="1" WIDTH="187"/>
          </TextLine>
          <TextLine HEIGHT="54" HPOS="177" ID="PAG_00000103_TL000024" STYLEREFS="TXT_7" VPOS="2073" WIDTH="1220">
            <String CONTENT="aux" HEIGHT="29" HPOS="177" ID="PAG_00000103_ST000192" STYLEREFS="TXT_7" VPOS="2090" WC="1" WIDTH="76"/>
            <SP HPOS="253" ID="PAG_00000103_SP000169" VPOS="2076" WIDTH="22"/>
            <String CONTENT="incisions," HEIGHT="50" HPOS="275" ID="PAG_00000103_ST000193" STYLEREFS="TXT_7" VPOS="2076" WC="1" WIDTH="210"/>
            <SP HPOS="485" ID="PAG_00000103_SP000170" VPOS="2076" WIDTH="27"/>
            <String CONTENT="oblique" HEIGHT="51" HPOS="512" ID="PAG_00000103_ST000194" STYLEREFS="TXT_7" VPOS="2076" WC="0.99" WIDTH="149"/>
            <SP HPOS="661" ID="PAG_00000103_SP000171" VPOS="2074" WIDTH="28"/>
            <String CONTENT="quand" HEIGHT="52" HPOS="689" ID="PAG_00000103_ST000195" STYLEREFS="TXT_7" VPOS="2074" WC="0.97" WIDTH="136"/>
            <SP HPOS="825" ID="PAG_00000103_SP000172" VPOS="2074" WIDTH="27"/>
            <String CONTENT="elle" HEIGHT="41" HPOS="852" ID="PAG_00000103_ST000196" STYLEREFS="TXT_7" VPOS="2074" WC="1" WIDTH="74"/>
            <SP HPOS="926" ID="PAG_00000103_SP000173" VPOS="2073" WIDTH="19"/>
            <String CONTENT="s'écarte" HEIGHT="43" HPOS="945" ID="PAG_00000103_ST000197" STYLEREFS="TXT_7" VPOS="2073" WC="1" WIDTH="167"/>
            <SP HPOS="1112" ID="PAG_00000103_SP000174" VPOS="2074" WIDTH="20"/>
            <String CONTENT="de" HEIGHT="41" HPOS="1132" ID="PAG_00000103_ST000198" STYLEREFS="TXT_7" VPOS="2074" WC="1" WIDTH="49"/>
            <SP HPOS="1181" ID="PAG_00000103_SP000175" VPOS="2074" WIDTH="26"/>
            <String CONTENT="l'une" HEIGHT="41" HPOS="1207" ID="PAG_00000103_ST000199" STYLEREFS="TXT_7" VPOS="2074" WC="1" WIDTH="108"/>
            <SP HPOS="1315" ID="PAG_00000103_SP000176" VPOS="2086" WIDTH="29"/>
            <String CONTENT="ou" HEIGHT="30" HPOS="1344" ID="PAG_00000103_ST000200" STYLEREFS="TXT_7" VPOS="2086" WC="1" WIDTH="53"/>
          </TextLine>
          <TextLine HEIGHT="43" HPOS="176" ID="PAG_00000103_TL000025" STYLEREFS="TXT_7" VPOS="2148" WIDTH="538">
            <String CONTENT="l'autre" HEIGHT="40" HPOS="176" ID="PAG_00000103_ST000201" STYLEREFS="TXT_7" VPOS="2151" WC="1" WIDTH="141"/>
            <SP HPOS="317" ID="PAG_00000103_SP000177" VPOS="2150" WIDTH="20"/>
            <String CONTENT="de" HEIGHT="41" HPOS="337" ID="PAG_00000103_ST000202" STYLEREFS="TXT_7" VPOS="2150" WC="1" WIDTH="50"/>
            <SP HPOS="387" ID="PAG_00000103_SP000178" VPOS="2161" WIDTH="19"/>
            <String CONTENT="ces" HEIGHT="29" HPOS="406" ID="PAG_00000103_ST000203" STYLEREFS="TXT_7" VPOS="2161" WC="1" WIDTH="66"/>
            <SP HPOS="472" ID="PAG_00000103_SP000179" VPOS="2148" WIDTH="20"/>
            <String CONTENT="directions." HEIGHT="41" HPOS="492" ID="PAG_00000103_ST000204" STYLEREFS="TXT_7" VPOS="2148" WC="1" WIDTH="222"/>
          </TextLine>
        </TextBlock>
        <ComposedBlock HEIGHT="485" HPOS="85" ID="PAG_00000103_CB000001" VPOS="2228" WIDTH="1349">
          <GraphicalElement HEIGHT="485" HPOS="85" ID="PAG_00000103_GE000001" TAGREFS="TAG_stamp" VPOS="2228" WIDTH="459"/>
          <TextBlock HEIGHT="42" HPOS="540" ID="PAG_00000103_TB000005" LANG="fr" STYLEREFS="TXT_5" VPOS="2308" WIDTH="486">
            <TextLine HEIGHT="42" HPOS="540" ID="PAG_00000103_TL000026" STYLEREFS="TXT_5" VPOS="2308" WIDTH="486">
              <String CONTENT="ÉTAT" HEIGHT="42" HPOS="540" ID="PAG_00000103_ST000205" STYLEREFS="TXT_5" VPOS="2308" WC="1" WIDTH="104"/>
              <SP HPOS="644" ID="PAG_00000103_SP000180" VPOS="2313" WIDTH="22"/>
              <String CONTENT="DE" HEIGHT="35" HPOS="666" ID="PAG_00000103_ST000206" STYLEREFS="TXT_5" VPOS="2313" WC="1" WIDTH="54"/>
              <SP HPOS="720" ID="PAG_00000103_SP000181" VPOS="2313" WIDTH="23"/>
              <String CONTENT="CHRYSALIDE." HEIGHT="36" HPOS="743" ID="PAG_00000103_ST000207" STYLEREFS="TXT_5" VPOS="2313" WC="1" WIDTH="283"/>
            </TextLine>
          </TextBlock>
          <TextBlock HEIGHT="212" HPOS="123" ID="PAG_00000103_TB000006" LANG="fr" STYLEREFS="TXT_7" TAGREFS="TAG_textStamped" VPOS="2430" WIDTH="1311">
            <TextLine HEIGHT="60" HPOS="236" ID="PAG_00000103_TL000027" STYLEREFS="TXT_7" VPOS="2430" WIDTH="1198">
              <String CONTENT="L" HEIGHT="60" HPOS="236" ID="PAG_00000103_ST000208" STYLEREFS="TXT_7" VPOS="2430" WC="0.57" WIDTH="54"/>
              <SP HPOS="290" ID="PAG_00000103_SP000182" VPOS="2430" WIDTH="1"/>
              <String CONTENT="O" HEIGHT="60" HPOS="290" ID="PAG_00000103_ST000209" STYLEREFS="TXT_7" VPOS="2430" WC="0.57" WIDTH="54"/>
              <SP HPOS="344" ID="PAG_00000103_SP000183" VPOS="2430" WIDTH="1"/>
              <String CONTENT="'" HEIGHT="60" HPOS="344" ID="PAG_00000103_ST000210" STYLEREFS="TXT_7" VPOS="2430" WC="0.57" WIDTH="54"/>
              <SP HPOS="398" ID="PAG_00000103_SP000184" VPOS="2430" WIDTH="1"/>
              <String CONTENT="S" HEIGHT="60" HPOS="398" ID="PAG_00000103_ST000211" STYLEREFS="TXT_7" VPOS="2430" WC="0.57" WIDTH="54"/>
              <SP HPOS="452" ID="PAG_00000103_SP000185" VPOS="2430" WIDTH="1"/>
              <String CONTENT="enille" HEIGHT="60" HPOS="452" ID="PAG_00000103_ST000212" STYLEREFS="TXT_7" VPOS="2430" WC="0.57" WIDTH="218"/>
              <SP HPOS="670" ID="PAG_00000103_SP000186" VPOS="2439" WIDTH="19"/>
              <String CONTENT="est" HEIGHT="38" HPOS="689" ID="PAG_00000103_ST000213" STYLEREFS="TXT_7" VPOS="2439" WC="1" WIDTH="61"/>
              <SP HPOS="750" ID="PAG_00000103_SP000187" VPOS="2434" WIDTH="17"/>
              <String CONTENT="arrivée" HEIGHT="42" HPOS="767" ID="PAG_00000103_ST000214" STYLEREFS="TXT_7" VPOS="2434" WC="1" WIDTH="151"/>
              <SP HPOS="918" ID="PAG_00000103_SP000188" VPOS="2435" WIDTH="20"/>
              <String CONTENT="à" HEIGHT="40" HPOS="938" ID="PAG_00000103_ST000215" STYLEREFS="TXT_7" VPOS="2435" WC="1" WIDTH="23"/>
              <SP HPOS="961" ID="PAG_00000103_SP000189" VPOS="2438" WIDTH="19"/>
              <String CONTENT="tout" HEIGHT="37" HPOS="980" ID="PAG_00000103_ST000216" STYLEREFS="TXT_7" VPOS="2438" WC="1" WIDTH="88"/>
              <SP HPOS="1068" ID="PAG_00000103_SP000190" VPOS="2446" WIDTH="13"/>
              <String CONTENT="son" HEIGHT="29" HPOS="1081" ID="PAG_00000103_ST000217" STYLEREFS="TXT_7" VPOS="2446" WC="1" WIDTH="72"/>
              <SP HPOS="1153" ID="PAG_00000103_SP000191" VPOS="2434" WIDTH="14"/>
              <String CONTENT="développe-" HEIGHT="55" HPOS="1167" ID="PAG_00000103_ST000218" STYLEREFS="TXT_7" SUBS_CONTENT="développe.&lt;" SUBS_TYPE="HypPart1" VPOS="2434" WC="1" WIDTH="237"/>
              <HYP CONTENT="-" HPOS="1404" VPOS="2489" WIDTH="30"/>
            </TextLine>
            <TextLine HEIGHT="54" HPOS="123" ID="PAG_00000103_TL000028" STYLEREFS="TXT_7" VPOS="2506" WIDTH="1310">
              <String CONTENT=".&lt;" HEIGHT="26" HPOS="123" ID="PAG_00000103_ST000219" STYLEREFS="TXT_7" SUBS_CONTENT="développe.&lt;" SUBS_TYPE="HypPart2" VPOS="2531" WC="0.33" WIDTH="45"/>
              <SP HPOS="168" ID="PAG_00000103_SP000192" VPOS="2516" WIDTH="16"/>
              <String CONTENT="ment," HEIGHT="44" HPOS="184" ID="PAG_00000103_ST000220" STYLEREFS="TXT_7" VPOS="2516" WC="1" WIDTH="125"/>
              <SP HPOS="309" ID="PAG_00000103_SP000193" VPOS="2508" WIDTH="23"/>
              <String CONTENT="elle" HEIGHT="43" HPOS="332" ID="PAG_00000103_ST000221" STYLEREFS="TXT_7" VPOS="2508" WC="0.86" WIDTH="73"/>
              <SP HPOS="405" ID="PAG_00000103_SP000194" VPOS="2508" WIDTH="29"/>
              <String CONTENT="cSsm" HEIGHT="45" HPOS="434" ID="PAG_00000103_ST000222" STYLEREFS="TXT_5" VPOS="2508" WC="0.73" WIDTH="110"/>
              <SP HPOS="544" ID="PAG_00000103_SP000195" VPOS="2509" WIDTH="15"/>
              <String CONTENT="de" HEIGHT="40" HPOS="559" ID="PAG_00000103_ST000223" STYLEREFS="TXT_7" VPOS="2509" WC="1" WIDTH="49"/>
              <SP HPOS="608" ID="PAG_00000103_SP000196" VPOS="2520" WIDTH="19"/>
              <String CONTENT="manger," HEIGHT="39" HPOS="627" ID="PAG_00000103_ST000224" STYLEREFS="TXT_7" VPOS="2520" WC="1" WIDTH="181"/>
              <SP HPOS="808" ID="PAG_00000103_SP000197" VPOS="2508" WIDTH="23"/>
              <String CONTENT="elle" HEIGHT="40" HPOS="831" ID="PAG_00000103_ST000225" STYLEREFS="TXT_7" VPOS="2508" WC="1" WIDTH="74"/>
              <SP HPOS="905" ID="PAG_00000103_SP000198" VPOS="2519" WIDTH="26"/>
              <String CONTENT="se" HEIGHT="28" HPOS="931" ID="PAG_00000103_ST000226" STYLEREFS="TXT_7" VPOS="2519" WC="1" WIDTH="42"/>
              <SP HPOS="973" ID="PAG_00000103_SP000199" VPOS="2506" WIDTH="21"/>
              <String CONTENT="décolore" HEIGHT="42" HPOS="994" ID="PAG_00000103_ST000227" STYLEREFS="TXT_7" VPOS="2506" WC="1" WIDTH="182"/>
              <SP HPOS="1176" ID="PAG_00000103_SP000200" VPOS="2522" WIDTH="17"/>
              <String CONTENT=";" HEIGHT="37" HPOS="1193" ID="PAG_00000103_ST000228" STYLEREFS="TXT_7" VPOS="2522" WC="1" WIDTH="10"/>
              <SP HPOS="1203" ID="PAG_00000103_SP000201" VPOS="2509" WIDTH="27"/>
              <String CONTENT="elle" HEIGHT="40" HPOS="1230" ID="PAG_00000103_ST000229" STYLEREFS="TXT_7" VPOS="2509" WC="1" WIDTH="73"/>
              <SP HPOS="1303" ID="PAG_00000103_SP000202" VPOS="2509" WIDTH="27"/>
              <String CONTENT="de-" HEIGHT="40" HPOS="1330" ID="PAG_00000103_ST000230" STYLEREFS="TXT_7" SUBS_CONTENT="deVçâttçfnè" SUBS_TYPE="HypPart1" VPOS="2509" WC="1" WIDTH="73"/>
              <HYP CONTENT="-" HPOS="1403" VPOS="2549" WIDTH="30"/>
            </TextLine>
            <TextLine HEIGHT="71" HPOS="167" ID="PAG_00000103_TL000029" STYLEREFS="TXT_7" VPOS="2571" WIDTH="1237">
              <String CONTENT="Vçâttçfnè" HEIGHT="71" HPOS="167" ID="PAG_00000103_ST000231" STYLEREFS="TXT_7" SUBS_CONTENT="deVçâttçfnè" SUBS_TYPE="HypPart2" VPOS="2571" WC="0.98" WIDTH="262"/>
              <SP HPOS="429" ID="PAG_00000103_SP000203" VPOS="2615" WIDTH="15"/>
              <String CONTENT="," HEIGHT="19" HPOS="444" ID="PAG_00000103_ST000232" STYLEREFS="TXT_7" VPOS="2615" WC="0.33" WIDTH="11"/>
              <SP HPOS="455" ID="PAG_00000103_SP000204" VPOS="2581" WIDTH="13"/>
              <String CONTENT="Jrvide" HEIGHT="58" HPOS="468" ID="PAG_00000103_ST000233" STYLEREFS="TXT_7" TAGREFS="TAG_importantEN" VPOS="2581" WC="0.84" WIDTH="131"/>
              <SP HPOS="599" ID="PAG_00000103_SP000205" VPOS="2595" WIDTH="19"/>
              <String CONTENT=";" HEIGHT="40" HPOS="618" ID="PAG_00000103_ST000234" STYLEREFS="TXT_7" VPOS="2595" WC="1" WIDTH="12"/>
              <SP HPOS="630" ID="PAG_00000103_SP000206" VPOS="2581" WIDTH="27"/>
              <String CONTENT="si" HEIGHT="41" HPOS="657" ID="PAG_00000103_ST000235" STYLEREFS="TXT_7" VPOS="2581" WC="1" WIDTH="33"/>
              <SP HPOS="690" ID="PAG_00000103_SP000207" VPOS="2581" WIDTH="33"/>
              <String CONTENT="elle" HEIGHT="41" HPOS="723" ID="PAG_00000103_ST000236" STYLEREFS="TXT_7" VPOS="2581" WC="1" WIDTH="74"/>
              <SP HPOS="797" ID="PAG_00000103_SP000208" VPOS="2583" WIDTH="32"/>
              <String CONTENT="est" HEIGHT="38" HPOS="829" ID="PAG_00000103_ST000237" STYLEREFS="TXT_7" VPOS="2583" WC="1" WIDTH="60"/>
              <SP HPOS="889" ID="PAG_00000103_SP000209" VPOS="2578" WIDTH="31"/>
              <String CONTENT="gibbeuse," HEIGHT="55" HPOS="920" ID="PAG_00000103_ST000238" STYLEREFS="TXT_7" VPOS="2578" WC="1" WIDTH="217"/>
              <SP HPOS="1137" ID="PAG_00000103_SP000210" VPOS="2592" WIDTH="31"/>
              <String CONTENT="ses" HEIGHT="30" HPOS="1168" ID="PAG_00000103_ST000239" STYLEREFS="TXT_7" VPOS="2592" WC="1" WIDTH="64"/>
              <SP HPOS="1232" ID="PAG_00000103_SP000211" VPOS="2580" WIDTH="29"/>
              <String CONTENT="bosses" HEIGHT="43" HPOS="1261" ID="PAG_00000103_ST000240" STYLEREFS="TXT_7" VPOS="2580" WC="1" WIDTH="143"/>
            </TextLine>
          </TextBlock>
          <TextBlock HEIGHT="38" HPOS="1216" ID="PAG_00000103_TB000007" LANG="fr" STYLEREFS="TXT_5" VPOS="2659" WIDTH="25">
            <TextLine HEIGHT="38" HPOS="1216" ID="PAG_00000103_TL000030" STYLEREFS="TXT_5" VPOS="2659" WIDTH="25">
              <String CONTENT="6" HEIGHT="38" HPOS="1216" ID="PAG_00000103_ST000241" STYLEREFS="TXT_5" VPOS="2659" WC="1" WIDTH="25"/>
            </TextLine>
          </TextBlock>
        </ComposedBlock>
      </PrintSpace>
    </Page>
  </Layout>
</alto>
