1804 3012
949 289 52 8 —
1034 267 75 42 182
1141 288 49 11 —

933 439 286 41 SATYRIDÆ.

508 582 210 41 Antennes
744 582 219 42 terminées
990 587 133 37 tantôt
1154 596 73 41 par
1253 598 56 28 un
1342 586 153 42 bouton
1516 595 116 34 court
1652 594 38 35 et

453 655 236 53 pyriforme,
710 658 131 37 tantôt
867 666 74 42 par
960 667 80 29 une
1061 668 162 30 massue
1244 659 106 50 grèle
1370 665 39 35 et
1428 672 173 41 presque
1621 662 67 39 fu-

452 728 180 40 siforme.
656 726 143 54 Palpes
818 727 193 41 s'élevant
1030 729 277 43 notablement
1330 743 51 28 au
1402 732 90 41 delà
1512 733 53 40 du
1587 734 99 41 cha-

451 811 144 41 peron,
625 799 176 41 hérissés
835 799 49 41 de
913 801 104 53 poils
1048 813 50 28 en
1135 809 132 34 avant.
1293 804 94 40 Tête
1406 806 136 50 petite,
1584 818 104 40 yeux

451 875 130 37 tantôt
600 870 175 52 glabres,
792 875 132 38 tantôt
943 873 246 52 pubescens.
1214 875 181 41 Corselet
1413 888 78 41 peu
1506 877 180 41 robuste.

449 945 108 39 Ailes
577 945 255 52 supérieures
875 949 123 48 ayant
1028 958 175 42 presque
1234 950 186 51 toujours
1451 950 39 39 la
1515 961 171 29 nervure

449 1017 167 47 costale,
638 1021 162 36 surtout
825 1017 39 40 la
897 1010 204 58 médiane,
1128 1024 39 37 et
1204 1020 254 52 quelquefois
1496 1022 38 39 la
1567 1033 119 29 sous-

449 1089 185 41 médiane
662 1101 53 29 ou
748 1089 246 42 l'inférieure
1013 1091 168 41 dilatées
1193 1097 38 36 et
1243 1105 53 27 un
1315 1105 76 41 peu
1414 1093 271 42 vésiculeuses

451 1163 23 39 à
494 1162 88 40 leur
614 1162 114 41 base.
766 1162 155 41 Cellule
957 1162 222 43 discoidale
1212 1164 69 42 des
1313 1166 100 40 ailes
1448 1166 237 41 inférieures

442 1234 165 41 fermée.
632 1236 208 41 Gouttière
857 1236 116 40 anale
993 1248 78 41 peu
1089 1238 229 51 prononcée
1349 1242 39 37 et
1406 1239 168 41 laissant
1592 1239 93 40 l'ex-

444 1308 158 40 trémité
623 1308 49 40 de
690 1308 231 40 l'abdomen
953 1313 24 36 à
992 1309 215 42 découvert
1222 1312 160 53 lorsque
1397 1310 58 42 les
1474 1313 98 39 ailes
1590 1316 92 36 sont

442 1380 174 42 relevées
637 1380 103 41 dans
759 1381 37 39 le
826 1393 133 42 repos.
984 1382 72 40 Vol
1077 1383 209 41 sautillant
1306 1389 40 35 et
1365 1396 78 40 peu
1462 1390 187 36 soutenu.

495 1454 203 41 Chenilles
714 1453 186 42 atténués
918 1455 388 52 postérieurement,
1338 1462 39 35 et
1411 1457 99 41 dont
1529 1458 35 40 le
1585 1457 94 41 der-

441 1528 90 39 nier
559 1538 163 29 anneau
754 1539 44 29 se
831 1528 173 40 termine
1036 1539 50 30 en
1116 1540 132 40 queue
1281 1528 137 42 bifide.
1454 1531 107 39 Elles
1587 1535 93 36 sont

441 1603 128 37 lantôt
601 1598 133 48 lisses,
779 1603 132 37 tantôt
944 1612 241 39 rugueuses,
1220 1605 131 37 tantôt
1392 1602 283 52 pubescentes.

440 1672 106 40 Elles
574 1670 136 44 vivent
728 1676 134 37 toutes
881 1672 317 42 exclusivement
1219 1674 49 40 de
1288 1673 242 52 graminées.
1549 1676 129 52 Chry-

437 1743 150 42 salides
606 1748 131 37 tantôt
756 1745 225 51 oblongues
1001 1750 40 36 et
1063 1758 57 28 un
1139 1758 79 41 peu
1239 1748 258 50 anguleuses,
1520 1759 94 30 avec
1636 1747 39 41 la

436 1820 78 38 tète
537 1829 52 28 en
609 1819 202 39 croissant
830 1829 54 30 ou
904 1818 140 51 bifide,
1067 1827 38 33 et
1135 1819 104 41 deux
1269 1820 168 51 rangées
1470 1820 50 41 de
1553 1822 122 51 petits

434 1889 230 41 tubercules
684 1901 71 29 sur
772 1890 37 40 le
828 1890 89 53 dos,
950 1894 133 37 tantôt
1110 1896 162 36 courtes
1303 1896 40 36 et
1376 1892 229 51 arrondies,
1628 1898 42 36 et

433 1973 96 31 avec
558 1963 39 40 la
618 1965 79 38 tête
719 1963 143 42 obtuse
883 1969 40 35 et
942 1964 37 40 le
1017 1964 75 41 dos
1111 1966 90 48 uni,
1235 1969 134 36 toutes
1401 1977 95 29 sans
1532 1965 140 42 taches

433 2034 255 53 métalliques
705 2036 118 53 (Dup.
842 2036 118 52 Cal.).

861 2190 120 35 Genre
1002 2190 132 43 ARGE,
1157 2190 89 35 Bdv.

481 2330 208 38 Antennes
717 2338 174 42 presque
910 2327 113 40 aussi
1042 2327 170 49 longues
1232 2338 79 39 que
1338 2326 37 40 le
1401 2337 133 41 corps,
1565 2325 100 41 dont

427 2401 40 40 la
485 2401 98 50 tige,
606 2410 111 31 assez
733 2399 119 52 forte,
888 2410 43 29 se
959 2399 130 40 forme
1121 2398 335 41 insensiblement
1485 2398 24 40 à
1536 2398 129 52 partir

426 2474 55 41 du
510 2474 140 39 milieu
669 2472 50 41 de
738 2483 46 30 sa
803 2472 202 51 longueur
1024 2483 48 29 en
1088 2483 82 29 une
1193 2483 164 29 massue
1375 2481 172 44 presque
1565 2470 98 40 fusi-
