1752 3008
682 331 48 6 —
763 309 46 39 41
843 330 53 6 -

157 423 52 29 au
242 410 161 53 Papilio
430 409 253 53 podalirius,
715 408 69 50 qui
820 420 41 27 se
897 410 138 37 trouve
1066 405 327 42 communément

156 485 99 41 dans
277 486 37 38 la
341 485 100 39 forêt
474 483 48 41 de
542 482 331 51 Fontainebleau,
905 493 50 29 au
987 481 70 53 pré
1080 481 168 40 Larcher
1267 485 38 36 et
1325 493 90 36 sur.

157 559 58 40 les
242 562 144 36 cotaux
410 556 129 40 arides
565 555 48 41 de
636 554 131 53 Lardy
794 559 37 36 et
861 555 90 52 plus
971 560 201 34 rarement
1191 554 24 40 à
1234 553 156 53 Bondy,

156 630 263 47 l'Ille-Adam,
450 626 346 49 Saint-Germain,
831 630 95 47 etc.,
957 630 75 37 etc.
1067 628 41 39 Si
1141 626 83 40 l'on
1256 627 138 51 frappe

157 703 57 39 les
235 702 198 52 peupliers
461 702 67 52 qui
549 699 170 41 bordent
751 700 36 40 le
818 700 113 39 canal
967 699 49 40 de
1035 699 179 52 l'Ourcq,
1234 698 102 40 dans
1357 699 38 38 la

158 774 102 40 forêt
281 773 48 41 de
361 773 155 52 Bondy,
540 785 53 28 on
623 782 147 43 pourra
798 783 48 28 en
878 772 98 39 faire
998 771 156 40 tomber
1185 771 211 52 Gliiphisia

159 850 163 36 crenata
336 860 9 36 ;
383 846 101 39 dans
512 845 57 40 les
598 844 147 52 parties
768 842 186 41 humides
975 843 46 41 de
1052 844 36 39 la
1117 846 128 37 même
1265 844 119 47 forêt,

161 917 101 40 dans
298 919 119 39 celles
452 917 71 40 des
548 916 89 41 bois
669 915 47 40 de
742 915 190 49 Meudon,
957 915 48 41 de
1037 917 240 49 Vincennes,
1300 918 96 46 etc.,

161 1002 53 29 on
253 995 197 46 trouvera,
487 1001 49 28 en
571 987 159 41 battant
763 988 57 40 les
854 986 225 51 baliveaux,
1114 989 38 39 la
1189 989 210 51 Thyatyra

163 1063 103 41 balis
278 1077 14 35 ;
326 1064 32 38 si
388 1062 82 41 l'on
493 1062 128 48 visite,
644 1061 24 40 à
694 1061 37 39 la
762 1063 131 37 même
913 1060 170 53 époque,
1108 1061 57 40 les
1196 1060 203 40 clairières

164 1134 302 51 marécageuses
479 1134 71 40 des
569 1132 90 42 bois
678 1132 52 40 du
747 1132 153 49 Désert,
920 1133 23 40 à
963 1144 79 29 une
1062 1133 102 40 lieue
1181 1133 219 39 au-dessus

163 1206 49 41 de
232 1206 231 49 Versailles,
497 1218 48 28 en
566 1205 126 40 allant
719 1205 23 40 à
769 1206 186 47 Bouvier,
983 1209 38 35 et
1048 1205 117 40 celles
1196 1206 68 50 qui
1285 1205 112 39 avoi-

163 1279 133 40 sinent
328 1273 284 54 l'Étang-Vert
643 1277 101 40 dans
775 1277 59 40 les
864 1276 89 41 bois
980 1276 49 41 de
1062 1276 194 48 Chaville,
1292 1289 52 28 on
1375 1290 24 39 y

165 1352 256 38 rencontrera
444 1348 39 41 la
518 1349 181 40 Vanessa
732 1349 161 39 levana.
919 1349 112 40 Cette
1059 1348 155 53 espèce,
1237 1349 100 40 dont
1366 1350 37 40 le

166 1422 62 40 vol
250 1426 60 36 est
329 1433 109 28 assez
458 1421 154 52 rapide,
636 1422 104 39 aime
763 1420 375 53 particulièrement
1154 1422 36 39 le
1212 1419 102 43 bord
1330 1421 73 41 des

165 1495 224 39 ruisseaux.
414 1494 133 48 Enfin,
568 1493 102 40 dans
690 1497 92 36 tous
802 1493 56 39 les
879 1491 89 42 bois
989 1493 52 40 où
1059 1493 27 39 il
1107 1506 25 39 y
1150 1505 18 27 a
1194 1493 69 40 des
1283 1493 120 41 taillis

165 1566 49 41 de
241 1567 147 39 chênes
422 1569 38 37 et
494 1565 47 41 de
566 1564 218 51 bouleaux,
808 1577 52 28 on
880 1577 150 40 pourra
1063 1577 42 29 se
1133 1577 194 41 procurer
1348 1567 55 39 les

166 1639 236 40 Notodonta
433 1639 212 48 camelina,
682 1641 164 48 zigzag,
874 1640 38 38 et
943 1637 257 50 dictœoides;
1232 1641 38 36 et
1302 1638 102 40 dans

166 1712 57 39 les
243 1710 124 41 allées
400 1723 52 28 ou
471 1712 57 39 les
562 1712 248 49 quinconces
839 1709 156 54 plantés
1024 1721 51 29 en
1107 1710 217 52 peupliers,
1347 1711 58 39 les

167 1783 235 42 Notodonta
442 1784 202 51 tritophus
681 1786 39 37 et
757 1786 129 37 torva.
931 1784 61 38 En
1028 1782 159 40 battant
1232 1782 77 40 soit
1347 1782 57 40 les

168 1856 160 47 chênes,
352 1854 78 41 soit
461 1855 59 40 les
542 1856 148 47 hêtres,
712 1866 52 29 on
792 1859 96 48 peut
917 1854 160 53 espérer
1103 1854 48 40 de
1170 1857 236 38 rencontrer

169 1927 36 39 le
223 1926 235 40 Notodonta
480 1927 225 48 carmelita,
723 1926 142 53 espèce
883 1925 195 41 très-rare
1100 1926 102 39 dans
1222 1926 57 40 les
1294 1927 112 39 envi-

169 2010 96 28 rons
282 1997 48 41 de
347 1999 128 47 Paris,
499 2002 38 36 et
556 1999 68 50 qui
640 1998 65 40 n'a
726 2009 144 29 encore
887 1998 61 40 été
965 1997 165 41 trouvée
1152 2009 76 41 que
1249 1998 100 39 dans
1371 1999 37 39 la

169 2070 102 40 forêt
294 2070 49 40 (e
364 2069 139 52 Bondy
520 2084 9 37 ;
561 2069 99 40 dans
692 2070 57 40 les
783 2070 105 40 lieux
924 2068 165 54 peuplés
1121 2068 213 49 d'érables,
1357 2068 51 41 de

170 2143 182 51 platanes
391 2154 50 27 ou
485 2141 47 41 de
566 2153 256 40 sycomores,
859 2154 53 28 on
947 2142 92 39 abat
1079 2142 255 51 quelquefois
1372 2140 36 41 le

171 2214 233 40 Notodonta
443 2215 215 39 cucullina.
702 2216 76 38 Les
817 2215 229 39 meilleures
1095 2213 180 40 localités
1311 2225 99 42 pour

172 2290 104 36 cette
302 2287 154 51 espèce,
489 2286 128 53 plutôt
643 2298 145 41 propre
823 2287 23 40 à
880 2286 281 49 l'Allemagne,
1193 2290 105 44 sont,
1330 2297 78 28 aux

175 2359 186 39 environs
394 2359 48 40 de
470 2360 128 47 Paris,
627 2358 35 41 le
691 2357 89 42 bois
807 2358 48 41 de
887 2360 238 46 Vincennes,
1148 2361 39 37 et
1215 2358 195 51 quelques

175 2431 150 52 parties
345 2430 129 40 arides
495 2430 49 40 de
564 2430 39 40 la
624 2429 98 42 forêt
742 2431 48 40 de
817 2430 348 41 Saint-Germain.

230 2504 97 40 Vers
357 2503 36 39 le
425 2507 22 37 8
479 2515 50 28 ou
561 2507 48 37 10
642 2503 51 41 du
728 2506 129 38 même
886 2501 118 51 mois,
1040 2504 58 39 les
1128 2502 104 40 deux
1263 2502 145 52 sphinx
