1764 2996
639 346 57 10 —
722 323 79 42 145
828 344 52 10 —

1207 2593 22 36 9

149 429 48 44 de
214 431 41 41 la
274 428 107 56 côte)
398 430 171 43 souvent
585 428 85 50 nul,
687 432 39 38 et
737 438 81 31 une
836 424 228 44 bandelette
1080 423 187 52 blanche,
1281 423 95 43 bien

150 501 206 53 marquée.

220 573 25 45 ?
287 585 95 29 sans
400 572 120 42 duvet
549 575 243 44 cotonneux,
815 582 94 29 avec
928 581 80 29 une
1033 569 137 40 lunule
1201 569 174 40 centrale

151 648 112 39 noire
294 658 69 28 sur
391 645 58 41 les
478 644 268 54 supérieures.
770 643 239 42 Inférieures
1029 654 54 28 un
1105 653 73 42 peu
1200 641 175 48 sinuées,

151 733 94 28 avec
277 720 39 40 la
344 720 140 50 frange
503 719 248 40 blanchâtre.
777 719 174 40 Dessous
965 717 90 52 plus
1075 714 116 43 foncé
1210 727 95 29 avec
1322 716 58 40 les

152 794 133 51 points
306 793 111 40 noirs
439 791 70 42 des
532 789 255 56 supérieures
807 791 91 53 plus
919 801 107 41 gros.

205 865 177 41 Chenille
396 864 20 40 ?

205 943 308 51 Basses-Alpes,
537 942 181 41 environs
743 940 50 43 de
822 942 141 50 Digne,
987 940 158 50 Lozère,
1169 951 49 29 en
1232 940 93 52 juin
1344 944 39 37 et

149 1014 146 51 juillet,
313 1025 71 41 pas
407 1025 102 29 rare.

156 1107 254 47 LEFEBVREI,
435 1103 99 41 God.
562 1104 141 49 Dolus,
723 1103 76 40 Ilb.
823 1104 101 51 Dup.

207 1192 50 41 55
288 1201 45 32 m.
351 1193 109 40 Ailes
481 1192 97 40 d'un
605 1191 121 41 blanc
745 1192 183 40 bleuâtre
948 1190 128 41 satiné
1093 1194 39 37 et
1150 1191 230 52 chatoyant,

155 1276 94 29 avec
261 1276 79 29 une
351 1265 79 39 fine
445 1263 175 41 bordure
633 1267 38 36 et
684 1262 233 41 l'extrémité
929 1262 69 40 des
1014 1274 189 28 nervures
1216 1262 165 51 brunes;

156 1337 254 52 supérieures
441 1340 123 47 ayant
592 1346 68 28 sur
682 1336 36 39 le
751 1334 143 51 disqne
919 1346 56 27 un
1010 1333 117 41 duvet
1160 1338 224 36 cotonneux

155 1408 191 39 brunâtre
365 1420 10 38 ;
407 1406 168 40 dessous
604 1405 99 40 d'un
727 1405 147 41 cendré
890 1406 187 50 jaunâtre
1096 1416 96 29 avec
1212 1416 79 29 une
1318 1405 66 39 lu-

156 1480 95 49 nule
269 1479 175 40 centrale
474 1482 39 36 et
538 1490 56 28 un
615 1489 100 38 rang
736 1477 49 41 de
804 1478 136 51 points
959 1477 146 41 ocellés
1125 1479 111 39 noirs
1251 1490 10 36 ;
1278 1477 107 40 infé-

158 1549 152 41 rieures
339 1562 94 28 avec
467 1549 70 40 des
563 1550 160 39 lunules
750 1549 233 40 terminales
1013 1549 271 46 blanchâtres,
1306 1561 79 40 peu

157 1622 213 51 marquées
390 1625 40 37 et
449 1624 170 38 souvent
638 1633 80 29 une
737 1620 224 42 bandelette
979 1620 170 42 blanche
1168 1622 218 50 longitudi-

159 1694 104 39 nale.

233 1764 25 45 9
291 1766 126 40 brune
440 1777 94 29 sans
557 1764 121 41 duvet
702 1768 38 36 et
768 1764 37 42 le
828 1764 166 42 dessous
1007 1763 92 54 plus
1118 1764 130 42 foncé.

215 1836 177 42 Chenille
404 1849 49 28 en
469 1837 80 40 mai
564 1848 69 29 sur
652 1837 36 39 le
704 1836 176 40 sainfoin
898 1836 268 53 (Onobrychis
1183 1836 173 55 saliva).

217 1908 282 53 Département
532 1908 54 40 du
606 1909 79 39 Var
715 1919 49 29 en
787 1908 150 52 juillet,
964 1909 279 53 département
1270 1910 48 41 de
1348 1911 39 40 la

165 1982 160 47 Lozère,
348 1982 187 40 environs
554 1980 49 41 de
625 1980 157 49 Florac,
820 1979 54 41 fin
895 1981 49 41 de
960 1981 108 53 juin,
1079 1983 135 52 juillet
1234 1987 39 36 et
1291 1988 98 37 août

166 2064 109 29 assez
293 2063 207 29 commun.

168 2140 162 51 DAMON,
353 2142 41 40 S.
417 2143 45 38 V.
486 2140 102 42 God.

222 2233 93 40 35m.
339 2233 108 39 Ailes
475 2232 96 39 d'un
589 2231 94 42 bleu
703 2230 194 51 verdâtre,
919 2231 176 51 argenté,
1117 2231 164 41 brillant
1298 2244 95 31 avec

168 2317 80 29 une
277 2304 174 41 bordure
476 2304 143 47 brune,
649 2313 110 30 assez
778 2304 108 49 large
905 2315 78 28 aux
1012 2302 266 52 supérieures,
1304 2305 92 52 plus

171 2377 140 40 étroite
345 2387 78 28 aux
442 2374 251 49 inférieures,
717 2386 41 29 se
785 2374 256 41 rétrécissant
1069 2375 23 39 à
1117 2375 146 51 l'angle
1288 2378 107 49 anal,

173 2452 138 47 frange
340 2448 184 41 blanche.
547 2451 174 38 Dessous
743 2448 97 40 d'un
871 2447 146 42 cendré
1040 2449 210 52 jaunâtre;
1278 2450 122 52 supé-

174 2523 151 39 rieures
344 2531 94 30 avec
454 2533 80 29 une
553 2522 139 40 lunule
717 2521 177 40 centrale
915 2523 38 38 et
972 2530 80 30 une
1074 2518 101 42 série
1196 2519 49 41 de
1268 2522 137 52 points
