1764 2996
646 319 54 6 —
730 296 76 40 175
834 316 54 7 —

201 399 182 42 Chenille
405 410 50 29 en
471 396 81 41 mai
571 408 69 30 sur
653 396 38 40 la
719 395 114 41 Viola
849 398 205 37 montana.

150 496 92 39 Var.
265 495 90 44 Isis,
384 491 77 41 Hb.
484 493 104 51 Dup.

203 589 95 40 Plus
317 586 166 53 grande,
518 584 99 44 ailes
642 584 91 54 plus
764 584 183 49 entières,
968 584 91 52 plus
1089 583 225 53 arrondies,
1340 590 40 36 et

149 660 94 42 d'un
277 661 117 40 fauve
430 660 91 52 plus
554 659 68 40 vif.
665 658 175 40 Dessous
874 655 68 42 des
974 655 239 43 inférieures
1245 658 135 41 moins

148 733 147 51 chargé
325 733 49 40 de
404 743 149 39 rouge;
588 730 102 42 série
711 729 47 41 de
776 730 135 52 points
931 729 59 42 an
990 729 279 42 té-terminaux
1287 743 92 29 sou-

149 809 94 39 vent
261 817 79 41 peu
361 803 200 42 distincte.

200 887 27 30 o
248 879 90 52 plus
356 878 105 51 pâle,
482 877 89 51 plus
591 874 160 53 grande,
778 886 42 29 se
840 880 138 36 trouve
998 874 102 41 dans
1131 878 152 38 mêmes
1316 877 62 40 lo-

148 949 138 42 calités
318 961 77 39 que
432 948 131 48 Pales,
585 946 103 41 mais
709 950 61 37 est
787 947 92 52 plus
899 946 314 41 abondamment
1234 948 147 52 répan-

149 1022 77 41 due
245 1021 98 42 dans
364 1022 56 39 les
442 1020 293 51 Basses-Alpes
755 1030 78 40 que
852 1030 44 29 ce
912 1017 174 42 dernier.

147 1118 73 40 AB.
239 1119 27 44 9
284 1117 169 51 Napœa,
472 1114 76 41 Hb.

201 1211 201 51 Quelques
423 1213 162 36 auteurs
604 1210 72 38 ont
705 1206 127 41 décrit
850 1207 36 40 le
913 1212 34 39 <3
976 1205 47 42 de
1043 1210 103 38 cette
1165 1208 83 49 ab.,
1271 1210 102 39 mais

146 1296 102 28 nous
266 1279 320 53 n'avonsjamais
600 1292 52 28 vu
672 1291 76 40 que
769 1278 70 41 des
859 1279 202 51 femelles;
1085 1280 181 40 celles-ci
1286 1288 91 33 sont

144 1355 295 52 généralement
459 1354 90 51 plus
569 1351 172 52 grandes
763 1351 58 51 qu'
821 1351 104 51 [sis,
938 1352 60 39 les
1025 1351 137 40 taches
1183 1356 91 36 sont
1294 1354 90 51 plus

147 1440 175 39 grosses,
358 1431 38 35 et
435 1426 57 39 les
531 1425 98 40 ailes
671 1432 92 32 sont
800 1424 155 50 glacées
989 1423 48 40 de
1074 1425 92 39 noir
1199 1426 183 39 violâtre.

148 1503 174 38 Dessous
357 1498 70 40 des
459 1496 235 41 inférieures
715 1496 95 40 d'un
826 1495 125 53 jaune
974 1495 182 41 verdàtre
1177 1509 77 39 peu
1270 1509 111 28 mar-

147 1573 77 51 qué
245 1572 48 40 de
315 1582 122 38 rouge
457 1573 39 37 et
515 1581 94 29 avec
630 1570 58 39 les
716 1568 138 41 taches
874 1567 165 41 nacrées
1060 1568 90 52 plus
1173 1580 53 28 ou
1248 1570 138 39 moins

148 1644 226 48 oblitérées,
395 1644 90 51 plus
507 1654 88 28 rare
615 1645 38 36 et
672 1653 94 28 avec
784 1641 36 40 le
841 1644 108 48 type.

148 1747 92 39 Var.
263 1744 226 47 Arsilache,
512 1744 96 50 Esp.

201 1840 108 40 Ailes
328 1840 91 52 plus
438 1839 131 49 larges
595 1842 37 35 et
659 1837 91 52 plus
774 1835 210 41 arrondies
1004 1849 77 40 que
1109 1838 130 47 Pales,
1263 1836 121 53 supé-

148 1914 155 39 rieures
324 1912 131 39 moins
468 1911 139 49 aigues
627 1920 52 28 au
700 1913 186 43 sommet,
904 1909 129 40 coude
1057 1909 71 40 des
1145 1908 241 41 inférieures

147 1997 79 40 peu
250 1983 173 41 sensible
437 1997 9 37 ;
477 1982 138 39 taches
634 1982 135 39 noires
790 1981 89 53 plus
900 1992 159 39 grosses
1081 1984 160 36 surtout
1259 1992 70 28 sur
1350 1980 36 39 le

149 2058 156 49 disque.
337 2057 177 38 Dessous
548 2053 70 41 des
644 2053 233 40 inférieures
904 2052 221 41 semblable
1152 2052 167 51 jusqu'à
1349 2052 38 39 la

147 2129 132 41 bande
302 2132 226 36 transverse
548 2127 70 50 qui
648 2130 60 36 est
725 2126 91 52 plus
843 2126 211 50 régulière,
1080 2126 134 39 moins
1234 2123 154 42 coudée

148 2214 53 28 au
240 2201 165 48 milieu,
449 2199 36 41 le
517 2203 106 36 reste
652 2199 49 39 de
734 2199 105 40 l'aile
869 2202 60 36 est
961 2199 90 53 plus
1083 2196 229 54 saupoudré
1340 2197 49 40 de

149 2286 147 39 rouge;
316 2274 40 39 la
368 2272 132 41 bande
522 2272 97 39 d'un
637 2271 120 41 blanc
770 2271 168 40 violâtre
959 2283 24 38 y
1004 2274 60 35 est
1078 2269 94 40 bien
1191 2269 90 52 plus
1300 2268 84 40 dis-

150 2346 123 39 tincte
293 2359 9 37 ;
334 2345 58 39 les
422 2345 136 51 points
590 2343 177 40 formant
800 2353 79 28 une
913 2340 104 40 série
1049 2340 95 39 bien
1177 2340 207 46 continue,

151 2423 94 35 sont
275 2420 169 37 souvent
462 2415 187 53 pupilles,
673 2418 39 37 et
740 2415 38 38 la
803 2414 116 39 tache
933 2414 128 50 jaune
1088 2411 53 40 du
1162 2412 225 51 cinquième

151 2501 142 42 espace
326 2486 291 42 internervural
653 2490 59 37 est
746 2487 183 51 toujours
963 2484 133 41 moins
1124 2486 137 45 nette,
1294 2483 91 53 plus
