1780 3012
947 333 47 9 —
1031 314 76 40 152
1134 336 55 7 —

444 414 38 38 et
501 411 175 41 formant
687 423 81 30 une
781 413 141 52 espèce
942 411 49 42 de
1010 413 73 41 bec
1101 425 52 29 au
1170 412 141 43 dessus
1325 413 48 41 de
1384 415 38 39 la
1432 417 93 39 tête.
1544 417 133 40 Pattes

442 484 246 41 antérieures
721 484 48 41 de
794 486 37 39 la
862 486 158 40 femelle
1041 490 161 36 servant
1221 487 24 40 à
1263 488 38 39 la
1321 488 180 40 marche.
1527 489 150 41 Cellule

443 555 218 42 discoïdale
694 557 71 40 des
786 557 99 41 ailes
909 556 236 43 inférieures
1166 563 163 38 ouverte
1343 573 10 38 ;
1374 560 86 40 leur
1480 562 197 49 gouttière

442 630 115 40 anale
578 629 345 53 très-prononcée.

495 700 203 42 Chenilles
714 701 221 51 allongées,
953 714 95 29 sans
1062 702 153 53 épines.
1233 703 255 53 Chrysalides
1502 716 83 30 non
1605 717 71 28 an-

441 774 188 51 guleuses
643 785 95 30 sans
758 776 139 41 taches
914 776 268 50 métalliques.

818 912 120 35 Genre
962 913 235 42 LIBYTHEA,
1220 913 78 35 Lat.

499 1016 202 41 Chenilles
722 1017 192 48 inermes,
933 1016 219 51 allongées,
1173 1018 282 51 pubescentes,
1472 1021 76 38 tête
1564 1019 117 54 sphé-

440 1089 131 52 rique,
590 1090 133 40 vivant
740 1102 69 28 sur
828 1090 57 41 les
903 1089 136 41 arbres
1056 1089 53 41 du
1125 1101 122 40 genre
1263 1089 135 42 Celtis.
1419 1092 257 52 Chrysalides

438 1162 187 42 carénées
641 1175 70 28 sur
729 1163 37 40 le
784 1162 88 50 d03,
886 1161 216 42 terminées
1118 1162 341 43 antérieurement
1473 1176 50 29 en
1538 1166 138 51 pointe

439 1234 225 42 émoussée.
695 1236 122 40 Mâles
846 1247 93 29 avec
968 1238 140 49 quatre
1131 1240 130 48 pattes
1293 1237 301 49 ambulatoires,
1612 1238 59 40 fe-

438 1308 142 41 melles
610 1319 94 30 avec
725 1309 76 40 six.
825 1308 108 41 Ailes
954 1309 257 51 anguleuses.

440 1404 165 48 CELTIS,
630 1405 94 51 Esp.
748 1403 100 42 God.
872 1404 65 52 (pl.
963 1406 40 46 8,
1024 1404 66 49 fig.
1117 1403 62 53 1.)

491 1497 95 40 Midi
608 1497 49 41 de
677 1498 38 39 la
747 1499 153 39 France
938 1509 50 29 en
1021 1509 108 29 mars
1148 1501 38 38 et
1201 1497 91 53 juin
1313 1509 109 31 assez
1440 1511 230 30 commune.

492 1571 182 40 Chenille
707 1582 50 29 en
783 1571 115 48 avril,
921 1572 81 39 mai
1023 1575 40 37 et
1076 1570 153 53 juillet,
1253 1584 69 28 sur
1350 1573 36 39 le
1415 1573 258 42 Micocoulier

438 1642 148 45 (Celtis
605 1643 215 51 australis)
838 1658 10 37 ;
880 1646 38 38 et
935 1643 306 53 probablement
1269 1646 110 39 aussi
1407 1657 69 28 sur
1496 1646 178 43 d'autres

437 1716 154 49 arbres,
614 1727 69 29 car
702 1714 49 42 M.
776 1716 215 41 Guillemot
1007 1727 51 30 en
1072 1728 23 28 a
1114 1728 49 29 vu
1183 1717 110 41 voler
1309 1729 53 27 un
1385 1729 79 29 aux
1485 1720 186 41 environs

438 1787 49 42 de
507 1789 140 40 Florac
669 1788 168 52 (Lozère)
859 1790 51 39 où
928 1789 37 40 le
986 1790 257 39 Micocoulier
1263 1801 174 40 manque
1459 1792 216 52 complète-

443 1864 127 37 ment.
596 1862 31 39 Il
648 1873 22 29 a
690 1860 61 42 été
771 1861 139 41 trouvé
930 1862 110 41 aussi
1060 1873 52 29 au
1133 1862 258 42 Mont-Cenis
1420 1864 23 41 à
1466 1877 80 29 une
1565 1865 108 40 hau-

438 1936 91 38 teur
548 1934 52 40 où
621 1936 63 38 cet
704 1933 116 42 arbre
840 1945 52 30 ne
912 1938 101 36 croit
1026 1933 109 54 plus.

827 2144 368 41 APATURtD
1204 2144 69 41 jE.

709 2250 245 31 SUSPENDUS.
987 2261 53 7 —
1069 2250 214 38 SUSPENSI,
1317 2250 93 30 BDV.

492 2371 180 41 Chenille
694 2383 49 29 en
763 2371 127 41 forme
910 2371 48 40 de
978 2371 158 48 limace,
1158 2382 94 29 avec
1281 2371 39 39 la
1348 2372 77 38 tète
1441 2370 232 41 surmontée

442 2443 47 42 de
510 2447 142 49 quatre
674 2456 158 36 cornes,
850 2448 37 36 et
907 2445 36 39 le
963 2443 160 41 dernier
1137 2454 159 29 anneau
1312 2442 121 53 aplati
1449 2445 37 37 et
1503 2442 168 41 terminé

441 2528 50 30 en
511 2528 131 41 queue
661 2516 48 42 de
728 2517 180 54 poisson.
925 2515 237 55 Chrysalide
1178 2515 158 50 ovoïde,
1357 2514 111 51 lisse,
1500 2516 173 52 conique
