1804 3000
938 331 53 6 —
1019 312 80 37 210
1129 332 48 6 —

692 463 119 34 Genre
835 462 224 42 PARARGA,
1087 464 134 34 Herich
1243 464 180 39 Schaffer,

853 547 266 43 (VJCINICOLES,
1143 549 112 41 Dup.).

496 689 201 43 Nervures
712 692 151 40 costale
883 698 38 34 et
940 692 186 41 médiane
1144 693 91 52 plus
1265 705 53 28 ou
1349 695 135 40 moins
1512 695 170 43 renflées

443 762 24 41 à
485 762 90 41 leur
606 762 176 53 origine;
819 761 247 43 l'inférieure
1108 776 96 29 sans
1248 764 215 43 dilatation
1490 767 190 41 sensible.

443 835 208 40 Antennes
671 836 257 40 visiblement
948 836 189 41 annelées
1169 836 49 42 de
1248 836 119 42 blanc
1400 842 40 37 et
1468 838 216 42 terminées

443 919 74 41 par
534 919 58 28 un
617 907 156 41 bouton
792 910 220 50 pyriforme
1032 909 91 51 plus
1144 921 53 28 ou
1215 910 134 40 moins
1369 909 97 52 long
1486 915 39 37 et
1544 912 136 52 aplati.

444 982 112 38 Yeux
576 980 259 52 pubescents.
859 980 204 41 Chenilles
1082 981 283 52 pubescentes,
1385 982 302 50 généralement

442 1056 146 45 vertes,
628 1064 95 29 avec
762 1053 70 40 des
869 1055 105 39 raies
993 1054 317 50 longitudinales
1338 1053 92 53 plus
1451 1056 144 40 clairés
1631 1068 51 29 ou

444 1125 92 52 plus
565 1124 161 41 foncées
747 1128 38 37 et
808 1124 39 41 la
867 1129 78 37 tête
979 1126 234 50 globuleuse
1228 1142 11 28 ;
1272 1138 43 29 se
1341 1127 254 52 suspendant
1613 1140 73 41 par

444 1198 40 39 la
497 1209 131 40 queue
648 1209 102 40 pour
770 1210 42 29 se
832 1198 267 53 chrysalider.
1124 1199 260 52 Chrysalides
1417 1200 217 53 allongées,
1662 1201 25 40 à

446 1270 140 52 angles
601 1273 186 40 arrondis
817 1276 37 37 et
873 1273 23 40 à
916 1275 82 39 tête
1013 1273 249 51 globuleuse,
1285 1285 96 29 avec
1401 1273 106 42 deux
1519 1274 168 52 rangées

447 1344 49 40 de
509 1344 234 46 tubercules
761 1357 69 28 sur
849 1347 37 39 le
906 1346 88 41 dos.

500 1416 77 42 Les
605 1421 156 48 satyres
781 1417 50 41 de
852 1430 45 29 ce
916 1430 152 41 groupe
1083 1419 117 41 n'ont
1219 1419 129 51 qu'un
1368 1420 68 40 œil
1457 1431 70 29 sur
1544 1420 59 40 les
1623 1421 62 39 ai-

444 1491 60 40 les
525 1489 272 53 supérieures,
820 1492 104 39 mais
950 1491 51 40 ils
1030 1503 50 31 en
1101 1496 72 38 ont
1205 1491 188 53 toujours
1424 1493 94 51 cinq
1553 1504 53 28 ou
1624 1492 61 40 six

447 1574 71 29 sur
534 1562 59 41 les
607 1561 253 42 inférieures.
875 1563 63 40 On
953 1564 59 40 les
1026 1567 142 38 trouve
1184 1564 339 54 principalement
1536 1564 37 41 le
1590 1563 98 52 long

448 1634 70 42 des
537 1647 114 29 murs
671 1635 70 41 des
769 1636 248 43 habitations
1039 1639 40 38 et
1099 1636 101 43 dans
1219 1638 59 42 les
1298 1637 124 59 allées
1444 1637 70 46 des
1531 1637 105 41 bois.

446 1731 214 43 MAERAL.
683 1729 102 42 God.

502 1825 96 40 45m.
620 1824 108 41 Ailés
746 1824 100 40 d'ttft
862 1825 107 40 brlln
984 1824 206 53 jaunâtre,
1207 1829 98 39 avec
1322 1837 83 29 une
1422 1824 135 42 bande
1574 1829 111 38 ante-

447 1896 216 42 terminale
694 1897 220 41 maculaitè
952 1897 98 41 d'un
1082 1896 127 54 jaune
1249 1899 145 52 fauve;
1432 1898 257 53 supérienres

448 1973 123 49 ayant
603 1972 103 38 cette
736 1968 135 42 bande
903 1970 126 50 large,
1066 1970 153 53 coupée
1251 1971 336 40 intérieurement
1616 1983 74 41 par

446 2061 82 29 une
544 2050 109 50 ligne
667 2049 145 49 brune,
835 2051 39 38 et
894 2050 195 50 marquée
1109 2048 98 41 d'un
1227 2042 127 58 grand
1369 2050 67 39 œil
1452 2049 138 52 apical
1590 2049 99 52 noir

449 2125 40 37 et
504 2120 213 56 bipupillé,
741 2121 209 43 surmonté
979 2123 172 39 souvent
1186 2120 98 43 d'un
1319 2125 115 37 autre
1462 2122 224 52 très-petit.

447 2195 139 40 Bande
606 2194 71 41 des
697 2193 242 41 inférieures
960 2193 216 53 composée
1194 2193 49 41 de
1264 2198 143 47 quatre
1426 2194 141 41 taches
1585 2195 104 40 dont

448 2267 58 41 les
528 2266 105 42 deux
646 2268 139 40 anales
799 2266 209 42 arrondies
1021 2270 38 37 et
1073 2266 215 53 marquées
1301 2267 184 42 chacune
1502 2267 99 41 d'un
1622 2268 65 40 œil

448 2342 105 40 noir.
578 2342 178 39 Dessous
787 2339 71 42 des
878 2339 253 54 supérieures
1152 2339 92 53 plus
1265 2339 98 41 clair
1382 2351 95 30 avec
1508 2340 39 40 la
1578 2341 111 50 ligne

448 2415 70 52 qui
537 2412 170 55 précède
725 2414 114 48 l'œil,
860 2425 52 29 ne
931 2414 178 40 formant
1129 2413 116 53 point
1265 2412 159 51 d'angle
1443 2424 52 30 au
1514 2412 102 41 bout
1638 2412 50 41 de

447 2488 40 41 la
506 2488 156 41 cellule.
680 2488 177 40 Dessous
876 2486 70 41 des
966 2486 238 43 inférieures
1227 2485 98 43 d'un
1339 2486 82 54 gris
1447 2485 233 43 blanchâtre
