1776 2984
667 303 49 8 —
745 281 51 40 23
824 300 53 9 —

218 386 109 40 Dans
351 384 109 42 l'état
480 383 49 42 de
551 383 200 54 captivité,
772 384 38 41 la
827 384 121 40 laitue
972 388 39 37 et
1029 384 39 41 la
1089 385 181 41 romaine
1291 396 101 29 con-

162 459 193 39 viennent
375 455 367 54 particulièrement
760 457 24 40 à
803 457 38 40 la
859 457 159 53 plupart
1040 457 68 41 des
1127 458 192 40 chenilles
1340 457 49 41 de

162 529 241 42 noctuélites
433 529 120 51 qu'on
585 532 140 38 trouve
765 541 95 29 sous
889 530 57 40 les
974 530 156 40 feuilles
1162 530 153 49 sèches,
1340 542 49 29 en

166 606 191 36 automne
378 613 52 29 ou
449 613 51 29 au
520 606 346 37 commencement
887 601 52 41 du
955 603 236 52 printemps.

216 674 98 39 Mais
348 685 103 41 pour
478 674 39 39 la
553 672 160 55 plupart
745 672 71 42 des
836 678 134 37 autres
1003 674 191 41 chenilles
1220 674 97 41 c'est
1335 687 57 28 un

163 744 167 41 aliment
348 748 91 50 trop
460 757 159 40 aqueux
639 745 68 51 qui
734 745 163 42 relâche
917 747 59 40 les
992 747 137 49 tissus,
1153 749 38 38 et
1209 748 70 53 qui
1300 747 94 41 bien

164 821 168 38 souvent
347 817 118 41 étiole
487 818 189 40 d'avance
696 817 60 42 les
776 818 187 41 couleurs
983 818 49 42 de
1053 819 179 40 l'insecte
1249 819 146 52 parfait

168 902 77 39 que
259 890 39 40 la
317 889 173 41 chenille
510 888 86 42 doit
612 890 210 52 produire.

217 964 76 39 Les
319 962 195 41 chenilles
546 962 69 51 qui
643 962 164 41 doivent
840 962 214 42 s'enterrer
1087 966 136 37 seront
1243 962 153 42 élevées

165 1033 101 41 dans
286 1034 49 41 de
355 1034 151 51 grands
526 1045 123 39 vases,
673 1046 52 29 ou
746 1034 101 41 dans
867 1034 69 41 des
955 1039 91 49 pots
1067 1036 23 40 à
1109 1035 122 40 fleurs
1249 1035 23 40 à
1292 1034 105 41 demi

164 1107 163 52 remplis
342 1106 49 41 de
418 1111 106 36 terre
544 1106 48 41 de
611 1106 184 53 bruyère.
818 1107 91 41 Afin
931 1107 49 41 de
1000 1107 155 42 donner
1174 1106 48 41 de
1250 1107 90 40 l'air
1358 1110 39 38 et

165 1179 49 40 de
234 1178 39 40 la
303 1177 171 43 lumière
506 1190 78 30 aux
604 1179 213 51 chenilles,
847 1191 53 29 on
933 1181 183 40 couvrira
1149 1191 66 29 ces
1233 1183 90 49 pots
1343 1191 54 29 ou

166 1262 65 29 ces
262 1262 114 30 vases
407 1262 96 30 avec
525 1251 48 40 de
606 1250 39 41 la
665 1263 108 39 gaze,
796 1251 54 41 du
875 1263 170 30 canevas
1078 1264 52 29 ou
1163 1251 50 41 de
1231 1252 40 39 la
1302 1252 96 40 toile

166 1322 246 51 métallique.
452 1323 62 40 On
555 1334 98 28 aura
681 1324 90 40 soin
804 1335 51 28 en
888 1328 115 36 outre
1031 1323 204 41 d'étendre
1263 1334 69 30 sur
1358 1322 43 42 la

164 1397 105 37 terre
302 1394 98 40 dont
433 1406 105 28 nous
556 1406 154 29 venons
730 1395 48 40 de
797 1395 132 52 parler
960 1408 56 27 un
1045 1396 46 39 lit
1110 1395 49 41 de
1179 1407 162 29 mousse
1361 1398 40 37 et

166 1464 49 40 de
247 1466 155 40 feuilles
434 1466 149 51 sèches,
609 1467 82 40 afin
715 1478 78 40 que
825 1467 57 41 les
916 1466 193 42 chenilles
1128 1468 183 52 puissent
1340 1467 60 52 s'y

163 1535 139 41 blottir
321 1538 103 39 ainsi
446 1538 165 51 qu'elles
645 1543 70 36 ont
735 1538 221 41 l'habitude
975 1538 48 41 de
1051 1539 37 41 le
1120 1540 99 39 faire
1240 1538 101 41 dans
1360 1538 38 41 la

165 1614 154 37 nature.
357 1613 110 39 Nous
487 1612 338 41 recommandons
851 1616 159 37 surtout
1042 1624 45 30 ce
1118 1624 147 41 moyen
1297 1623 104 41 pour

164 1682 59 41 les
242 1683 190 40 chenilles
452 1683 50 41 de
536 1683 239 42 noctuélites
809 1685 123 51 qu'on
958 1696 43 29 se
1021 1696 90 30 sera
1140 1683 215 54 procurées
1376 1684 24 40 à

164 1755 118 41 l'aide
305 1755 49 41 de
386 1756 38 40 la
452 1767 129 42 nappe
614 1769 52 28 ou
696 1756 55 41 du
770 1757 206 52 parapluie
988 1771 10 38 ;
1022 1758 27 39 il
1074 1757 160 40 devient
1266 1756 133 41 indis-

164 1828 190 51 pensable
382 1840 103 40 pour
503 1829 58 40 les
580 1828 195 42 chenilles
795 1830 70 50 qui
888 1832 168 50 passent
1076 1829 141 41 l'hiver
1236 1829 23 41 à
1288 1829 110 41 l'état

167 1899 48 41 de
235 1900 200 52 captivité.

219 1973 107 40 Pour
346 1973 128 41 élever
495 1973 57 41 les
573 1974 161 53 espèces
755 1976 71 51 qui
848 1976 152 40 aiment
1019 1976 39 40 la
1077 1975 187 49 chaleur,
1286 1975 114 41 telles

165 2057 78 40 que
266 2045 59 40 les
354 2045 161 41 écailles
547 2046 241 54 (Cheloniaj
833 2051 39 37 et
905 2060 50 29 en
985 2047 159 51 général
1178 2051 133 37 toutes
1342 2047 59 41 les

165 2116 193 41 chenilles
386 2118 178 52 fileuses,
597 2120 28 39 il
654 2123 60 37 est
732 2120 220 52 préférable
983 2120 153 41 d'avoir
1168 2120 71 40 des
1270 2119 130 41 boîtes

167 2189 97 40 dont
293 2189 37 40 le
362 2191 207 41 couvercle
604 2193 78 39 soit
709 2204 173 41 presque
912 2193 110 39 aussi
1054 2191 171 54 profond
1255 2204 75 39 que
1361 2192 40 40 la

166 2261 109 40 boite
296 2262 224 42 elle-même
535 2278 10 38 ;
563 2275 56 29 on
635 2276 98 28 aura
750 2266 89 40 soin
860 2265 49 40 de
930 2265 227 52 supprimer
1175 2276 80 29 une
1275 2265 126 52 partie

167 2332 114 40 dudit
300 2335 207 40 couvercle
529 2338 38 38 et
586 2335 50 41 de
657 2337 39 40 la
715 2338 223 52 remplacer
959 2348 94 30 avec
1069 2336 48 41 de
1136 2337 38 40 la
1187 2348 92 39 gaze
1299 2335 101 41 fixée

167 2415 72 41 par
259 2404 48 40 de
326 2405 38 39 la
385 2407 114 39 colle.

220 2480 205 40 Certaines
447 2481 162 52 espèces
631 2485 70 51 qui
730 2484 134 41 vivent
886 2495 52 29 au
958 2489 171 36 sommet
1151 2484 70 42 des
1240 2490 159 38 monta-
