1756 3000
976 316 47 6 -
1056 294 51 40 64
1138 315 45 6 -

524 394 52 42 Le
598 394 169 54 Lycœna
783 407 125 42 argus
928 408 42 29 se
988 398 212 39 rencontre
1218 393 97 42 dans
1335 395 193 52 quelques
1549 396 150 51 parties

470 467 48 41 de
537 468 39 40 la
608 468 101 42 forêt
730 469 47 41 de
798 469 331 50 Fontainebleau,
1151 467 336 53 principalement
1518 467 100 40 dans
1642 469 57 39 les

468 542 188 40 environs
690 541 54 40 du
772 545 113 37 mont
917 539 326 43 Saint-Germain
1277 544 38 35 et
1353 540 102 39 dans
1485 541 56 39 les
1580 539 119 41 allées

467 614 189 40 voisines.
692 613 33 41 Il
759 626 41 28 se
829 618 141 36 trouve
1005 614 108 39 aussi
1146 612 276 52 quelquefois,
1457 612 103 39 mais
1589 623 110 28 rare-

470 689 121 46 ment,
628 686 100 40 dans
761 687 36 39 le
822 686 90 40 bois
945 685 49 40 de
1024 686 240 49 Vincennes,
1295 696 50 27 en
1377 684 237 52 compagnie
1647 682 52 40 du

468 758 171 52 Lycœna
665 771 130 39 œgon,
832 759 69 49 qui
938 762 59 36 est
1028 758 292 39 très-commun
1346 768 70 28 sur
1443 756 38 39 la
1512 758 186 44 terrasse,

468 835 112 37 entre
603 831 232 41 Charenton
856 833 38 38 et
915 829 260 41 Saint-Maur.

521 905 55 38 La
597 903 56 40 fin
670 903 50 40 de
729 903 135 52 juillet
882 904 83 39 voit
979 906 218 49 reparaître
1213 902 37 40 le
1271 900 158 54 Papilio
1447 899 251 54 podalirius,

466 975 38 41 la
526 975 239 53 Nyrnphalis
791 976 176 47 camilla,
997 976 39 38 la
1053 973 174 54 Lycœna
1257 974 132 52 hylas,
1410 974 38 38 la
1470 973 128 40 Pieris
1620 970 78 39 da-

461 1051 159 53 plidice,
656 1051 36 40 le
711 1049 240 55 Syrichthus
983 1062 72 28 sao
1086 1055 38 36 et
1153 1051 202 52 plusieurs
1384 1053 135 36 autres
1541 1049 161 52 espèces

465 1127 71 50 qui
557 1125 181 41 éclosent
756 1137 103 41 pour
876 1125 39 40 la
932 1126 195 51 première
1148 1124 78 41 fois
1242 1136 50 28 au
1313 1125 242 52 printemps.

519 1200 57 38 La
616 1200 177 38 Vanesse
838 1198 117 40 Carte
1002 1197 302 52 géographique
1350 1197 130 40 brune
1523 1196 180 41 Vanessa

465 1283 146 41 prorsa
642 1270 103 41 éclot
765 1271 23 40 à
805 1271 40 40 la
875 1271 56 39 fin
961 1269 50 42 de
1038 1270 149 52 juillet,
1210 1269 101 41 dans
1337 1270 56 39 les
1415 1272 153 37 mêmes
1588 1268 113 41 loca-

465 1343 91 41 lités
592 1355 78 39 que
707 1354 106 29 nous
851 1354 124 29 avons
1010 1342 210 52 indiquées
1257 1353 104 41 pour
1399 1353 45 28 sa
1481 1340 222 52 congénère

465 1414 183 52 Levana,
671 1416 69 51 qui
760 1415 94 41 n'en
869 1419 60 37 est
950 1416 150 50 qu'une
1116 1414 147 42 variété
1283 1413 260 53 printanière.

520 1487 108 40 C'est
653 1488 110 40 aussi
786 1488 36 39 le
848 1492 183 36 moment
1058 1487 48 41 de
1126 1486 256 53 l'apparition
1403 1485 48 41 de
1474 1487 38 38 la
1533 1485 171 52 Lycœna

468 1560 194 53 corydon.
688 1562 56 38 La
763 1560 157 40 femelle
938 1559 48 41 de
1006 1571 43 29 ce
1070 1560 292 51 Polyommate,
1384 1557 321 41 ordinairement

467 1633 192 48 noirâtre,
681 1644 120 40 passe
828 1636 171 37 souvent
1018 1644 52 28 au
1088 1630 276 42 bleu-cendre.
1391 1632 110 38 Cette
1523 1629 181 41 dernière

466 1704 151 41 variété
646 1709 61 36 est
740 1716 217 29 commune
996 1704 100 40 dans
1124 1704 57 40 les
1214 1714 198 40 garennes
1445 1702 148 40 situées
1632 1714 72 28 au-

469 1776 142 41 dessus
632 1778 49 39 de
702 1779 165 50 Lymay,
887 1777 90 52 près
993 1776 48 41 de
1059 1777 335 45 Saint-Sauveur,
1426 1775 22 39 à
1469 1775 97 39 trois
1599 1775 104 39 kilo-

469 1850 147 39 mètres
645 1849 50 40 de
714 1849 172 49 Mantes,
904 1861 69 28 sur
997 1853 133 36 toutes
1148 1848 57 40 les
1226 1848 164 40 collines
1407 1848 70 49 qui
1498 1846 209 41 dominent

470 1921 149 52 Lardy,
643 1925 38 36 et
714 1921 101 41 dans
845 1922 58 40 les
931 1920 204 42 clairières
1156 1920 48 40 de
1232 1920 38 39 la
1293 1920 100 39 forêt
1423 1918 48 41 de
1495 1920 213 40 Fontaine-

468 1993 132 41 bleau.

524 2067 107 40 C'est
660 2078 145 29 encore
832 2066 102 40 dans
955 2066 59 40 les
1034 2065 182 41 derniers
1235 2067 116 50 jours
1379 2066 48 38 de
1452 2063 135 53 juillet
1610 2063 96 54 qu'il

471 2139 190 41 convient
690 2138 48 40 de
772 2138 193 41 chercher
996 2138 37 39 la
1064 2137 225 53 Bryophila
1323 2138 115 51 aigre,
1469 2137 57 39 les
1551 2137 159 41 Cosmia

472 2211 146 51 diffinis
640 2215 38 36 et
699 2211 148 52 aflinis,
865 2214 138 37 contre
1024 2211 35 39 le
1074 2214 115 36 tronc
1206 2210 68 39 des
1295 2209 138 40 arbres
1450 2210 68 49 qui
1538 2208 171 40 bordent

472 2283 58 40 les
551 2288 153 43 routes,
727 2288 38 35 et
794 2283 336 52 principalement
1156 2295 69 27 sur
1246 2282 35 39 le
1313 2293 117 40 corps
1458 2280 71 40 des
1559 2292 147 28 ormes.

527 2357 56 37 La
605 2354 279 55 Callimorpha
904 2356 97 39 liera
1021 2355 103 41 éclot
1148 2355 177 52 pendant
1350 2356 38 38 la
1409 2354 192 39 canicule.
1625 2353 84 39 Elle

474 2426 96 41 était
594 2427 108 53 jadis
726 2428 317 41 très-commune
1075 2439 53 29 au
1150 2429 89 40 bois
1261 2428 48 40 de
1328 2427 222 50 Boulogne.
1577 2429 62 36 On
1660 2438 49 27 ne

475 2498 38 40 la
534 2502 215 38 rencontre
781 2501 252 39 maintenant
1061 2512 76 39 que
1169 2500 48 40 de
1245 2501 83 39 loin
1349 2512 48 28 en
1425 2500 82 39 loin
1528 2498 99 40 dans
1652 2498 56 40 les
