1776 2996
727 330 47 7 —
802 310 46 36 21
883 327 52 9 —

208 405 195 42 solitaires
435 407 38 39 et
505 403 166 43 cachées
705 416 97 29 sous
835 405 57 40 les
924 404 225 51 graminées
1182 407 38 37 et
1249 416 96 30 sous
1378 404 58 42 les

208 479 155 51 plantes
385 477 155 41 basses.
563 479 77 40 Ces
662 477 192 41 chenilles
874 489 50 29 ne
945 482 192 45 mangent
1167 489 77 39 que
1272 478 38 39 la
1330 479 104 47 nuit,

210 555 38 36 et
267 552 36 39 le
326 552 95 49 jour
440 550 96 40 elles
558 561 42 29 se
631 551 169 40 retirent
819 561 93 30 sous
934 549 70 41 des
1024 549 157 41 feuilles
1202 550 137 40 sèches
1360 561 78 28 aux

208 624 185 39 environs
424 621 49 41 de
508 622 41 40 la
581 621 135 53 plante
747 623 69 50 qui
847 622 57 40 les
936 623 170 38 nourrit.
1142 622 106 39 C'est
1278 622 52 40 ici
1360 632 77 40 que

205 695 151 50 l'usage
377 693 50 41 de
455 694 39 40 la
524 705 147 41 nappe,
707 694 54 40 du
782 694 206 52 parapluie
1007 696 38 37 et
1075 693 52 40 du
1157 693 83 40 filet
1263 694 24 39 à
1306 693 130 51 larges

206 767 153 40 mailles
372 766 161 41 devient
552 766 224 40 nécessaire
793 779 9 38 ;
829 777 52 29 on
897 766 84 39 fera
1000 765 70 40 des
1084 776 113 29 amas
1215 765 49 40 de
1281 764 154 40 feuilles

206 839 137 40 sèches
361 838 99 41 dans
480 839 36 40 le
530 839 208 49 voisinage
757 837 69 40 des
840 838 156 52 plantes
1009 838 52 40 où
1075 837 82 41 l'on
1177 848 259 42 remarquera

207 922 76 40 que
303 910 57 41 les
393 910 191 41 chenilles
616 914 72 36 ont
707 909 145 51 mangé
867 924 11 37 ;
901 922 53 28 on
975 921 193 29 secouera
1191 909 156 40 ensuite
1368 920 65 29 ces

205 988 60 36 tas
286 982 48 41 de
351 982 154 41 feuilles
524 994 49 29 en
610 982 132 41 divers
764 993 92 29 sens
872 996 10 37 ;
908 983 106 51 puis,
1037 982 115 52 après
1184 982 110 40 avoir
1312 981 122 52 rejeté

205 1056 54 40 les
280 1056 154 41 feuilles
451 1067 73 40 par
540 1054 191 53 poignées
748 1086 9 17 ,
788 1066 53 28 on
867 1055 231 40 examinera
1129 1054 37 40 le
1199 1053 97 41 fond
1316 1053 49 40 de
1396 1054 37 39 la

205 1140 129 41 nappe
354 1140 50 28 ou
421 1127 54 40 du
488 1127 225 53 parapluie,
730 1138 103 41 pour
851 1138 49 29 en
915 1127 140 39 retirer
1068 1126 58 39 les
1142 1125 193 41 chenilles
1348 1137 78 39 que

205 1212 65 29 ces
290 1200 175 40 diverses
504 1210 209 30 secousses
734 1211 25 40 y
779 1202 146 37 auront
946 1199 71 40 fait
1036 1198 170 40 tomber.
1230 1198 63 40 On
1326 1201 104 47 sent,

205 1272 53 41 du
283 1276 126 45 reste,
433 1282 78 40 que
530 1270 39 42 le
601 1270 149 41 hasard
778 1270 85 41 doit
888 1271 121 50 jouer
1041 1282 56 28 un
1130 1270 83 40 rôle
1232 1268 200 42 immense

204 1345 100 39 dans
322 1346 101 38 cette
449 1346 108 38 sorte
586 1342 49 40 de
654 1342 158 49 chasse,
841 1344 92 49 qui,
955 1353 50 29 en
1025 1341 178 51 échange
1223 1341 48 41 de
1301 1341 129 41 beau-

206 1428 103 41 coup
329 1416 50 40 de
402 1416 134 52 peine,
558 1414 135 41 donne
717 1416 170 39 souvent
906 1413 49 41 de
978 1413 226 41 médiocres
1222 1413 204 42 résultats.

204 1489 30 40 Il
255 1491 61 38 est
333 1488 85 40 vrai
439 1487 48 40 de
504 1487 105 50 dire,
640 1497 72 42 par
744 1487 318 52 compensation,
1083 1497 77 41 que
1181 1486 98 40 c'est
1302 1486 24 40 à
1350 1498 77 40 peu

201 1561 90 53 près
310 1560 37 40 le
367 1559 86 41 seul
474 1570 143 41 moyen
638 1558 123 51 qu'on
779 1559 138 51 puisse
938 1559 205 52 employer
1156 1570 102 40 pour
1278 1569 42 30 se
1333 1570 95 41 pro-

201 1644 115 30 curer
339 1643 80 29 une
437 1630 106 42 foule
570 1630 50 41 de
647 1631 191 40 chenilles
860 1631 48 39 de
934 1641 109 29 rares
1063 1631 257 40 noctuélites.

252 1705 134 40 Parmi
407 1704 57 40 les
486 1702 211 49 chenilles,
720 1702 27 39 il
767 1714 49 29 en
837 1706 58 36 est
915 1702 203 53 plusieurs
1146 1704 68 50 qui
1234 1714 42 29 se
1296 1713 128 30 nour-

199 1778 145 39 rissent
363 1776 311 40 exclusivement
698 1773 50 41 de
781 1775 160 49 graines
955 1789 10 34 ;
989 1775 178 40 d'autres
1197 1787 42 28 se
1268 1775 158 40 renfer-

200 1853 109 36 ment
341 1848 99 40 dans
478 1848 58 40 les
570 1847 165 51 siliques
774 1846 50 41 de
864 1847 197 40 certaines
1098 1846 324 53 légumineuses;

199 1921 189 48 d'autres,
410 1919 122 49 enfin,
565 1920 133 39 vivent
720 1918 100 41 dans
852 1919 58 40 les
943 1919 183 52 capsules
1156 1919 50 41 de
1225 1920 201 52 plusieurs

198 1990 313 55 caryophyllées,
533 1991 366 53 particulièrement
922 1990 100 42 dans
1042 1992 119 40 celles
1194 1991 69 41 des
1283 2003 143 39 genres

196 2065 145 49 Silene,
357 2063 186 54 Lychnis,
559 2063 294 53 Agrostemma,
867 2063 268 54 Gypsophila,
1149 2068 73 37 etc.
1242 2064 183 42 D'autres

198 2142 90 36 sont
325 2136 334 42 essentiellement
697 2135 213 52 lignivores
949 2148 53 28 ou
1041 2135 300 51 médullivores,
1383 2141 39 35 et

195 2211 131 39 vivent
354 2209 101 40 dans
485 2208 220 40 l'intérieur
740 2207 69 42 des
840 2207 153 50 arbres,
1029 2208 102 40 dans
1162 2209 39 39 la
1232 2210 81 49 tige
1352 2208 72 42 des

196 2292 170 29 roseaux
387 2280 75 53 (1),
485 2283 93 46 etc.,
596 2283 76 38 etc.
698 2279 330 52 Quelques-unes
1042 2279 132 42 vivent
1185 2280 48 41 de
1252 2281 168 48 lichens,

197 2354 177 50 d'algues
390 2365 50 29 ou
462 2357 133 37 autres
616 2354 156 53 plantes
793 2358 296 49 cryptogames.

238 2461 39 43 (1)
277 2461 40 43 Il
330 2462 48 32 est
393 2460 241 42 indispensable
643 2461 39 33 de
692 2462 205 33 reconnaître
912 2461 196 35 l'ouverture
1122 2470 63 34 que
1200 2463 47 33 les
1263 2463 157 35 chenilles

195 2517 57 31 ont
271 2513 167 43 pratiquée
458 2521 81 34 pour
560 2513 206 34 s'introduire
788 2514 82 34 dans
891 2514 48 34 les
957 2515 156 41 végétaux
1128 2530 8 27 ;
1160 2524 81 34 pour
1259 2518 122 33 arriver
1402 2518 18 32 à
