1776 2996
211 378 293 64 FAUNE
563 375 798 76 ENTOMOLOGIQUE

575 523 419 63 FRANÇAISE

335 973 239 61 UTILITÉ
608 984 80 49 DE
723 983 500 51 L'ENTOMOLOGIE.

214 1335 31 39 A
263 1346 50 29 ne
333 1333 231 41 considérer
581 1333 296 52 l'entomologie
896 1334 120 50 qu'au
1036 1334 115 52 point
1170 1333 49 41 de
1244 1345 76 29 vue
1340 1334 49 39 de

159 1406 212 39 l'amateur
406 1405 71 53 qui
515 1404 170 41 cherche
720 1404 221 40 seulement
979 1405 24 39 à
1035 1403 138 41 réunir
1209 1404 102 40 dans
1345 1416 45 28 sa

159 1477 212 41 collection
390 1477 36 39 le
455 1478 89 50 plus
564 1476 126 50 grand
712 1476 168 40 nombre
901 1476 202 52 d'espèces
1133 1476 98 51 qu'il
1252 1477 55 39 lui
1329 1481 60 36 est
1410 1498 9 11 -

159 1547 175 53 possible
360 1549 80 38 afin
472 1548 49 40 de
552 1549 57 40 les
641 1549 224 49 distinguer
887 1552 112 36 entre
1030 1548 110 48 elles,
1162 1548 36 40 le
1227 1546 72 42 but
1328 1552 60 36 est

157 1620 93 39 bien
269 1631 51 28 au
341 1619 168 40 dessous
530 1619 48 40 de
597 1619 123 40 l'effet
744 1620 96 50 qu'il
861 1620 179 52 produit.
1065 1620 69 40 S'il
1154 1631 234 30 commence

150 1694 136 48 jeune,
309 1695 101 36 cette
428 1690 119 41 étude
568 1691 35 40 le
623 1691 146 40 rendra
788 1691 257 41 observateur
1065 1695 39 37 et
1124 1691 263 53 développera

154 1775 44 28 sa
214 1763 194 40 mémoire
428 1774 94 29 sans
553 1763 39 39 la
615 1764 193 51 fatiguer;
831 1764 27 39 il
880 1763 181 41 étudiera
1080 1764 57 40 les
1165 1763 219 42 métamor-

155 1836 148 52 phoses
324 1838 38 37 et
381 1835 57 40 les
462 1847 152 28 mœurs
646 1835 48 40 de
715 1847 66 28 ces
802 1836 121 51 petits
944 1838 103 37 êtres
1061 1850 9 35 ;
1105 1836 27 39 il
1154 1836 231 52 appréciera

155 1908 58 39 les
243 1906 138 51 dégâts
399 1919 78 39 que
495 1911 166 36 causent
681 1909 37 38 la
736 1908 160 52 plupart
916 1908 154 41 d'entre
1090 1920 98 40 eux,
1224 1909 159 40 l'utilité

158 1980 48 39 de
241 1980 197 39 certaines
475 1980 174 51 espèces.
685 1981 62 38 Au
793 1980 81 39 lieu
911 1980 49 39 de
1001 1992 42 28 se
1080 1992 213 40 promener
1333 1993 50 28 en

155 2051 207 40 désœuvré
382 2052 28 39 il
443 2063 143 29 courra
604 2055 91 36 tout
712 2064 56 27 un
783 2051 109 52 jour,
923 2052 37 40 le
980 2052 81 40 filet
1089 2064 49 28 en
1159 2054 109 38 main
1289 2064 94 29 sans

155 2123 196 52 éprouver
378 2122 49 41 de
458 2123 206 40 lassitude.
705 2124 102 39 Sans
838 2123 184 41 s'arrêter
1054 2136 69 27 sur
1154 2124 228 41 l'influence

153 2195 197 40 heureuse
368 2207 77 39 que
464 2198 96 49 peut
591 2196 111 39 avoir
720 2207 69 28 sur
816 2195 38 40 la
876 2195 112 40 santé
1005 2227 10 16 ,
1053 2200 63 35 cet
1134 2197 177 39 exercice
1332 2208 49 29 en

153 2267 109 51 plein
282 2267 59 40 air
358 2278 51 29 au
441 2268 138 39 milieu
600 2267 48 40 de
676 2267 39 40 la
732 2278 219 42 campagne
966 2282 10 37 ;
1005 2267 92 52 quel
1117 2269 139 52 plaisir
1275 2269 105 40 lors-

154 2338 98 51 qu'il
279 2343 227 49 attrappera
525 2352 79 28 une
624 2340 139 52 espèce
783 2351 102 37 rare,
909 2340 131 51 quelle
1063 2341 86 51 joie
1169 2345 158 37 surtout
1346 2343 34 39 si

153 2411 74 39 elle
262 2414 61 37 est
355 2411 184 41 nouvelle
568 2423 104 41 pour
708 2423 45 29 sa
784 2412 236 48 collection,
1059 2424 44 28 ce
1139 2413 159 41 résumé
1330 2413 49 41 de

146 2485 134 37 toutes
302 2494 63 29 ses
387 2483 177 50 chasses,
587 2485 52 40 où
659 2485 28 39 il
705 2488 232 36 retrouvera
954 2484 92 52 plus
1059 2484 89 41 tard
1168 2486 58 39 les
1240 2485 136 53 jalons
