1732 3000
920 335 48 9 -
1005 312 48 42 78
1082 334 53 9 —

409 427 21 23 <t
460 415 156 38 rement
636 411 24 41 à
679 410 177 49 celle-ci,
878 409 187 53 l'épingle
1096 409 71 50 qui
1192 411 178 37 traverse
1401 406 36 41 le
1468 404 169 43 corselet

409 500 20 21 «
460 484 54 40 du
533 484 178 53 papillon
728 497 10 38 •,
773 483 92 52 puis
894 494 54 29 on
980 480 222 48 attachera,
1232 490 72 41 par
1324 490 71 29 son
1430 477 205 42 extrémité

410 570 19 26 «
459 556 254 48 antérieure,
745 556 24 40 à
800 554 119 41 l'aide
952 552 224 52 d'aiguilles
1209 553 25 40 à
1266 555 78 37 tète
1378 550 49 42 de
1457 551 81 41 cire
1585 562 51 29 ou

411 643 21 24 «
462 629 176 49 d'émail,
660 641 79 28 une
759 629 132 39 bande
911 627 49 41 de
978 628 153 51 papier,
1148 625 49 41 de
1215 626 119 50 façon
1356 625 145 51 qu'elle
1514 622 123 42 n'em-

408 714 20 27 «
459 702 123 53 pêche
614 713 72 41 pas
718 702 106 39 l'aile
858 700 231 52 supérieure
1126 698 49 40 de
1208 702 159 36 monter
1399 698 110 39 aussi
1539 697 97 39 haut

407 786 19 27 «
459 774 97 50 qu'il
577 777 59 37 est
657 773 226 41 nécessaire
900 787 10 37 ;
937 784 53 29 on
1008 772 72 40 fait
1108 771 185 40 mouvoir
1314 773 103 37 cette
1436 769 76 40 aile
1533 780 49 28 en
1600 769 37 40 la

408 857 20 27 «
457 850 173 47 prenant
662 845 249 50 légèrement
948 855 52 28 au
1017 866 18 6 -
1054 843 170 40 dessous
1264 842 48 40 de
1346 842 37 39 la
1416 841 220 53 principale

406 932 19 22 «
457 928 172 29 nervure
662 928 95 29 avec
789 916 39 40 la
860 916 138 54 pointe
1032 915 121 40 d'une
1183 915 163 50 aiguille
1379 912 259 43 emmanchée

405 1004 22 21 «
458 989 96 40 d'un
573 990 99 51 petit
700 987 125 42 bâton
839 1003 10 37 ;
884 992 38 37 et
955 999 103 41 pour
1085 998 79 40 que
1184 991 103 37 cette
1319 987 77 40 aile
1416 998 51 29 ne
1501 997 41 29 se
1572 984 68 41 dé-

405 1073 20 27 «
457 1072 123 39 range
606 1072 87 40 pas,
720 1072 54 29 on
806 1061 147 51 appuie
971 1060 39 39 la
1030 1058 132 41 bande
1194 1059 141 41 dessus
1368 1069 95 30 avec
1491 1057 149 41 l'index

406 1145 19 27 «
457 1133 49 40 de
527 1133 38 40 la
584 1134 111 39 main
714 1133 156 50 gauche
887 1147 9 37 ;
919 1144 54 29 on
994 1133 112 51 place
1127 1133 156 39 ensuite
1298 1131 105 40 l'aile
1425 1129 215 42 inférieure

405 1221 20 20 «
456 1210 38 35 et
515 1217 53 28 on
595 1206 37 38 la
653 1206 147 39 retient
829 1217 49 28 en
911 1206 193 51 position,
1127 1216 49 28 en
1209 1208 143 48 pesant
1384 1203 48 41 de
1452 1204 38 39 la
1509 1206 131 38 même

405 1291 19 22 «
456 1278 179 39 manière
655 1289 70 28 sur
744 1277 238 40 l'extrémité
1009 1277 253 52 postérieure
1283 1276 47 40 de
1352 1275 39 40 la
1409 1275 132 40 bande
1561 1287 77 39 que

406 1365 19 20 a
456 1350 81 40 l'on
569 1352 128 38 arrête
734 1361 95 29 avec
861 1361 81 28 une
980 1349 173 40 seconde
1186 1349 171 53 épingle.
1394 1349 62 39 On
1492 1349 72 39 fait
1601 1348 38 39 la

405 1435 19 22 «
457 1424 131 37 même
605 1421 123 40 chose
741 1433 104 40 pour
864 1422 58 39 les
943 1421 105 40 deux
1065 1421 98 40 ailes
1184 1421 55 39 du
1256 1420 87 41 côté
1359 1420 149 52 opposé
1529 1421 62 49 (1).
1615 1435 21 23 »

456 1494 62 39 On
539 1492 120 40 devra
678 1493 144 39 laisser
841 1492 59 40 les
920 1492 200 52 papillons
1147 1504 68 28 sur
1235 1493 57 39 les
1314 1491 163 41 étaloirs
1498 1495 86 36 tout
1602 1491 36 39 le

400 1569 129 48 temps
558 1566 70 49 qui
661 1576 89 28 sera
771 1564 226 41 nécessaire
1016 1576 104 41 pour
1139 1576 76 39 que
1244 1565 58 39 les
1330 1565 98 39 ailes
1456 1564 182 51 puissent

401 1637 155 40 sécher.
584 1637 29 38 Il
636 1637 86 39 faut
742 1648 51 28 au
824 1637 134 40 moins
980 1637 98 40 trois
1100 1637 200 40 semaines
1322 1648 100 40 pour
1441 1635 139 52 opérer
1600 1635 38 39 la

401 1709 245 39 viessicalion
662 1709 196 51 complète
872 1708 72 41 des
959 1710 170 50 Sphinx,
1143 1708 70 40 des
1229 1720 93 38 gros
1334 1708 275 51 Bombyx,etc.
1625 1721 9 37 ;

399 1781 142 50 quinze
556 1781 118 51 jours
695 1781 184 40 suffisent
900 1793 50 28 en
972 1780 162 51 général
1155 1792 103 42 pour
1285 1782 57 39 les
1364 1785 133 36 autres
1517 1780 120 52 Lépi-

399 1851 200 53 doptères.
621 1854 75 38 Les
714 1852 207 41 individus
943 1853 124 51 qu'on
1084 1865 98 28 aura
1200 1852 74 41 fait
1296 1853 181 40 ramollir
1496 1852 141 41 séche-

396 1928 92 36 ront
508 1924 211 53 beaucoup
739 1925 91 52 plus
849 1926 78 39 vite
949 1936 78 40 que
1049 1937 102 28 ceux
1171 1926 69 50 qui
1260 1928 147 37 auront
1429 1924 62 41 été
1512 1923 123 41 étalés

396 2007 70 28 sur
485 1996 36 40 le
552 1996 66 40 vif.
645 1997 59 39 On
736 2008 150 41 poùrra
918 1997 58 40 les
1008 1998 140 40 retirer
1179 1997 48 41 de
1261 1996 172 42 l'étaloir
1452 2008 52 28 au
1536 1996 99 41 bout

397 2067 123 42 d'une
540 2070 194 40 semaine.

450 2142 76 40 Les
544 2153 119 41 corps
685 2142 49 40 de
754 2141 212 53 beaucoup
987 2142 48 40 de
1055 2142 218 53 papillons,
1300 2146 38 37 et
1355 2141 279 54 particulière-

396 2216 112 37 ment
539 2225 102 29 ceux
660 2213 70 41 des
749 2213 258 53 Bombycites
1032 2218 39 36 et
1093 2215 48 41 de
1161 2216 198 40 certaines
1389 2213 245 42 Noctuélites

395 2287 194 38 tournent
618 2297 52 28 au
691 2297 107 40 gras.
831 2287 55 38 Le
907 2286 185 41 meilleur
1110 2287 162 40 remède
1292 2299 50 28 en
1367 2286 165 52 pareille
1551 2286 81 40 cir-

395 2362 235 44 constance,
659 2361 60 37 est
749 2358 223 50 d'enduire,
1000 2359 24 40 à
1052 2358 120 41 l'aide
1206 2358 97 41 d'un
1334 2358 109 51 léger
1461 2359 169 52 pinceau

436 2472 43 35 il)
516 2470 89 33 Nous
636 2480 100 24 avons
770 2472 172 41 emprunté
975 2473 19 33 à
1028 2472 122 35 Godart
1192 2473 84 33 cette
1311 2471 198 42 description
1541 2470 90 35 aussi

394 2525 114 33 exacte
530 2532 63 36 que
612 2525 143 36 concise.
