1776 2996
678 316 48 8 -
760 293 45 40 17
837 316 50 8 —

175 401 81 40 afin
278 400 151 41 d'avoir
447 400 182 51 toujours
649 409 95 29 sous
762 398 38 41 la
824 398 111 40 main
951 399 57 40 les
1030 397 177 54 épingles
1232 399 97 41 dont
1349 410 51 29 on

180 478 94 48 peut
303 474 111 39 avoir
431 473 153 40 besoin.

227 549 56 37 La
304 547 102 38 boite
426 546 25 38 à
473 543 170 55 épingle,
667 544 68 51 fig.
762 548 63 48 13,
851 547 80 38 sert
952 547 158 39 surtout
1143 546 23 40 à
1199 548 202 50 emporter

725 615 30 28 Fi
761 624 28 27 g.
812 618 42 25 13.

172 1035 81 28 une
281 1024 175 40 certaine
475 1022 181 52 quantité
677 1021 233 55 d'épingles,
946 1021 209 51 lorsqu'on
1183 1025 91 49 part
1292 1032 102 41 pour

169 1107 79 29 une
260 1096 226 53 expédition
502 1096 47 40 de
561 1096 200 52 plusieurs
770 1097 129 50 jours.
908 1095 75 41 Elle
983 1095 76 41 est
1070 1093 322 48 très-commode,

169 1178 117 40 parce
317 1168 123 50 qu'on
474 1180 23 27 a
531 1168 48 40 de
598 1167 104 41 suite
732 1171 91 37 tous
855 1168 58 40 les
940 1166 191 41 numéros
1161 1165 233 53 d'épingles,

170 1251 93 29 sans
283 1242 82 38 être
382 1240 130 51 obligé
532 1240 175 41 d'ouvrir
723 1241 201 51 plusieurs
944 1242 183 49 paquets.

222 1313 57 38 La
297 1312 183 39 bouteille
500 1313 48 38 de
568 1324 189 41 cyanure,
778 1316 59 36 est
856 1324 55 28 un
931 1312 133 40 flacon
1076 1311 24 40 à
1109 1311 110 50 large
1238 1310 152 50 goulot,

169 1396 50 28 au
238 1385 97 40 fond
355 1386 148 51 duquel
525 1391 57 36 est
600 1399 55 27 un
675 1391 164 48 tampon
866 1386 48 41 de
934 1389 135 45 coton,
1099 1397 94 30 avec
1207 1398 57 28 un
1284 1396 113 29 mor-

168 1469 98 29 ceau
310 1457 48 41 de
399 1470 176 40 cyanure
613 1457 50 42 de
704 1460 223 51 potassium
961 1470 51 29 au
1044 1460 137 39 milieu
1198 1473 10 37 ;
1237 1459 36 40 le
1308 1462 88 36 tout

168 1534 207 36 recouvert
396 1530 95 43 d'un
516 1532 137 51 papier
672 1532 92 51 fort,
788 1531 100 41 collé
906 1543 79 29 aux
1003 1532 135 51 parois
1159 1531 49 40 de
1227 1532 38 39 la
1290 1530 105 42 bou-

167 1602 106 41 teille
293 1607 39 36 et
361 1603 116 52 percé
496 1603 48 40 de
573 1608 112 36 trous
704 1616 103 40 pour
826 1607 215 49 permettre
1077 1604 287 51 l'évaporation
1384 1619 8 36 ;

167 1674 205 51 lorsqu'on
394 1675 125 52 prend
532 1687 54 28 un
607 1674 244 54 lépidoptère
865 1680 88 48 trop
970 1677 100 51 petit
1089 1679 39 37 et
1148 1679 90 48 trop
1257 1674 138 53 fragile

167 1758 102 40 pour
286 1749 83 38 être
385 1747 67 41 tué
470 1759 72 40 par
561 1748 58 40 les
644 1760 167 40 moyens
833 1748 248 48 ordinaires,
1102 1748 27 38 il
1163 1748 108 39 suffit
1290 1747 48 41 de
1360 1748 35 39 le

168 1826 141 37 mettre
340 1822 100 41 dans
463 1826 101 37 cette
582 1823 190 41 bouteille
799 1824 177 52 pendant
1005 1825 193 50 quelques
1220 1825 175 40 minutes

166 1905 103 40 pour
294 1894 96 50 qu'il
417 1895 77 40 soit
513 1895 310 53 complètement
841 1895 192 53 asphyxié
1059 1907 94 29 sans
1173 1898 83 38 être
1278 1895 116 42 frotté

167 1966 42 39 ni
229 1965 171 41 déchiré.

220 2040 56 38 La
312 2050 130 41 nappe
476 2041 60 38 est
564 2050 80 29 une
676 2039 110 53 pièce
813 2040 49 40 de
898 2041 95 40 toile
1032 2051 70 29 sur
1137 2041 171 51 laquelle
1342 2053 53 28 on

167 2121 144 29 secoue
331 2111 57 39 les
409 2111 141 49 fagots,
578 2122 53 29 on
653 2112 140 40 tamise
813 2113 56 39 les
889 2113 156 39 feuilles
1064 2112 153 50 sèches,
1245 2113 79 40 afin
1347 2113 48 41 de

166 2184 162 38 trouver
345 2182 58 40 les
427 2183 173 40 insectes
620 2184 70 50 qui
709 2184 59 51 s'y
799 2184 186 41 cachent.

220 2255 54 37 Le
295 2254 87 49 filet
402 2255 24 38 à
447 2255 134 51 larges
601 2255 156 41 mailles
778 2258 199 38 construit
1007 2256 101 40 dans
1128 2257 36 40 le
1184 2269 119 38 genre
1324 2258 71 41 des

169 2328 103 39 filets
305 2329 23 38 à
360 2329 145 51 pêcher
532 2330 37 39 le
599 2331 182 50 poisson,
816 2335 59 36 est
897 2331 49 40 de
975 2332 126 39 forme
1128 2333 264 52 cylindrique,

168 2399 125 40 fermé
327 2400 23 39 à
374 2400 107 40 l'une
519 2401 69 40 des
621 2402 253 51 extrémités,
910 2414 94 29 avec
1042 2415 91 36 une.
1160 2406 172 40 coulisse
1371 2406 22 40 à

166 2471 141 41 l'autre
341 2470 99 41 bout
467 2484 102 41 pour
596 2473 37 41 le
674 2475 105 41 clore
807 2475 24 40 à
858 2474 183 54 volonté,
1070 2477 123 41 tendu
1229 2477 100 41 dans
1356 2479 36 41 le
