1800 2996
678 333 52 9 —
759 313 78 40 213
862 332 55 8 —

190 423 89 39 Var.
299 422 135 40 Meone
454 420 76 41 Hb.
550 418 105 43 God.

242 519 144 40 Diffère
405 517 202 52 d'Ægeria
625 528 73 42 par
719 528 64 30 ses
805 516 136 41 taches
962 513 97 42 d'un
1079 513 114 41 fauve
1207 513 205 52 jaunàtre,

187 591 91 52 plus
298 590 185 52 grandes.
506 591 176 40 Dessous
701 589 97 40 d'un
815 592 70 37 ton
898 586 93 55 plus
1007 584 147 50 chaud,
1177 583 238 42 inférieures

186 664 91 52 plus
297 663 221 50 largement
537 662 190 40 violâtres

242 734 94 41 Midi
372 733 49 42 de
458 735 39 40 la
536 735 165 47 France,
741 735 164 47 Lozère,
939 733 226 50 Auvergne,
1209 732 94 46 etc.,
1343 741 72 41 pas

187 819 103 29 rare.

189 921 204 39 DEJANIRA
414 921 46 38 L.
483 917 103 42 God.
607 918 71 53 (pl.
706 921 61 44 16,
791 918 67 50 fig.
879 917 54 51 3).

244 1023 109 39 Cette
374 1021 138 53 espèce
532 1021 104 41 n'est
663 1032 72 41 pas
758 1031 87 30 rare
863 1019 103 41 dans
987 1022 44 37 T.
1052 1020 39 40 la
1109 1021 43 38 F.
1176 1020 85 40 Elle
1283 1019 136 41 habite

188 1094 59 41 les
269 1094 122 40 allées
412 1093 70 40 des
496 1093 89 40 bois
601 1091 213 52 ombragés
829 1095 38 38 et
881 1092 87 40 bas.
987 1093 82 39 Son
1089 1092 63 41 vol
1170 1096 61 36 est
1250 1091 170 42 saccadé

189 1169 40 38 et
248 1166 221 47 sautillant,
490 1165 73 40 elle
584 1177 42 28 se
646 1176 98 41 pose
764 1164 221 41 volontiers
1005 1176 69 29 sur
1093 1164 57 40 les
1172 1165 156 40 feuilles
1348 1164 71 40 des

188 1239 156 39 arbres.
368 1240 60 37 En
445 1236 104 54 juin.

244 1309 180 41 Chenille
444 1321 49 29 en
521 1308 116 47 avril,
659 1320 69 29 sur
747 1308 158 41 l'Ivraie
923 1309 174 48 (Lolium
1111 1309 214 53 perenne).

525 1503 118 34 Genre
668 1502 292 41 EPINEPHILE,
986 1502 41 34 H.
1053 1502 32 34 S.

612 1607 259 41 (HERBICOLES,
894 1606 110 41 Dup.).

250 1781 197 38 Nervures
469 1777 150 41 costale
650 1781 39 36 et
718 1775 185 42 médiane
943 1776 227 53 également
1197 1776 166 43 dilatées
1399 1777 20 41 à

192 1850 88 42 leur
300 1851 156 50 origine
471 1863 10 37 ;
498 1848 245 42 l'inférieure
764 1860 95 29 sans
885 1848 211 42 dilatation
1116 1850 188 40 sensible.
1336 1850 85 40 An-

196 1927 142 38 tennes
367 1923 24 39 à
410 1933 162 30 massue
603 1922 197 51 allongée,
823 1921 246 51 grossissant
1088 1921 335 42 insensiblement

195 1999 39 38 et
250 1994 253 43 confondues
523 2006 95 29 avec
638 1994 38 40 la
704 1995 96 50 tige.
824 1995 111 39 Yeux
955 1993 172 50 glabres.

248 2068 196 41 Chenilles
475 2067 281 53 pubescentes,
798 2066 126 51 grises
956 2076 53 30 ou
1047 2068 145 45 vertes,
1222 2077 98 29 avec
1351 2064 71 42 des

194 2139 103 42 raies
317 2138 331 53 longitudinales,
665 2142 39 37 et
722 2138 39 40 la
780 2141 78 38 tête
879 2138 235 51 globuleuse
1130 2152 10 37 ;
1182 2149 44 29 se
1248 2150 172 40 suspen-

197 2213 97 40 dant
312 2224 72 40 par
412 2212 40 40 la
480 2223 128 39 queue
642 2222 101 42 pour
775 2222 42 29 se
853 2210 279 40 transformer.
1165 2209 259 52 Chrysalides

196 2296 78 40 peu
305 2282 217 52 allongées,
545 2284 24 39 à
600 2283 140 50 angles
760 2281 200 49 arrondis,
984 2292 95 30 avec
1103 2281 39 39 la
1160 2283 79 38 tête
1256 2280 137 41 bifide.

253 2361 74 37 Les
349 2361 163 49 espèces
532 2357 49 40 de
614 2369 45 29 ce
679 2369 152 40 groupe
851 2356 116 41 n'ont
994 2356 149 51 qu'une
1174 2357 116 41 tache
1324 2369 101 29 ocu-

197 2430 99 40 laire
315 2441 70 29 sur
401 2430 59 40 les
480 2428 98 41 ailes
610 2429 266 52 supérieures,
903 2428 318 41 ordinairement
1247 2430 176 52 bipupil-

198 2501 80 53 lée;
292 2502 39 40 la
360 2500 33 56 Y
424 2501 48 41 de
498 2500 205 50 l'Eudora,
727 2502 67 51 qui
827 2513 49 28 en
909 2512 23 28 a
952 2499 118 51 deux,
1107 2500 71 42 fait
1196 2502 228 52 exception.
