1744 3012
1048 418 49 7 —
1130 391 75 45 los
1236 419 51 21 -r

555 493 169 57 rieures,
758 493 236 46 inférieures
1026 510 95 28 avec
1148 498 37 40 la
1214 493 175 46 bordure
1422 498 220 52 marginale
1672 500 66 41 noi

556 572 177 39 formant
765 572 107 39 deux
900 572 129 49 lignes
1047 571 224 52 parallèles,
1299 571 249 41 surmontées
1565 572 97 41 d'un
1686 586 55 28 rai

557 644 48 40 de
625 644 139 39 taches
783 655 148 41 rouges

609 715 258 51 Languedoc,
887 717 218 47 Provence,
1128 715 187 40 environs
1339 715 47 40 de
1407 716 140 50 Digne,
1570 728 49 29 en
1640 718 80 39 mai

548 787 344 53 juin,chenilleen
903 788 81 38 mai
998 792 38 35 et
1045 788 91 51 juin
1149 787 114 53 sur!'
1263 787 248 53 Arislolochia
1511 787 230 53 pistoloclti

609 859 55 40 Le
683 864 93 48 type
798 860 176 39 Rumina
994 871 51 28 ne
1063 871 41 28 se
1122 864 140 36 trouve
1281 870 71 42 pas
1371 871 50 29 en
1439 861 169 40 France.

556 959 165 38 RuMiNA
742 957 44 38 L.
819 957 94 39 Var.
936 955 264 49 Honnoratii,
1222 955 98 41 Bdv.
1341 956 81 47 (Pl.
1451 960 36 44 1,
1506 956 66 51 fig.
1596 955 23 41 3
1643 960 9 49 )

612 1053 113 39 Cette
768 1052 235 41 charmante
1042 1051 149 42 variété
1234 1052 67 40 n'a
1344 1063 144 29 encore
1527 1052 61 40 été
1625 1057 116 37 trouv

558 1124 150 51 qu'aux
733 1126 188 39 environs
941 1125 49 40 de
1011 1126 141 49 Digne,
1175 1137 54 28 on
1251 1124 179 40 l'obtient
1451 1136 49 28 en
1526 1124 157 42 élevant
1709 1138 25 27 u

558 1197 152 51 grande
729 1197 181 53 quantité
935 1198 49 41 de
1004 1199 193 41 chenilles
1218 1198 48 40 de
1286 1197 269 53 Medesicaste,
1575 1200 166 39 très-rai

911 1381 118 36 Genre
1052 1381 288 42 PARNASSIUS,
1362 1381 77 35 Lat.

614 1526 203 41 Chenilles
840 1526 130 50 lisses,
999 1525 272 55 cylindroïdes
1298 1527 157 40 munies
1481 1525 51 42 de
1555 1526 120 53 petits
1699 1538 39 27 m

561 1600 155 40 melons
736 1611 56 28 un
818 1611 78 41 peu
915 1599 113 42 velus
1042 1614 9 37 ;
1094 1604 51 35 1er
1166 1610 157 29 anneau
1344 1611 154 41 pourvu
1526 1598 98 41 d'un
1654 1602 85 37 tent

561 1672 89 40 cule
685 1684 50 28 en
770 1672 129 40 forme
921 1672 88 49 d'Y,
1033 1672 227 52 chrysalide
1305 1670 238 54 enveloppée
1582 1675 111 37 entre
1733 1671 8 39 1

561 1745 157 40 feuilles
733 1744 100 40 dans
852 1757 56 27 un
928 1744 108 51 léger
1050 1745 100 39 tissu
1170 1744 48 40 de
1238 1743 97 41 soie.

617 1819 81 38 Ins.
724 1817 103 52 parf.
851 1818 93 39 Tête
964 1818 137 52 petite,
1123 1817 139 53 palpes
1291 1816 88 53 plus
1396 1816 116 50 longs
1540 1828 77 39 que
1638 1817 38 39 la
1697 1820 44 36 tel

562 1901 117 41 corps
699 1889 110 53 épais
837 1890 106 48 velu,
971 1894 196 36 antennes
1188 1893 174 45 courtes,
1386 1901 50 29 en
1463 1900 162 29 massue
1653 1900 88 39 gros

562 1966 38 37 et
618 1963 158 48 ovoïde,
798 1962 201 41 abdomen
1018 1962 70 41 des
1116 1961 34 56 Ç
1164 1993 10 18 >
1201 1962 114 40 muni
1335 1961 119 42 d'une
1473 1961 128 53 poche
1627 1973 114 29 cornc

562 2063 189 47 APOLLO,
772 2062 44 38 L.
840 2061 71 48 (Pl.
933 2060 41 51 2,
996 2060 68 50 fig.
1090 2062 52 48 1.)

617 2158 92 38 80m.
752 2154 34 55 Y
831 2156 96 40 Plus
960 2155 153 51 grande
1143 2166 94 29 avec
1270 2153 58 42 les
1365 2153 136 41 taches
1533 2153 135 41 noires
1700 2153 39 53 pl

563 2239 186 42 grosses;
792 2227 208 41 extrémité
1021 2228 47 40 de
1101 2227 229 41 l'abdomen
1345 2238 178 40 pourvue
1547 2237 50 29 en
1624 2225 116 41 desso

564 2300 121 41 d'une
701 2300 129 53 poche
847 2300 160 50 cornée,
1027 2300 145 52 brune,
1191 2298 216 42 recourbée
1426 2310 50 29 en
1500 2297 154 41 dedans
1674 2298 24 39 à
1717 2309 24 28 s'

565 2371 222 42 extrémité.
821 2374 202 40 Commun
1049 2373 101 41 dans
1181 2373 57 40 les
1266 2372 133 52 Alpes,
1432 2372 57 39 les
1517 2369 214 54 Pyrénées,

563 2444 172 49 Lozère,
767 2445 262 52 l'Auvergne,
1066 2458 50 28 en
1144 2447 93 51 juin
1267 2449 39 36 et
1330 2444 157 52 juillet;
1522 2444 29 38 il
1581 2443 104 40 n'est
1720 2454 21 41 p

563 2527 90 29 rare
683 2528 83 29 non
799 2518 92 52 plus
927 2519 93 52 près
1056 2519 49 41 de
1137 2519 179 40 Ferrette
1358 2514 294 57 (Haut-Rhin).
1678 2515 63 40 Cel

564 2588 141 54 espèce
721 2592 108 40 varie
858 2591 226 55 beaucoup.
