1744 3000
989 371 51 13 —
1073 346 74 50 112
1176 376 52 9 —

485 452 192 45 n'offrant
700 468 79 39 que
808 457 195 51 quelques
1024 456 135 42 veines
1181 461 173 46 courtes,
1377 456 213 53 noirâtres,
1613 469 111 32 assez

490 541 216 28 commune
726 541 49 28 en
793 533 207 36 automne.

491 615 91 38 Var.
606 612 205 53 Bryoniœ,
829 613 119 40 Oclis.

544 703 74 39 Ab.
659 701 34 56 9
723 702 99 40 d'un
842 701 81 51 gris
941 703 189 51 jaunâtre
1151 702 160 49 obscur,
1342 715 95 30 avec
1456 705 57 40 les
1536 718 191 32 nervures

491 776 202 39 noirâtres
718 773 168 41 dilatées
906 786 51 28 en
977 774 159 41 dessus.

544 848 136 51 Alpes,
702 848 168 49 Vosges.
895 846 60 40 En
981 846 89 53 juin
1091 850 38 40 et
1142 845 148 53 juillet.

495 942 245 46 CALLIDICE,
761 941 98 51 Esp.

548 1035 94 42 42m.
674 1036 109 40 Ailes
803 1036 210 49 blanches,
1042 1041 174 36 sommet
1236 1036 70 41 des
1327 1038 255 53 supérieures
1603 1042 128 43 bordé

498 1110 49 39 de
576 1109 118 40 traits
726 1107 286 52 triangulaires
1044 1110 215 52 noirâtres,
1284 1111 188 52 précédés
1499 1114 233 44 intérieure-

497 1185 113 37 ment
641 1181 123 40 d'une
782 1181 113 51 ligne.
918 1182 160 40 sineuse
1101 1182 217 41 maculaire
1338 1183 48 41 de
1414 1185 39 40 la
1472 1188 131 40 même
1631 1201 101 31 cou-

497 1254 102 48 leur,
623 1253 170 41 dessous
826 1253 69 41 des
927 1253 238 41 inférieures
1199 1254 97 41 d'un
1325 1259 86 36 vert
1441 1256 163 53 obscur,
1635 1272 97 32 avec

505 1327 121 40 treize
644 1326 140 40 taches
805 1326 99 40 d'un
923 1326 119 40 blanc
1058 1327 191 51 jaunâtre
1269 1338 50 29 en
1338 1328 60 40 fer
1415 1327 49 42 de
1483 1330 141 43 flèche.

540 1397 56 57 ,9
625 1399 133 52 Ayant
785 1398 36 40 le
851 1398 141 41 dessus
1022 1398 70 41 des
1113 1403 142 47 quatre
1274 1400 96 40 ailes
1401 1401 127 44 bordé
1552 1416 74 41 par
1651 1417 81 30 une

499 1470 135 41 bande
664 1471 129 49 noire,
823 1469 151 42 divisée
1005 1482 79 28 aux
1115 1470 252 53 supérieures
1395 1484 73 41 par
1496 1474 71 42 des
1593 1477 140 42 taches

501 1542 285 51 triangulaires
816 1542 194 41 blanches
1034 1574 9 18 ,
1080 1546 39 36 et
1156 1554 79 29 aux
1273 1544 238 43 inférieures
1548 1559 74 41 par
1652 1562 82 30 une

504 1615 148 51 rangée
686 1615 48 40 de
770 1615 138 41 taches
941 1627 50 28 en
1024 1614 187 52 lozanges
1242 1614 49 42 de
1326 1616 37 41 la
1392 1621 130 39 même
1551 1621 182 44 couleur.

558 1688 136 51 Alpes,
716 1687 217 53 Pyrénées,
958 1699 47 28 en
1022 1687 134 53 juillet
1176 1693 40 35 et
1232 1691 110 38 août.

560 1759 182 41 Chenille
775 1771 50 29 en
848 1760 107 40 "août
988 1764 38 36 et
1058 1761 225 52 septembre
1318 1773 68 29 sur
1417 1763 59 42 les
1504 1766 231 55 crucifères,

505 1832 92 53 près
617 1832 71 41 des
704 1833 139 50 neiges
863 1832 210 42 éternelles

505 1929 244 51 DAPLIDICE,
772 1931 45 38 L.
851 1930 72 49 (Pl.
950 1933 40 46 2,
1011 1930 71 51 fig.
1106 1933 51 50 2).

560 2027 45 40 T.
628 2027 39 39 la
700 2027 63 49 F.,
799 2026 100 41 dans
927 2027 59 40 les
1013 2027 168 54 champs
1206 2028 171 44 incultes
1405 2036 39 37 et
1470 2031 267 59 sablonneux,

507 2102 170 38 souvent
710 2098 101 41 dans
836 2100 59 39 les
929 2099 168 54 champs
1127 2101 50 40 de
1203 2101 162 43 luzerne
1392 2116 50 28 en
1476 2107 95 50 mai,
1594 2107 88 54 juin
1699 2114 42 37 et

501 2171 149 53 juillet.
675 2171 180 41 Chenille
876 2183 69 29 sur
965 2171 59 41 les
1046 2173 215 41 crucifères
1282 2178 38 37 et
1350 2176 58 40 les
1432 2176 235 47 résédacées
1688 2192 52 32 en

501 2243 95 52 juin
616 2249 38 36 et
674 2244 242 53 septembre.

508 2327 93 41 Var.
625 2326 208 51 Bellidice,
854 2326 120 43 Ochs.

564 2415 95 39 Plus
685 2416 152 51 petite,
872 2414 176 42 bordure
1080 2413 70 43 des
1181 2414 252 55 supérieures
1463 2419 93 53 plus
1585 2419 155 57 étroite,

510 2487 91 53 plus
622 2486 254 53 saupoudrée
895 2487 49 41 de
963 2488 134 49 blanc,
1115 2488 169 42 dessous
1304 2490 70 41 des
1394 2492 237 44 inférieures
1645 2497 96 43 d'un

510 2562 87 40 vert
609 2559 91 54 plus
719 2560 89 51 uni,
830 2571 96 31 avec
940 2560 40 41 la
998 2560 133 42 bande
1150 2564 244 50 transverse,
1416 2566 219 44 maculaire
1653 2582 88 31 vers
