1704 2996
584 331 52 7 -
664 303 51 45 75
748 327 48 9 -

85 411 167 43 insectes
281 415 135 38 seront
450 411 88 51 déjà
564 409 210 41 desséchés
790 423 10 38 ;
831 408 120 49 alors,
982 407 26 41 il
1043 419 89 30 sera
1163 404 143 44 néces-

86 487 103 39 saire
221 486 47 39 de
289 486 56 38 les
377 484 97 39 faire
492 483 180 39 ramollir
690 493 102 41 pour
823 482 86 38 leur
939 480 144 40 rendre
1115 481 36 38 le
1186 479 120 51 degré

85 559 49 39 de
164 556 201 41 flexibilité
398 555 118 51 qu'ils
555 558 146 36 auront
734 553 125 52 perdu
876 567 10 37 ;
925 556 41 37 3°
1003 564 52 28 ou
1086 552 48 39 ils
1170 556 137 36 seront

84 640 142 29 encore
248 629 170 46 vivants,
450 630 38 36 et
518 626 105 40 alors
651 626 27 38 il
712 624 141 40 faudra
882 624 258 51 s'empresser
1170 623 49 40 de
1248 624 57 39 les

81 699 98 41 faire
195 701 165 48 mourir,
380 698 48 39 de
448 698 151 39 crainte
615 697 118 50 qu'ils
755 696 221 40 n'abiment
992 696 119 39 leurs.
1120 694 96 41 ailes
1233 707 73 40 par

80 772 58 40 les
158 771 136 40 efforts
313 770 117 51 qu'ils
457 769 171 40 feraient
648 779 99 41 pour
762 779 43 28 se
834 768 172 49 dégager
1025 766 69 40 des
1119 766 179 40 étaloirs.

134 845 107 38 Pour
267 842 98 39 faire
385 841 178 39 ramollir
590 841 57 39 les
679 840 213 51 papillons,
923 851 52 28 on
1004 840 57 38 les
1092 840 121 50 pique
1235 851 70 27 sur

81 915 53 39 du
150 915 90 51 grès
261 912 175 49 mouillé,
458 924 50 27 au
529 912 97 40 fond
647 912 97 39 d'un
764 922 94 29 vase
876 912 69 49 qui
964 912 125 39 ferme
1108 911 195 40 herméti-

81 989 202 48 quement.
303 983 226 41 Observons
544 983 222 40 seulement
786 983 96 50 qu'il
903 986 60 36 est
983 982 69 40 des
1073 982 161 52 espèces
1256 982 47 40 de

80 1057 283 53 Lépidoptères
378 1056 93 40 chez
496 1056 211 50 lesquelles
722 1056 58 38 les
802 1066 190 29 nervures
1011 1054 70 40 des
1100 1054 97 40 ailes
1213 1061 91 33 sont

79 1131 34 39 si
141 1129 188 52 épaisses,
353 1139 78 39 que
454 1127 36 40 le
514 1127 334 39 ramollissement
879 1137 50 29 ne
956 1129 95 48 peut
1076 1125 112 40 avoir
1221 1125 83 40 lieu

77 1202 150 52 parfois
254 1199 119 52 qu'au
391 1199 99 40 bout
510 1199 48 39 de
583 1199 260 50 ving-quatre
872 1201 39 37 et
930 1200 130 38 même
1081 1197 49 41 de
1149 1201 152 37 trente-

78 1274 60 39 six
164 1273 160 39 heures.

133 1345 31 38 Il
183 1357 24 38 y
221 1355 23 28 a
257 1344 200 51 plusieurs
476 1354 168 40 moyens
667 1343 48 38 de
735 1343 97 38 faire
852 1341 154 40 mourir
1024 1341 57 39 les
1100 1340 203 53 Lépidop-

77 1417 119 48 tères,
215 1417 36 38 le
276 1416 174 51 premier
475 1414 175 41 consiste
671 1416 23 38 à
716 1415 83 39 leur
818 1413 188 40 enfoncer
1025 1412 277 50 longitudina-

75 1490 166 42 lement,
262 1499 49 28 en
327 1487 166 40 dessous
509 1486 47 40 de
576 1487 37 39 la
627 1488 91 46 tête,
735 1497 80 28 une
835 1485 162 50 aiguille
1017 1496 51 28 ou
1089 1497 80 28 une
1190 1485 112 52 épin-

77 1562 84 51 gle,
200 1559 114 53 après
349 1559 138 40 l'avoir
524 1557 313 53 préalablement
875 1556 177 53 trempée
1091 1556 99 40 dans
1220 1568 81 28 une

77 1633 176 45 solution
270 1631 49 40 de
340 1642 120 28 savon
480 1630 192 40 arsenical
694 1641 51 28 ou
764 1629 48 40 de
837 1629 115 40 tabac
973 1629 20 39 à
1013 1629 131 39 fumer
1159 1628 141 52 délayé

78 1705 100 40 dans
198 1704 47 39 de
263 1703 152 52 l'esprit
435 1702 47 40 de
501 1703 82 40 vin.

131 1778 53 38 Ce
215 1787 147 39 moyen
393 1774 147 39 réussit
572 1773 282 52 parfaitement
882 1783 101 41 pour
1014 1772 98 40 faire
1146 1772 155 39 mourir

77 1849 39 39 la
141 1848 162 52 plupart
335 1847 68 39 des
437 1845 284 52 Lépidoptères
739 1859 10 37 ;
784 1845 101 39 mais
910 1844 26 39 il
975 1848 59 36 est
1067 1844 233 40 insuffisant

78 1932 104 41 pour
200 1920 56 39 les
276 1919 153 51 Sphinx
447 1923 39 36 et
511 1918 57 39 les
593 1916 267 52 Bombycites,
885 1920 38 36 et
947 1928 49 28 en
1019 1915 159 51 général
1197 1928 103 40 pour

81 1993 58 40 les
161 2002 156 41 grosses
345 1991 159 51 espèces
526 1989 69 51 qui
622 1992 70 37 ont
718 1989 38 38 la
781 1989 62 39 vie
872 1988 111 40 dure.
1007 1989 33 38 Il
1068 1989 86 39 faut
1176 1989 119 49 donc,

78 2064 100 40 dans
194 2075 43 29 ce
252 2074 82 37 cas,
354 2063 178 40 recourir
550 2062 24 39 à
592 2072 79 28 une
687 2064 113 36 autre
815 2060 201 48 méthode,
1033 2062 69 50 qui
1127 2061 171 40 consiste

77 2137 24 40 à
119 2137 86 39 leur
219 2135 202 48 enfoncer,
444 2135 182 51 toujours
647 2145 49 28 en
718 2132 168 41 dessous
907 2133 48 40 de
975 2134 38 38 la
1029 2136 92 45 tête,
1145 2136 37 36 et
1198 2132 99 41 dans

78 2212 35 39 le
134 2222 91 27 sens
245 2207 281 51 longitudinal,
549 2207 101 39 mais
670 2206 222 40 seulement
913 2206 20 39 à
953 2217 80 28 une
1052 2205 247 52 profondeur

75 2284 49 39 de
142 2286 23 38 3
187 2283 23 39 à
231 2282 23 39 4
278 2282 127 49 lignes
435 2292 49 28 au
515 2280 103 52 plus,
640 2290 80 28 une
747 2277 157 52 épingle
934 2277 148 50 longue
1112 2277 49 40 de
1191 2276 49 40 22
1274 2278 23 39 à

74 2355 51 41 24
153 2355 126 49 lignes
310 2355 74 49 (1);
417 2353 85 40 cela
532 2352 87 48 fait,
643 2362 52 29 on
724 2349 158 41 tiendra
902 2349 36 40 le
970 2348 177 54 papillon
1167 2361 72 40 par
1259 2350 36 40 le

113 2451 40 40 (1)
176 2450 88 33 Nous
284 2447 265 35 recommandons
569 2447 122 41 l'usage
705 2446 56 33 des
782 2446 134 41 longues
939 2444 156 42 épingles,
1119 2453 95 33 parce
1234 2453 62 32 que

71 2505 29 35 si
114 2504 65 35 l'on
196 2512 36 26 se
249 2501 119 36 servait
386 2501 175 43 d'épingles
577 2501 75 43 plus
675 2502 143 40 courtes,
835 2500 31 34 le
885 2499 144 43 papillon
1049 2499 188 43 risquerait,
1254 2508 39 25 en
