<?xml version="1.0" encoding="utf-8"?>
<alto SCHEMAVERSION="alto_bnf-v2_0" xmlns="http://www.loc.gov/standards/alto/ns-v3#" xmlns:xlink="http://www.w3.org/TR/xlink" xmlns:xsi="http://www.w3.org/2001/XMLSchema-instance" xsi:schemaLocation="http://www.loc.gov/standards/alto/ns-v3# http://bibnum.bnf.fr/schema/alto_bnf-v2_0.xsd">
  <Description>
    <MeasurementUnit>pixel</MeasurementUnit>
    <sourceImageInformation>
      <fileName>00000161.jp2</fileName>
      <documentIdentifier documentIdentifierLocation="IFN">9612399</documentIdentifier>
    </sourceImageInformation>
    <OCRProcessing ID="OCR_1">
      <ocrProcessingStep>
        <processingDateTime>2015-10-09</processingDateTime>
        <processingStepDescription>[001_OCR_BRUT]OCR BRUT 99.85 %</processingStepDescription>
        <processingStepDescription>[002_CHARS]{1141}</processingStepDescription>
        <processingStepDescription>[003_CHARS_USED]{1073}</processingStepDescription>
        <processingStepDescription>[004_CHARS_SUSPECTS_USED]{0}</processingStepDescription>
        <processingStepDescription>[005_CHARS_UNUSED]{68}</processingStepDescription>
        <processingStepDescription>[006_CHARS_SUSPECTS_UNUSED]{0}</processingStepDescription>
        <processingStepDescription>[007_STRINGS]{224}</processingStepDescription>
        <processingStepDescription>[008_STRINGS_USED]{224}</processingStepDescription>
        <processingStepDescription>[009_STRINGS_SUSPECTS_UNUSED]{0}</processingStepDescription>
        <processingStepDescription>[010_CHARS_LETTERS]{1073}</processingStepDescription>
        <processingStepDescription>[011_CHARS_PUNCTUATION]{60}</processingStepDescription>
        <processingStepDescription>[012_CHARS_DIGITS]{6}</processingStepDescription>
        <processingStepDescription>[013_CHARS_SUSPECT]{0}</processingStepDescription>
        <processingStepDescription>[022_CHARS_UNUSED_BY_BLOCK]{0}</processingStepDescription>
        <processingStepDescription>[023_BLOCKS_SUSPECTS]{0}</processingStepDescription>
        <processingStepDescription>[111_LIGS_DETECTED_CURV]{0}</processingStepDescription>
      </ocrProcessingStep>
    </OCRProcessing>
  </Description>
  <Styles>
    <TextStyle FONTFAMILY="Times" FONTSIZE="9" ID="TXT_5"/>
    <TextStyle FONTFAMILY="Times" FONTSIZE="8" ID="TXT_7"/>
  </Styles>
  <Tags>
    <OtherTag ID="TAG_importantEN" LABEL="important" TYPE="EN"/>
  </Tags>
  <Layout>
    <Page ACCURACY="99.85" HEIGHT="2996" ID="PAG_00000161" PHYSICAL_IMG_NR="161" PRINTED_IMG_NR="155" QUALITY="OK" WIDTH="1764">
      <TopMargin HEIGHT="400" HPOS="0" ID="PAG_00000161_TopMargin" VPOS="0" WIDTH="1764">
        <TextBlock HEIGHT="40" HPOS="690" ID="PAG_00000161_TB000001" LANG="fr" STYLEREFS="TXT_7" VPOS="307" WIDTH="242">
          <TextLine HEIGHT="40" HPOS="690" ID="PAG_00000161_TL000001" STYLEREFS="TXT_7" VPOS="307" WIDTH="242">
            <String CONTENT="—" HEIGHT="7" HPOS="690" ID="PAG_00000161_ST000001" STYLEREFS="TXT_5" VPOS="328" WC="1" WIDTH="53"/>
            <SP HPOS="743" ID="PAG_00000161_SP000001" VPOS="307" WIDTH="33"/>
            <String CONTENT="155" HEIGHT="40" HPOS="776" ID="PAG_00000161_ST000002" STYLEREFS="TXT_7" VPOS="307" WC="1" WIDTH="75"/>
            <SP HPOS="851" ID="PAG_00000161_SP000002" VPOS="327" WIDTH="29"/>
            <String CONTENT="—" HEIGHT="8" HPOS="880" ID="PAG_00000161_ST000003" STYLEREFS="TXT_7" VPOS="327" WC="1" WIDTH="52"/>
          </TextLine>
        </TextBlock>
      </TopMargin>
      <PrintSpace HEIGHT="2156" HPOS="181" ID="PAG_00000161_PrintSpace" VPOS="400" WIDTH="1269">
        <TextBlock HEIGHT="127" HPOS="200" ID="PAG_00000161_TB000002" LANG="fr" STYLEREFS="TXT_7" VPOS="400" WIDTH="1226">
          <TextLine HEIGHT="53" HPOS="204" ID="PAG_00000161_TL000002" STYLEREFS="TXT_7" VPOS="400" WIDTH="1222">
            <String CONTENT="transverse" HEIGHT="36" HPOS="204" ID="PAG_00000161_ST000004" STYLEREFS="TXT_7" VPOS="408" WC="1" WIDTH="227"/>
            <SP HPOS="431" ID="PAG_00000161_SP000003" VPOS="403" WIDTH="20"/>
            <String CONTENT="des" HEIGHT="41" HPOS="451" ID="PAG_00000161_ST000005" STYLEREFS="TXT_7" VPOS="403" WC="1" WIDTH="70"/>
            <SP HPOS="521" ID="PAG_00000161_SP000004" VPOS="402" WIDTH="20"/>
            <String CONTENT="inférieures" HEIGHT="41" HPOS="541" ID="PAG_00000161_ST000006" STYLEREFS="TXT_7" VPOS="402" WC="1" WIDTH="236"/>
            <SP HPOS="777" ID="PAG_00000161_SP000005" VPOS="412" WIDTH="13"/>
            <String CONTENT="manque" HEIGHT="40" HPOS="790" ID="PAG_00000161_ST000007" STYLEREFS="TXT_7" VPOS="412" WC="1" WIDTH="173"/>
            <SP HPOS="963" ID="PAG_00000161_SP000006" VPOS="400" WIDTH="20"/>
            <String CONTENT="complètement." HEIGHT="53" HPOS="983" ID="PAG_00000161_ST000008" STYLEREFS="TXT_7" VPOS="400" WC="1" WIDTH="321"/>
            <SP HPOS="1304" ID="PAG_00000161_SP000007" VPOS="401" WIDTH="23"/>
            <String CONTENT="On" HEIGHT="40" HPOS="1327" ID="PAG_00000161_ST000009" STYLEREFS="TXT_7" VPOS="401" WC="1" WIDTH="62"/>
            <SP HPOS="1389" ID="PAG_00000161_SP000008" VPOS="413" WIDTH="14"/>
            <String CONTENT="y" HEIGHT="40" HPOS="1403" ID="PAG_00000161_ST000010" STYLEREFS="TXT_7" VPOS="413" WC="1" WIDTH="23"/>
          </TextLine>
          <TextLine HEIGHT="54" HPOS="200" ID="PAG_00000161_TL000003" STYLEREFS="TXT_7" VPOS="473" WIDTH="826">
            <String CONTENT="voit" HEIGHT="41" HPOS="200" ID="PAG_00000161_ST000011" STYLEREFS="TXT_7" VPOS="476" WC="1" WIDTH="82"/>
            <SP HPOS="282" ID="PAG_00000161_SP000009" VPOS="475" WIDTH="17"/>
            <String CONTENT="seulement" HEIGHT="41" HPOS="299" ID="PAG_00000161_ST000012" STYLEREFS="TXT_7" VPOS="475" WC="1" WIDTH="222"/>
            <SP HPOS="521" ID="PAG_00000161_SP000010" VPOS="476" WIDTH="19"/>
            <String CONTENT="quelques" HEIGHT="51" HPOS="540" ID="PAG_00000161_ST000013" STYLEREFS="TXT_7" VPOS="476" WC="1" WIDTH="194"/>
            <SP HPOS="734" ID="PAG_00000161_SP000011" VPOS="475" WIDTH="17"/>
            <String CONTENT="poils" HEIGHT="52" HPOS="751" ID="PAG_00000161_ST000014" STYLEREFS="TXT_7" VPOS="475" WC="1" WIDTH="103"/>
            <SP HPOS="854" ID="PAG_00000161_SP000012" VPOS="473" WIDTH="18"/>
            <String CONTENT="blancs." HEIGHT="41" HPOS="872" ID="PAG_00000161_ST000015" STYLEREFS="TXT_7" VPOS="473" WC="1" WIDTH="154"/>
          </TextLine>
        </TextBlock>
        <TextBlock HEIGHT="272" HPOS="195" ID="PAG_00000161_TB000003" LANG="fr" STYLEREFS="TXT_7" VPOS="544" WIDTH="1232">
          <TextLine HEIGHT="55" HPOS="251" ID="PAG_00000161_TL000004" STYLEREFS="TXT_7" VPOS="544" WIDTH="1175">
            <String CONTENT="Cette" HEIGHT="39" HPOS="251" ID="PAG_00000161_ST000016" STYLEREFS="TXT_7" VPOS="549" WC="1" WIDTH="110"/>
            <SP HPOS="361" ID="PAG_00000161_SP000013" VPOS="547" WIDTH="19"/>
            <String CONTENT="aberration" HEIGHT="41" HPOS="380" ID="PAG_00000161_ST000017" STYLEREFS="TXT_7" VPOS="547" WC="1" WIDTH="229"/>
            <SP HPOS="609" ID="PAG_00000161_SP000014" VPOS="547" WIDTH="33"/>
            <String CONTENT="n'est" HEIGHT="41" HPOS="642" ID="PAG_00000161_ST000018" STYLEREFS="TXT_7" VPOS="547" WC="1" WIDTH="103"/>
            <SP HPOS="745" ID="PAG_00000161_SP000015" VPOS="558" WIDTH="32"/>
            <String CONTENT="pas" HEIGHT="41" HPOS="777" ID="PAG_00000161_ST000019" STYLEREFS="TXT_7" VPOS="558" WC="1" WIDTH="72"/>
            <SP HPOS="849" ID="PAG_00000161_SP000016" VPOS="548" WIDTH="31"/>
            <String CONTENT="constante," HEIGHT="46" HPOS="880" ID="PAG_00000161_ST000020" STYLEREFS="TXT_7" VPOS="548" WC="1" WIDTH="225"/>
            <SP HPOS="1105" ID="PAG_00000161_SP000017" VPOS="547" WIDTH="21"/>
            <String CONTENT="et" HEIGHT="38" HPOS="1126" ID="PAG_00000161_ST000021" STYLEREFS="TXT_7" VPOS="547" WC="1" WIDTH="39"/>
            <SP HPOS="1165" ID="PAG_00000161_SP000018" VPOS="544" WIDTH="18"/>
            <String CONTENT="l'on" HEIGHT="41" HPOS="1183" ID="PAG_00000161_ST000022" STYLEREFS="TXT_7" VPOS="544" WC="1" WIDTH="83"/>
            <SP HPOS="1266" ID="PAG_00000161_SP000019" VPOS="546" WIDTH="18"/>
            <String CONTENT="trouve" HEIGHT="39" HPOS="1284" ID="PAG_00000161_ST000023" STYLEREFS="TXT_7" VPOS="546" WC="1" WIDTH="142"/>
          </TextLine>
          <TextLine HEIGHT="55" HPOS="197" ID="PAG_00000161_TL000005" STYLEREFS="TXT_7" VPOS="616" WIDTH="1230">
            <String CONTENT="souvent" HEIGHT="38" HPOS="197" ID="PAG_00000161_ST000024" STYLEREFS="TXT_7" VPOS="622" WC="1" WIDTH="170"/>
            <SP HPOS="367" ID="PAG_00000161_SP000020" VPOS="619" WIDTH="15"/>
            <String CONTENT="des" HEIGHT="40" HPOS="382" ID="PAG_00000161_ST000025" STYLEREFS="TXT_7" VPOS="619" WC="1" WIDTH="69"/>
            <SP HPOS="451" ID="PAG_00000161_SP000021" VPOS="618" WIDTH="20"/>
            <String CONTENT="individus" HEIGHT="41" HPOS="471" ID="PAG_00000161_ST000026" STYLEREFS="TXT_7" VPOS="618" WC="1" WIDTH="206"/>
            <SP HPOS="677" ID="PAG_00000161_SP000022" VPOS="619" WIDTH="20"/>
            <String CONTENT="plus" HEIGHT="52" HPOS="697" ID="PAG_00000161_ST000027" STYLEREFS="TXT_7" VPOS="619" WC="1" WIDTH="89"/>
            <SP HPOS="786" ID="PAG_00000161_SP000023" VPOS="630" WIDTH="15"/>
            <String CONTENT="ou" HEIGHT="29" HPOS="801" ID="PAG_00000161_ST000028" STYLEREFS="TXT_7" VPOS="630" WC="1" WIDTH="53"/>
            <SP HPOS="854" ID="PAG_00000161_SP000024" VPOS="618" WIDTH="13"/>
            <String CONTENT="moins" HEIGHT="40" HPOS="867" ID="PAG_00000161_ST000029" STYLEREFS="TXT_7" VPOS="618" WC="1" WIDTH="132"/>
            <SP HPOS="999" ID="PAG_00000161_SP000025" VPOS="616" WIDTH="18"/>
            <String CONTENT="privés" HEIGHT="54" HPOS="1017" ID="PAG_00000161_ST000030" STYLEREFS="TXT_7" VPOS="616" WC="1" WIDTH="131"/>
            <SP HPOS="1148" ID="PAG_00000161_SP000026" VPOS="616" WIDTH="20"/>
            <String CONTENT="de" HEIGHT="41" HPOS="1168" ID="PAG_00000161_ST000031" STYLEREFS="TXT_7" VPOS="616" WC="1" WIDTH="48"/>
            <SP HPOS="1216" ID="PAG_00000161_SP000027" VPOS="617" WIDTH="18"/>
            <String CONTENT="taches" HEIGHT="40" HPOS="1234" ID="PAG_00000161_ST000032" STYLEREFS="TXT_7" VPOS="617" WC="1" WIDTH="137"/>
            <SP HPOS="1371" ID="PAG_00000161_SP000028" VPOS="619" WIDTH="15"/>
            <String CONTENT="et" HEIGHT="38" HPOS="1386" ID="PAG_00000161_ST000033" STYLEREFS="TXT_7" VPOS="619" WC="1" WIDTH="41"/>
          </TextLine>
          <TextLine HEIGHT="54" HPOS="198" ID="PAG_00000161_TL000006" STYLEREFS="TXT_7" VPOS="688" WIDTH="1222">
            <String CONTENT="de" HEIGHT="40" HPOS="198" ID="PAG_00000161_ST000034" STYLEREFS="TXT_7" VPOS="691" WC="1" WIDTH="49"/>
            <SP HPOS="247" ID="PAG_00000161_SP000029" VPOS="690" WIDTH="15"/>
            <String CONTENT="bandes" HEIGHT="41" HPOS="262" ID="PAG_00000161_ST000035" STYLEREFS="TXT_7" VPOS="690" WC="1" WIDTH="153"/>
            <SP HPOS="415" ID="PAG_00000161_SP000030" VPOS="689" WIDTH="13"/>
            <String CONTENT="blanches" HEIGHT="42" HPOS="428" ID="PAG_00000161_ST000036" STYLEREFS="TXT_7" VPOS="689" WC="1" WIDTH="191"/>
            <SP HPOS="619" ID="PAG_00000161_SP000031" VPOS="701" WIDTH="20"/>
            <String CONTENT="sans" HEIGHT="30" HPOS="639" ID="PAG_00000161_ST000037" STYLEREFS="TXT_7" VPOS="701" WC="1" WIDTH="95"/>
            <SP HPOS="734" ID="PAG_00000161_SP000032" VPOS="690" WIDTH="17"/>
            <String CONTENT="l'être" HEIGHT="40" HPOS="751" ID="PAG_00000161_ST000038" STYLEREFS="TXT_7" VPOS="690" WC="1" WIDTH="110"/>
            <SP HPOS="861" ID="PAG_00000161_SP000033" VPOS="701" WIDTH="18"/>
            <String CONTENT="pour" HEIGHT="41" HPOS="879" ID="PAG_00000161_ST000039" STYLEREFS="TXT_7" VPOS="701" WC="1" WIDTH="104"/>
            <SP HPOS="983" ID="PAG_00000161_SP000034" VPOS="690" WIDTH="18"/>
            <String CONTENT="cela" HEIGHT="40" HPOS="1001" ID="PAG_00000161_ST000040" STYLEREFS="TXT_7" VPOS="690" WC="1" WIDTH="85"/>
            <SP HPOS="1086" ID="PAG_00000161_SP000035" VPOS="688" WIDTH="13"/>
            <String CONTENT="complètement." HEIGHT="53" HPOS="1099" ID="PAG_00000161_ST000041" STYLEREFS="TXT_7" VPOS="688" WC="1" WIDTH="321"/>
          </TextLine>
          <TextLine HEIGHT="54" HPOS="195" ID="PAG_00000161_TL000007" STYLEREFS="TXT_7" VPOS="762" WIDTH="1078">
            <String CONTENT="(Guenée)." HEIGHT="54" HPOS="195" ID="PAG_00000161_ST000042" STYLEREFS="TXT_7" VPOS="762" WC="1" WIDTH="208"/>
            <SP HPOS="403" ID="PAG_00000161_SP000036" VPOS="765" WIDTH="25"/>
            <String CONTENT="Avec" HEIGHT="39" HPOS="428" ID="PAG_00000161_ST000043" STYLEREFS="TXT_7" VPOS="765" WC="1" WIDTH="105"/>
            <SP HPOS="533" ID="PAG_00000161_SP000037" VPOS="763" WIDTH="19"/>
            <String CONTENT="le" HEIGHT="40" HPOS="552" ID="PAG_00000161_ST000044" STYLEREFS="TXT_7" VPOS="763" WC="1" WIDTH="36"/>
            <SP HPOS="588" ID="PAG_00000161_SP000038" VPOS="766" WIDTH="16"/>
            <String CONTENT="type" HEIGHT="49" HPOS="604" ID="PAG_00000161_ST000045" STYLEREFS="TXT_7" VPOS="766" WC="1" WIDTH="92"/>
            <SP HPOS="696" ID="PAG_00000161_SP000039" VPOS="764" WIDTH="19"/>
            <String CONTENT="mais" HEIGHT="40" HPOS="715" ID="PAG_00000161_ST000046" STYLEREFS="TXT_7" VPOS="764" WC="1" WIDTH="103"/>
            <SP HPOS="818" ID="PAG_00000161_SP000040" VPOS="762" WIDTH="18"/>
            <String CONTENT="beaucoup" HEIGHT="53" HPOS="836" ID="PAG_00000161_ST000047" STYLEREFS="TXT_7" VPOS="762" WC="1" WIDTH="207"/>
            <SP HPOS="1043" ID="PAG_00000161_SP000041" VPOS="763" WIDTH="18"/>
            <String CONTENT="plus" HEIGHT="51" HPOS="1061" ID="PAG_00000161_ST000048" STYLEREFS="TXT_7" VPOS="763" WC="1" WIDTH="91"/>
            <SP HPOS="1152" ID="PAG_00000161_SP000042" VPOS="773" WIDTH="17"/>
            <String CONTENT="rare." HEIGHT="30" HPOS="1169" ID="PAG_00000161_ST000049" STYLEREFS="TXT_7" VPOS="773" WC="1" WIDTH="104"/>
          </TextLine>
        </TextBlock>
        <TextBlock HEIGHT="48" HPOS="200" ID="PAG_00000161_TB000004" LANG="fr" STYLEREFS="TXT_7" VPOS="854" WIDTH="232">
          <TextLine HEIGHT="48" HPOS="200" ID="PAG_00000161_TL000008" STYLEREFS="TXT_7" VPOS="854" WIDTH="232">
            <String CONTENT="ILIA," HEIGHT="47" HPOS="200" ID="PAG_00000161_ST000050" STYLEREFS="TXT_7" VPOS="855" WC="1" WIDTH="101"/>
            <SP HPOS="301" ID="PAG_00000161_SP000043" VPOS="854" WIDTH="23"/>
            <String CONTENT="S." HEIGHT="40" HPOS="324" ID="PAG_00000161_ST000051" STYLEREFS="TXT_7" VPOS="854" WC="1" WIDTH="41"/>
            <SP HPOS="365" ID="PAG_00000161_SP000044" VPOS="854" WIDTH="24"/>
            <String CONTENT="V." HEIGHT="39" HPOS="389" ID="PAG_00000161_ST000052" STYLEREFS="TXT_7" VPOS="854" WC="1" WIDTH="43"/>
          </TextLine>
        </TextBlock>
        <TextBlock HEIGHT="777" HPOS="187" ID="PAG_00000161_TB000005" LANG="fr" STYLEREFS="TXT_7" VPOS="941" WIDTH="1263">
          <TextLine HEIGHT="49" HPOS="249" ID="PAG_00000161_TL000009" STYLEREFS="TXT_7" VPOS="941" WIDTH="1201">
            <String CONTENT="60m." HEIGHT="40" HPOS="249" ID="PAG_00000161_ST000053" STYLEREFS="TXT_7" VPOS="942" WC="0.97" WIDTH="98"/>
            <SP HPOS="347" ID="PAG_00000161_SP000045" VPOS="943" WIDTH="35"/>
            <String CONTENT="Ailes" HEIGHT="39" HPOS="382" ID="PAG_00000161_ST000054" STYLEREFS="TXT_7" VPOS="943" WC="1" WIDTH="107"/>
            <SP HPOS="489" ID="PAG_00000161_SP000046" VPOS="942" WIDTH="20"/>
            <String CONTENT="d'un" HEIGHT="40" HPOS="509" ID="PAG_00000161_ST000055" STYLEREFS="TXT_7" VPOS="942" WC="1" WIDTH="96"/>
            <SP HPOS="605" ID="PAG_00000161_SP000047" VPOS="942" WIDTH="19"/>
            <String CONTENT="brun" HEIGHT="40" HPOS="624" ID="PAG_00000161_ST000056" STYLEREFS="TXT_7" VPOS="942" WC="1" WIDTH="105"/>
            <SP HPOS="729" ID="PAG_00000161_SP000048" VPOS="943" WIDTH="19"/>
            <String CONTENT="noir," HEIGHT="47" HPOS="748" ID="PAG_00000161_ST000057" STYLEREFS="TXT_7" VPOS="943" WC="1" WIDTH="105"/>
            <SP HPOS="853" ID="PAG_00000161_SP000049" VPOS="954" WIDTH="18"/>
            <String CONTENT="avec" HEIGHT="28" HPOS="871" ID="PAG_00000161_ST000058" STYLEREFS="TXT_7" VPOS="954" WC="1" WIDTH="94"/>
            <SP HPOS="965" ID="PAG_00000161_SP000050" VPOS="953" WIDTH="21"/>
            <String CONTENT="un" HEIGHT="28" HPOS="986" ID="PAG_00000161_ST000059" STYLEREFS="TXT_7" VPOS="953" WC="1" WIDTH="55"/>
            <SP HPOS="1041" ID="PAG_00000161_SP000051" VPOS="941" WIDTH="15"/>
            <String CONTENT="reflet" HEIGHT="41" HPOS="1056" ID="PAG_00000161_ST000060" STYLEREFS="TXT_7" VPOS="941" WC="1" WIDTH="112"/>
            <SP HPOS="1168" ID="PAG_00000161_SP000052" VPOS="941" WIDTH="19"/>
            <String CONTENT="violet" HEIGHT="41" HPOS="1187" ID="PAG_00000161_ST000061" STYLEREFS="TXT_7" VPOS="941" WC="1" WIDTH="119"/>
            <SP HPOS="1306" ID="PAG_00000161_SP000053" VPOS="941" WIDTH="21"/>
            <String CONTENT="très-" HEIGHT="40" HPOS="1327" ID="PAG_00000161_ST000062" STYLEREFS="TXT_7" SUBS_CONTENT="trèsvif" SUBS_TYPE="HypPart1" VPOS="941" WC="1" WIDTH="93"/>
            <HYP CONTENT="-" HPOS="1420" VPOS="981" WIDTH="30"/>
          </TextLine>
          <TextLine HEIGHT="53" HPOS="195" ID="PAG_00000161_TL000010" STYLEREFS="TXT_7" VPOS="1013" WIDTH="1227">
            <String CONTENT="vif" HEIGHT="39" HPOS="195" ID="PAG_00000161_ST000063" STYLEREFS="TXT_7" SUBS_CONTENT="trèsvif" SUBS_TYPE="HypPart2" VPOS="1014" WC="1" WIDTH="59"/>
            <SP HPOS="254" ID="PAG_00000161_SP000054" VPOS="1028" WIDTH="12"/>
            <String CONTENT=";" HEIGHT="37" HPOS="266" ID="PAG_00000161_ST000064" STYLEREFS="TXT_7" VPOS="1028" WC="1" WIDTH="9"/>
            <SP HPOS="275" ID="PAG_00000161_SP000055" VPOS="1013" WIDTH="33"/>
            <String CONTENT="supérieures" HEIGHT="53" HPOS="308" ID="PAG_00000161_ST000065" STYLEREFS="TXT_7" VPOS="1013" WC="1" WIDTH="251"/>
            <SP HPOS="559" ID="PAG_00000161_SP000056" VPOS="1025" WIDTH="29"/>
            <String CONTENT="avec" HEIGHT="30" HPOS="588" ID="PAG_00000161_ST000066" STYLEREFS="TXT_7" VPOS="1025" WC="1" WIDTH="95"/>
            <SP HPOS="683" ID="PAG_00000161_SP000057" VPOS="1014" WIDTH="31"/>
            <String CONTENT="des" HEIGHT="41" HPOS="714" ID="PAG_00000161_ST000067" STYLEREFS="TXT_7" VPOS="1014" WC="1" WIDTH="70"/>
            <SP HPOS="784" ID="PAG_00000161_SP000058" VPOS="1014" WIDTH="28"/>
            <String CONTENT="taches" HEIGHT="40" HPOS="812" ID="PAG_00000161_ST000068" STYLEREFS="TXT_7" VPOS="1014" WC="1" WIDTH="139"/>
            <SP HPOS="951" ID="PAG_00000161_SP000059" VPOS="1013" WIDTH="31"/>
            <String CONTENT="blanches" HEIGHT="41" HPOS="982" ID="PAG_00000161_ST000069" STYLEREFS="TXT_7" VPOS="1013" WC="1" WIDTH="194"/>
            <SP HPOS="1176" ID="PAG_00000161_SP000060" VPOS="1014" WIDTH="20"/>
            <String CONTENT="dont" HEIGHT="40" HPOS="1196" ID="PAG_00000161_ST000070" STYLEREFS="TXT_7" VPOS="1014" WC="1" WIDTH="98"/>
            <SP HPOS="1294" ID="PAG_00000161_SP000061" VPOS="1014" WIDTH="27"/>
            <String CONTENT="trois" HEIGHT="40" HPOS="1321" ID="PAG_00000161_ST000071" STYLEREFS="TXT_7" VPOS="1014" WC="1" WIDTH="101"/>
          </TextLine>
          <TextLine HEIGHT="51" HPOS="194" ID="PAG_00000161_TL000011" STYLEREFS="TXT_7" VPOS="1086" WIDTH="1228">
            <String CONTENT="apicales" HEIGHT="51" HPOS="194" ID="PAG_00000161_ST000072" STYLEREFS="TXT_7" VPOS="1086" WC="1" WIDTH="171"/>
            <SP HPOS="365" ID="PAG_00000161_SP000062" VPOS="1089" WIDTH="14"/>
            <String CONTENT="et" HEIGHT="37" HPOS="379" ID="PAG_00000161_ST000073" STYLEREFS="TXT_7" VPOS="1089" WC="1" WIDTH="38"/>
            <SP HPOS="417" ID="PAG_00000161_SP000063" VPOS="1098" WIDTH="18"/>
            <String CONTENT="une" HEIGHT="28" HPOS="435" ID="PAG_00000161_ST000074" STYLEREFS="TXT_7" VPOS="1098" WC="1" WIDTH="80"/>
            <SP HPOS="515" ID="PAG_00000161_SP000064" VPOS="1086" WIDTH="21"/>
            <String CONTENT="tache" HEIGHT="41" HPOS="536" ID="PAG_00000161_ST000075" STYLEREFS="TXT_7" VPOS="1086" WC="1" WIDTH="115"/>
            <SP HPOS="651" ID="PAG_00000161_SP000065" VPOS="1087" WIDTH="14"/>
            <String CONTENT="noire" HEIGHT="40" HPOS="665" ID="PAG_00000161_ST000076" STYLEREFS="TXT_7" VPOS="1087" WC="1" WIDTH="113"/>
            <SP HPOS="778" ID="PAG_00000161_SP000066" VPOS="1086" WIDTH="16"/>
            <String CONTENT="ronde" HEIGHT="41" HPOS="794" ID="PAG_00000161_ST000077" STYLEREFS="TXT_7" VPOS="1086" WC="1" WIDTH="126"/>
            <SP HPOS="920" ID="PAG_00000161_SP000067" VPOS="1086" WIDTH="13"/>
            <String CONTENT="cerclée" HEIGHT="41" HPOS="933" ID="PAG_00000161_ST000078" STYLEREFS="TXT_7" VPOS="1086" WC="1" WIDTH="151"/>
            <SP HPOS="1084" ID="PAG_00000161_SP000068" VPOS="1086" WIDTH="16"/>
            <String CONTENT="de" HEIGHT="41" HPOS="1100" ID="PAG_00000161_ST000079" STYLEREFS="TXT_7" VPOS="1086" WC="1" WIDTH="49"/>
            <SP HPOS="1149" ID="PAG_00000161_SP000069" VPOS="1087" WIDTH="13"/>
            <String CONTENT="ferrugineux" HEIGHT="50" HPOS="1162" ID="PAG_00000161_ST000080" STYLEREFS="TXT_7" VPOS="1087" WC="1" WIDTH="260"/>
          </TextLine>
          <TextLine HEIGHT="52" HPOS="194" ID="PAG_00000161_TL000012" STYLEREFS="TXT_7" VPOS="1157" WIDTH="1225">
            <String CONTENT="près" HEIGHT="52" HPOS="194" ID="PAG_00000161_ST000081" STYLEREFS="TXT_7" VPOS="1157" WC="1" WIDTH="92"/>
            <SP HPOS="286" ID="PAG_00000161_SP000070" VPOS="1157" WIDTH="34"/>
            <String CONTENT="du" HEIGHT="40" HPOS="320" ID="PAG_00000161_ST000082" STYLEREFS="TXT_7" VPOS="1157" WC="1" WIDTH="52"/>
            <SP HPOS="372" ID="PAG_00000161_SP000071" VPOS="1157" WIDTH="25"/>
            <String CONTENT="bord" HEIGHT="41" HPOS="397" ID="PAG_00000161_ST000083" STYLEREFS="TXT_7" VPOS="1157" WC="1" WIDTH="102"/>
            <SP HPOS="499" ID="PAG_00000161_SP000072" VPOS="1159" WIDTH="36"/>
            <String CONTENT="marginal" HEIGHT="50" HPOS="535" ID="PAG_00000161_ST000084" STYLEREFS="TXT_7" VPOS="1159" WC="1" WIDTH="197"/>
            <SP HPOS="732" ID="PAG_00000161_SP000073" VPOS="1172" WIDTH="18"/>
            <String CONTENT=";" HEIGHT="37" HPOS="750" ID="PAG_00000161_ST000085" STYLEREFS="TXT_7" VPOS="1172" WC="1" WIDTH="10"/>
            <SP HPOS="760" ID="PAG_00000161_SP000074" VPOS="1157" WIDTH="31"/>
            <String CONTENT="inférieures" HEIGHT="42" HPOS="791" ID="PAG_00000161_ST000086" STYLEREFS="TXT_7" VPOS="1157" WC="1" WIDTH="237"/>
            <SP HPOS="1028" ID="PAG_00000161_SP000075" VPOS="1169" WIDTH="30"/>
            <String CONTENT="avec" HEIGHT="31" HPOS="1058" ID="PAG_00000161_ST000087" STYLEREFS="TXT_7" VPOS="1169" WC="1" WIDTH="95"/>
            <SP HPOS="1153" ID="PAG_00000161_SP000076" VPOS="1171" WIDTH="30"/>
            <String CONTENT="une" HEIGHT="29" HPOS="1183" ID="PAG_00000161_ST000088" STYLEREFS="TXT_7" VPOS="1171" WC="1" WIDTH="81"/>
            <SP HPOS="1264" ID="PAG_00000161_SP000077" VPOS="1158" WIDTH="23"/>
            <String CONTENT="bande" HEIGHT="41" HPOS="1287" ID="PAG_00000161_ST000089" STYLEREFS="TXT_7" VPOS="1158" WC="1" WIDTH="132"/>
          </TextLine>
          <TextLine HEIGHT="54" HPOS="195" ID="PAG_00000161_TL000013" STYLEREFS="TXT_7" VPOS="1229" WIDTH="1224">
            <String CONTENT="transverse" HEIGHT="38" HPOS="195" ID="PAG_00000161_ST000090" STYLEREFS="TXT_7" VPOS="1232" WC="1" WIDTH="226"/>
            <SP HPOS="421" ID="PAG_00000161_SP000078" VPOS="1229" WIDTH="44"/>
            <String CONTENT="blanche" HEIGHT="42" HPOS="465" ID="PAG_00000161_ST000091" STYLEREFS="TXT_7" VPOS="1229" WC="1" WIDTH="172"/>
            <SP HPOS="637" ID="PAG_00000161_SP000079" VPOS="1230" WIDTH="32"/>
            <String CONTENT="sinuée" HEIGHT="40" HPOS="669" ID="PAG_00000161_ST000092" STYLEREFS="TXT_7" VPOS="1230" WC="1" WIDTH="140"/>
            <SP HPOS="809" ID="PAG_00000161_SP000080" VPOS="1230" WIDTH="47"/>
            <String CONTENT="intérieurement," HEIGHT="50" HPOS="856" ID="PAG_00000161_ST000093" STYLEREFS="TXT_7" VPOS="1230" WC="1" WIDTH="353"/>
            <SP HPOS="1209" ID="PAG_00000161_SP000081" VPOS="1243" WIDTH="39"/>
            <String CONTENT="presque" HEIGHT="40" HPOS="1248" ID="PAG_00000161_ST000094" STYLEREFS="TXT_7" VPOS="1243" WC="1" WIDTH="171"/>
          </TextLine>
          <TextLine HEIGHT="51" HPOS="194" ID="PAG_00000161_TL000014" STYLEREFS="TXT_7" VPOS="1300" WIDTH="1224">
            <String CONTENT="droite" HEIGHT="41" HPOS="194" ID="PAG_00000161_ST000095" STYLEREFS="TXT_7" VPOS="1300" WC="1" WIDTH="129"/>
            <SP HPOS="323" ID="PAG_00000161_SP000082" VPOS="1302" WIDTH="19"/>
            <String CONTENT="mais" HEIGHT="40" HPOS="342" ID="PAG_00000161_ST000096" STYLEREFS="TXT_7" VPOS="1302" WC="1" WIDTH="102"/>
            <SP HPOS="444" ID="PAG_00000161_SP000083" VPOS="1302" WIDTH="20"/>
            <String CONTENT="fondue" HEIGHT="41" HPOS="464" ID="PAG_00000161_ST000097" STYLEREFS="TXT_7" VPOS="1302" WC="1" WIDTH="148"/>
            <SP HPOS="612" ID="PAG_00000161_SP000084" VPOS="1302" WIDTH="17"/>
            <String CONTENT="extérieurement," HEIGHT="49" HPOS="629" ID="PAG_00000161_ST000098" STYLEREFS="TXT_7" VPOS="1302" WC="1" WIDTH="350"/>
            <SP HPOS="979" ID="PAG_00000161_SP000085" VPOS="1306" WIDTH="22"/>
            <String CONTENT="et" HEIGHT="37" HPOS="1001" ID="PAG_00000161_ST000099" STYLEREFS="TXT_7" VPOS="1306" WC="1" WIDTH="40"/>
            <SP HPOS="1041" ID="PAG_00000161_SP000086" VPOS="1314" WIDTH="17"/>
            <String CONTENT="un" HEIGHT="29" HPOS="1058" ID="PAG_00000161_ST000100" STYLEREFS="TXT_7" VPOS="1314" WC="1" WIDTH="57"/>
            <SP HPOS="1115" ID="PAG_00000161_SP000087" VPOS="1303" WIDTH="18"/>
            <String CONTENT="œil" HEIGHT="40" HPOS="1133" ID="PAG_00000161_ST000101" STYLEREFS="TXT_7" VPOS="1303" WC="1" WIDTH="67"/>
            <SP HPOS="1200" ID="PAG_00000161_SP000088" VPOS="1302" WIDTH="24"/>
            <String CONTENT="cerclé" HEIGHT="42" HPOS="1224" ID="PAG_00000161_ST000102" STYLEREFS="TXT_7" VPOS="1302" WC="1" WIDTH="126"/>
            <SP HPOS="1350" ID="PAG_00000161_SP000089" VPOS="1303" WIDTH="19"/>
            <String CONTENT="de" HEIGHT="40" HPOS="1369" ID="PAG_00000161_ST000103" STYLEREFS="TXT_7" VPOS="1303" WC="1" WIDTH="49"/>
          </TextLine>
          <TextLine HEIGHT="53" HPOS="192" ID="PAG_00000161_TL000015" STYLEREFS="TXT_7" VPOS="1373" WIDTH="1225">
            <String CONTENT="ferrugineux" HEIGHT="50" HPOS="192" ID="PAG_00000161_ST000104" STYLEREFS="TXT_7" VPOS="1373" WC="1" WIDTH="257"/>
            <SP HPOS="449" ID="PAG_00000161_SP000090" VPOS="1374" WIDTH="22"/>
            <String CONTENT="à" HEIGHT="39" HPOS="471" ID="PAG_00000161_ST000105" STYLEREFS="TXT_7" VPOS="1374" WC="1" WIDTH="24"/>
            <SP HPOS="495" ID="PAG_00000161_SP000091" VPOS="1374" WIDTH="23"/>
            <String CONTENT="l'angle" HEIGHT="50" HPOS="518" ID="PAG_00000161_ST000106" STYLEREFS="TXT_7" VPOS="1374" WC="1" WIDTH="144"/>
            <SP HPOS="662" ID="PAG_00000161_SP000092" VPOS="1375" WIDTH="19"/>
            <String CONTENT="anal." HEIGHT="39" HPOS="681" ID="PAG_00000161_ST000107" STYLEREFS="TXT_7" VPOS="1375" WC="1" WIDTH="106"/>
            <SP HPOS="787" ID="PAG_00000161_SP000093" VPOS="1376" WIDTH="26"/>
            <String CONTENT="Dessous" HEIGHT="39" HPOS="813" ID="PAG_00000161_ST000108" STYLEREFS="TXT_7" VPOS="1376" WC="1" WIDTH="176"/>
            <SP HPOS="989" ID="PAG_00000161_SP000094" VPOS="1375" WIDTH="29"/>
            <String CONTENT="gris" HEIGHT="50" HPOS="1018" ID="PAG_00000161_ST000109" STYLEREFS="TXT_7" VPOS="1375" WC="1" WIDTH="82"/>
            <SP HPOS="1100" ID="PAG_00000161_SP000095" VPOS="1376" WIDTH="14"/>
            <String CONTENT="jaunâtre" HEIGHT="50" HPOS="1114" ID="PAG_00000161_ST000110" STYLEREFS="TXT_7" VPOS="1376" WC="1" WIDTH="189"/>
            <SP HPOS="1303" ID="PAG_00000161_SP000096" VPOS="1386" WIDTH="19"/>
            <String CONTENT="avec" HEIGHT="29" HPOS="1322" ID="PAG_00000161_ST000111" STYLEREFS="TXT_7" VPOS="1386" WC="1" WIDTH="95"/>
          </TextLine>
          <TextLine HEIGHT="54" HPOS="190" ID="PAG_00000161_TL000016" STYLEREFS="TXT_7" VPOS="1445" WIDTH="1227">
            <String CONTENT="une" HEIGHT="28" HPOS="190" ID="PAG_00000161_ST000112" STYLEREFS="TXT_7" VPOS="1456" WC="1" WIDTH="80"/>
            <SP HPOS="270" ID="PAG_00000161_SP000097" VPOS="1446" WIDTH="36"/>
            <String CONTENT="teinte" HEIGHT="40" HPOS="306" ID="PAG_00000161_ST000113" STYLEREFS="TXT_7" VPOS="1446" WC="1" WIDTH="122"/>
            <SP HPOS="428" ID="PAG_00000161_SP000098" VPOS="1446" WIDTH="30"/>
            <String CONTENT="fauve" HEIGHT="40" HPOS="458" ID="PAG_00000161_ST000114" STYLEREFS="TXT_7" VPOS="1446" WC="1" WIDTH="116"/>
            <SP HPOS="574" ID="PAG_00000161_SP000099" VPOS="1447" WIDTH="30"/>
            <String CONTENT="à" HEIGHT="39" HPOS="604" ID="PAG_00000161_ST000115" STYLEREFS="TXT_7" VPOS="1447" WC="1" WIDTH="23"/>
            <SP HPOS="627" ID="PAG_00000161_SP000100" VPOS="1445" WIDTH="30"/>
            <String CONTENT="l'angle" HEIGHT="52" HPOS="657" ID="PAG_00000161_ST000116" STYLEREFS="TXT_7" VPOS="1445" WC="1" WIDTH="144"/>
            <SP HPOS="801" ID="PAG_00000161_SP000101" VPOS="1447" WIDTH="40"/>
            <String CONTENT="apical" HEIGHT="51" HPOS="841" ID="PAG_00000161_ST000117" STYLEREFS="TXT_7" VPOS="1447" WC="1" WIDTH="130"/>
            <SP HPOS="971" ID="PAG_00000161_SP000102" VPOS="1446" WIDTH="39"/>
            <String CONTENT="des" HEIGHT="40" HPOS="1010" ID="PAG_00000161_ST000118" STYLEREFS="TXT_7" VPOS="1446" WC="1" WIDTH="72"/>
            <SP HPOS="1082" ID="PAG_00000161_SP000103" VPOS="1446" WIDTH="24"/>
            <String CONTENT="supérieures" HEIGHT="53" HPOS="1106" ID="PAG_00000161_ST000119" STYLEREFS="TXT_7" VPOS="1446" WC="1" WIDTH="252"/>
            <SP HPOS="1358" ID="PAG_00000161_SP000104" VPOS="1451" WIDTH="20"/>
            <String CONTENT="et" HEIGHT="37" HPOS="1378" ID="PAG_00000161_ST000120" STYLEREFS="TXT_7" VPOS="1451" WC="1" WIDTH="39"/>
          </TextLine>
          <TextLine HEIGHT="44" HPOS="190" ID="PAG_00000161_TL000017" STYLEREFS="TXT_7" VPOS="1517" WIDTH="1227">
            <String CONTENT="toutes" HEIGHT="37" HPOS="190" ID="PAG_00000161_ST000121" STYLEREFS="TXT_7" VPOS="1520" WC="1" WIDTH="131"/>
            <SP HPOS="321" ID="PAG_00000161_SP000105" VPOS="1517" WIDTH="20"/>
            <String CONTENT="les" HEIGHT="40" HPOS="341" ID="PAG_00000161_ST000122" STYLEREFS="TXT_7" VPOS="1517" WC="1" WIDTH="57"/>
            <SP HPOS="398" ID="PAG_00000161_SP000106" VPOS="1518" WIDTH="25"/>
            <String CONTENT="taches" HEIGHT="40" HPOS="423" ID="PAG_00000161_ST000123" STYLEREFS="TXT_7" VPOS="1518" WC="1" WIDTH="134"/>
            <SP HPOS="557" ID="PAG_00000161_SP000107" VPOS="1518" WIDTH="21"/>
            <String CONTENT="du" HEIGHT="40" HPOS="578" ID="PAG_00000161_ST000124" STYLEREFS="TXT_7" VPOS="1518" WC="1" WIDTH="53"/>
            <SP HPOS="631" ID="PAG_00000161_SP000108" VPOS="1517" WIDTH="21"/>
            <String CONTENT="dessus." HEIGHT="41" HPOS="652" ID="PAG_00000161_ST000125" STYLEREFS="TXT_7" VPOS="1517" WC="1" WIDTH="157"/>
            <SP HPOS="809" ID="PAG_00000161_SP000109" VPOS="1517" WIDTH="32"/>
            <String CONTENT="Inférieures" HEIGHT="42" HPOS="841" ID="PAG_00000161_ST000126" STYLEREFS="TXT_7" VPOS="1517" WC="1" WIDTH="242"/>
            <SP HPOS="1083" ID="PAG_00000161_SP000110" VPOS="1529" WIDTH="24"/>
            <String CONTENT="avec" HEIGHT="30" HPOS="1107" ID="PAG_00000161_ST000127" STYLEREFS="TXT_7" VPOS="1529" WC="1" WIDTH="95"/>
            <SP HPOS="1202" ID="PAG_00000161_SP000111" VPOS="1519" WIDTH="25"/>
            <String CONTENT="la" HEIGHT="40" HPOS="1227" ID="PAG_00000161_ST000128" STYLEREFS="TXT_7" VPOS="1519" WC="1" WIDTH="38"/>
            <SP HPOS="1265" ID="PAG_00000161_SP000112" VPOS="1519" WIDTH="19"/>
            <String CONTENT="bande" HEIGHT="42" HPOS="1284" ID="PAG_00000161_ST000129" STYLEREFS="TXT_7" VPOS="1519" WC="1" WIDTH="133"/>
          </TextLine>
          <TextLine HEIGHT="49" HPOS="187" ID="PAG_00000161_TL000018" STYLEREFS="TXT_7" VPOS="1590" WIDTH="1259">
            <String CONTENT="transverse" HEIGHT="37" HPOS="187" ID="PAG_00000161_ST000130" STYLEREFS="TXT_7" VPOS="1592" WC="1" WIDTH="222"/>
            <SP HPOS="409" ID="PAG_00000161_SP000113" VPOS="1590" WIDTH="27"/>
            <String CONTENT="d'un" HEIGHT="40" HPOS="436" ID="PAG_00000161_ST000131" STYLEREFS="TXT_7" VPOS="1590" WC="1" WIDTH="96"/>
            <SP HPOS="532" ID="PAG_00000161_SP000114" VPOS="1590" WIDTH="18"/>
            <String CONTENT="blanc" HEIGHT="41" HPOS="550" ID="PAG_00000161_ST000132" STYLEREFS="TXT_7" VPOS="1590" WC="1" WIDTH="118"/>
            <SP HPOS="668" ID="PAG_00000161_SP000115" VPOS="1591" WIDTH="18"/>
            <String CONTENT="violâtre," HEIGHT="48" HPOS="686" ID="PAG_00000161_ST000133" STYLEREFS="TXT_7" VPOS="1591" WC="1" WIDTH="183"/>
            <SP HPOS="869" ID="PAG_00000161_SP000116" VPOS="1591" WIDTH="25"/>
            <String CONTENT="très-fondue" HEIGHT="40" HPOS="894" ID="PAG_00000161_ST000134" STYLEREFS="TXT_7" VPOS="1591" WC="1" WIDTH="259"/>
            <SP HPOS="1153" ID="PAG_00000161_SP000117" VPOS="1591" WIDTH="19"/>
            <String CONTENT="extérieure-" HEIGHT="42" HPOS="1172" ID="PAG_00000161_ST000135" STYLEREFS="TXT_7" SUBS_CONTENT="extérieurement," SUBS_TYPE="HypPart1" VPOS="1591" WC="1" WIDTH="244"/>
            <HYP CONTENT="-" HPOS="1416" VPOS="1633" WIDTH="30"/>
          </TextLine>
          <TextLine HEIGHT="54" HPOS="189" ID="PAG_00000161_TL000019" STYLEREFS="TXT_7" VPOS="1664" WIDTH="896">
            <String CONTENT="ment," HEIGHT="44" HPOS="189" ID="PAG_00000161_ST000136" STYLEREFS="TXT_7" SUBS_CONTENT="extérieurement," SUBS_TYPE="HypPart2" VPOS="1668" WC="1" WIDTH="122"/>
            <SP HPOS="311" ID="PAG_00000161_SP000118" VPOS="1676" WIDTH="21"/>
            <String CONTENT="un" HEIGHT="27" HPOS="332" ID="PAG_00000161_ST000137" STYLEREFS="TXT_7" VPOS="1676" WC="1" WIDTH="56"/>
            <SP HPOS="388" ID="PAG_00000161_SP000119" VPOS="1676" WIDTH="17"/>
            <String CONTENT="ou" HEIGHT="28" HPOS="405" ID="PAG_00000161_ST000138" STYLEREFS="TXT_7" VPOS="1676" WC="1" WIDTH="51"/>
            <SP HPOS="456" ID="PAG_00000161_SP000120" VPOS="1664" WIDTH="16"/>
            <String CONTENT="deux" HEIGHT="41" HPOS="472" ID="PAG_00000161_ST000139" STYLEREFS="TXT_7" VPOS="1664" WC="1" WIDTH="105"/>
            <SP HPOS="577" ID="PAG_00000161_SP000121" VPOS="1666" WIDTH="19"/>
            <String CONTENT="points" HEIGHT="52" HPOS="596" ID="PAG_00000161_ST000140" STYLEREFS="TXT_7" VPOS="1666" WC="1" WIDTH="132"/>
            <SP HPOS="728" ID="PAG_00000161_SP000122" VPOS="1666" WIDTH="20"/>
            <String CONTENT="noirs" HEIGHT="40" HPOS="748" ID="PAG_00000161_ST000141" STYLEREFS="TXT_7" VPOS="1666" WC="1" WIDTH="110"/>
            <SP HPOS="858" ID="PAG_00000161_SP000123" VPOS="1666" WIDTH="15"/>
            <String CONTENT="à" HEIGHT="40" HPOS="873" ID="PAG_00000161_ST000142" STYLEREFS="TXT_7" VPOS="1666" WC="1" WIDTH="24"/>
            <SP HPOS="897" ID="PAG_00000161_SP000124" VPOS="1666" WIDTH="18"/>
            <String CONTENT="la" HEIGHT="39" HPOS="915" ID="PAG_00000161_ST000143" STYLEREFS="TXT_7" VPOS="1666" WC="1" WIDTH="39"/>
            <SP HPOS="954" ID="PAG_00000161_SP000125" VPOS="1666" WIDTH="19"/>
            <String CONTENT="base." HEIGHT="40" HPOS="973" ID="PAG_00000161_ST000144" STYLEREFS="TXT_7" VPOS="1666" WC="1" WIDTH="112"/>
          </TextLine>
        </TextBlock>
        <TextBlock HEIGHT="199" HPOS="187" ID="PAG_00000161_TB000006" LANG="fr" STYLEREFS="TXT_7" VPOS="1736" WIDTH="1257">
          <TextLine HEIGHT="53" HPOS="247" ID="PAG_00000161_TL000020" STYLEREFS="TXT_7" VPOS="1736" WIDTH="1047">
            <String CONTENT="9" HEIGHT="42" HPOS="247" ID="PAG_00000161_ST000145" STYLEREFS="TXT_7" VPOS="1742" WC="0.70" WIDTH="27"/>
            <SP HPOS="274" ID="PAG_00000161_SP000126" VPOS="1736" WIDTH="24"/>
            <String CONTENT="plus" HEIGHT="51" HPOS="298" ID="PAG_00000161_ST000146" STYLEREFS="TXT_7" VPOS="1736" WC="1" WIDTH="90"/>
            <SP HPOS="388" ID="PAG_00000161_SP000127" VPOS="1736" WIDTH="20"/>
            <String CONTENT="grande," HEIGHT="50" HPOS="408" ID="PAG_00000161_ST000147" STYLEREFS="TXT_7" VPOS="1736" WC="1" WIDTH="166"/>
            <SP HPOS="574" ID="PAG_00000161_SP000128" VPOS="1737" WIDTH="34"/>
            <String CONTENT="plus" HEIGHT="52" HPOS="608" ID="PAG_00000161_ST000148" STYLEREFS="TXT_7" VPOS="1737" WC="1" WIDTH="91"/>
            <SP HPOS="699" ID="PAG_00000161_SP000129" VPOS="1737" WIDTH="21"/>
            <String CONTENT="claire" HEIGHT="40" HPOS="720" ID="PAG_00000161_ST000149" STYLEREFS="TXT_7" VPOS="1737" WC="1" WIDTH="120"/>
            <SP HPOS="840" ID="PAG_00000161_SP000130" VPOS="1742" WIDTH="20"/>
            <String CONTENT="et" HEIGHT="35" HPOS="860" ID="PAG_00000161_ST000150" STYLEREFS="TXT_7" VPOS="1742" WC="1" WIDTH="39"/>
            <SP HPOS="899" ID="PAG_00000161_SP000131" VPOS="1748" WIDTH="19"/>
            <String CONTENT="sans" HEIGHT="29" HPOS="918" ID="PAG_00000161_ST000151" STYLEREFS="TXT_7" VPOS="1748" WC="1" WIDTH="96"/>
            <SP HPOS="1014" ID="PAG_00000161_SP000132" VPOS="1738" WIDTH="19"/>
            <String CONTENT="reflet" HEIGHT="40" HPOS="1033" ID="PAG_00000161_ST000152" STYLEREFS="TXT_7" VPOS="1738" WC="1" WIDTH="113"/>
            <SP HPOS="1146" ID="PAG_00000161_SP000133" VPOS="1738" WIDTH="15"/>
            <String CONTENT="violet." HEIGHT="41" HPOS="1161" ID="PAG_00000161_ST000153" STYLEREFS="TXT_7" VPOS="1738" WC="1" WIDTH="133"/>
          </TextLine>
          <TextLine HEIGHT="55" HPOS="242" ID="PAG_00000161_TL000021" STYLEREFS="TXT_7" VPOS="1812" WIDTH="1202">
            <String CONTENT="Chenille" HEIGHT="40" HPOS="242" ID="PAG_00000161_ST000154" STYLEREFS="TXT_7" VPOS="1812" WC="1" WIDTH="180"/>
            <SP HPOS="422" ID="PAG_00000161_SP000134" VPOS="1824" WIDTH="30"/>
            <String CONTENT="en" HEIGHT="29" HPOS="452" ID="PAG_00000161_ST000155" STYLEREFS="TXT_7" VPOS="1824" WC="1" WIDTH="49"/>
            <SP HPOS="501" ID="PAG_00000161_SP000135" VPOS="1814" WIDTH="29"/>
            <String CONTENT="mai" HEIGHT="38" HPOS="530" ID="PAG_00000161_ST000156" STYLEREFS="TXT_7" VPOS="1814" WC="1" WIDTH="80"/>
            <SP HPOS="610" ID="PAG_00000161_SP000136" VPOS="1817" WIDTH="30"/>
            <String CONTENT="et" HEIGHT="36" HPOS="640" ID="PAG_00000161_ST000157" STYLEREFS="TXT_7" VPOS="1817" WC="1" WIDTH="40"/>
            <SP HPOS="680" ID="PAG_00000161_SP000137" VPOS="1812" WIDTH="26"/>
            <String CONTENT="juin" HEIGHT="53" HPOS="706" ID="PAG_00000161_ST000158" STYLEREFS="TXT_7" VPOS="1812" WC="1" WIDTH="89"/>
            <SP HPOS="795" ID="PAG_00000161_SP000138" VPOS="1825" WIDTH="38"/>
            <String CONTENT="sur" HEIGHT="28" HPOS="833" ID="PAG_00000161_ST000159" STYLEREFS="TXT_7" VPOS="1825" WC="1" WIDTH="70"/>
            <SP HPOS="903" ID="PAG_00000161_SP000139" VPOS="1814" WIDTH="30"/>
            <String CONTENT="les" HEIGHT="40" HPOS="933" ID="PAG_00000161_ST000160" STYLEREFS="TXT_7" VPOS="1814" WC="1" WIDTH="60"/>
            <SP HPOS="993" ID="PAG_00000161_SP000140" VPOS="1814" WIDTH="33"/>
            <String CONTENT="saules" HEIGHT="40" HPOS="1026" ID="PAG_00000161_ST000161" STYLEREFS="TXT_7" VPOS="1814" WC="1" WIDTH="134"/>
            <SP HPOS="1160" ID="PAG_00000161_SP000141" VPOS="1818" WIDTH="19"/>
            <String CONTENT="et" HEIGHT="37" HPOS="1179" ID="PAG_00000161_ST000162" STYLEREFS="TXT_7" VPOS="1818" WC="1" WIDTH="39"/>
            <SP HPOS="1218" ID="PAG_00000161_SP000142" VPOS="1814" WIDTH="18"/>
            <String CONTENT="les" HEIGHT="41" HPOS="1236" ID="PAG_00000161_ST000163" STYLEREFS="TXT_7" VPOS="1814" WC="1" WIDTH="59"/>
            <SP HPOS="1295" ID="PAG_00000161_SP000143" VPOS="1827" WIDTH="17"/>
            <String CONTENT="peu-" HEIGHT="40" HPOS="1312" ID="PAG_00000161_ST000164" STYLEREFS="TXT_7" SUBS_CONTENT="peupliers." SUBS_TYPE="HypPart1" VPOS="1827" WC="1" WIDTH="102"/>
            <HYP CONTENT="-" HPOS="1414" VPOS="1867" WIDTH="30"/>
          </TextLine>
          <TextLine HEIGHT="51" HPOS="187" ID="PAG_00000161_TL000022" STYLEREFS="TXT_7" VPOS="1884" WIDTH="136">
            <String CONTENT="pliers." HEIGHT="51" HPOS="187" ID="PAG_00000161_ST000165" STYLEREFS="TXT_7" SUBS_CONTENT="peupliers." SUBS_TYPE="HypPart2" VPOS="1884" WC="1" WIDTH="136"/>
          </TextLine>
        </TextBlock>
        <TextBlock HEIGHT="268" HPOS="181" ID="PAG_00000161_TB000007" LANG="fr" STYLEREFS="TXT_7" VPOS="1957" WIDTH="1235">
          <TextLine HEIGHT="55" HPOS="242" ID="PAG_00000161_TL000023" STYLEREFS="TXT_7" VPOS="1957" WIDTH="1170">
            <String CONTENT="Presque" HEIGHT="50" HPOS="242" ID="PAG_00000161_ST000166" STYLEREFS="TXT_7" VPOS="1957" WC="1" WIDTH="175"/>
            <SP HPOS="417" ID="PAG_00000161_SP000144" VPOS="1960" WIDTH="37"/>
            <String CONTENT="toute" HEIGHT="37" HPOS="454" ID="PAG_00000161_ST000167" STYLEREFS="TXT_7" VPOS="1960" WC="1" WIDTH="110"/>
            <SP HPOS="564" ID="PAG_00000161_SP000145" VPOS="1957" WIDTH="34"/>
            <String CONTENT="la" HEIGHT="40" HPOS="598" ID="PAG_00000161_ST000168" STYLEREFS="TXT_7" VPOS="1957" WC="1" WIDTH="38"/>
            <SP HPOS="636" ID="PAG_00000161_SP000146" VPOS="1958" WIDTH="32"/>
            <String CONTENT="F.," HEIGHT="47" HPOS="668" ID="PAG_00000161_ST000169" STYLEREFS="TXT_7" VPOS="1958" WC="1" WIDTH="63"/>
            <SP HPOS="731" ID="PAG_00000161_SP000147" VPOS="1958" WIDTH="36"/>
            <String CONTENT="environs" HEIGHT="40" HPOS="767" ID="PAG_00000161_ST000170" STYLEREFS="TXT_7" VPOS="1958" WC="1" WIDTH="188"/>
            <SP HPOS="955" ID="PAG_00000161_SP000148" VPOS="1958" WIDTH="39"/>
            <String CONTENT="de" HEIGHT="41" HPOS="994" ID="PAG_00000161_ST000171" STYLEREFS="TXT_7" VPOS="1958" WC="1" WIDTH="49"/>
            <SP HPOS="1043" ID="PAG_00000161_SP000149" VPOS="1960" WIDTH="28"/>
            <String CONTENT="Paris," HEIGHT="48" HPOS="1071" ID="PAG_00000161_ST000172" STYLEREFS="TXT_7" TAGREFS="TAG_importantEN" VPOS="1960" WC="1" WIDTH="128"/>
            <SP HPOS="1199" ID="PAG_00000161_SP000150" VPOS="1960" WIDTH="24"/>
            <String CONTENT="Gentilly," HEIGHT="52" HPOS="1223" ID="PAG_00000161_ST000173" STYLEREFS="TXT_7" TAGREFS="TAG_importantEN" VPOS="1960" WC="1" WIDTH="189"/>
          </TextLine>
          <TextLine HEIGHT="56" HPOS="188" ID="PAG_00000161_TL000024" STYLEREFS="TXT_7" VPOS="2026" WIDTH="1225">
            <String CONTENT="Chantilly," HEIGHT="53" HPOS="188" ID="PAG_00000161_ST000174" STYLEREFS="TXT_7" TAGREFS="TAG_importantEN" VPOS="2026" WC="1" WIDTH="215"/>
            <SP HPOS="403" ID="PAG_00000161_SP000151" VPOS="2029" WIDTH="40"/>
            <String CONTENT="Bondy," HEIGHT="51" HPOS="443" ID="PAG_00000161_ST000175" STYLEREFS="TXT_7" TAGREFS="TAG_importantEN" VPOS="2029" WC="1" WIDTH="166"/>
            <SP HPOS="609" ID="PAG_00000161_SP000152" VPOS="2030" WIDTH="37"/>
            <String CONTENT="Ozouer," HEIGHT="48" HPOS="646" ID="PAG_00000161_ST000176" STYLEREFS="TXT_7" TAGREFS="TAG_importantEN" VPOS="2030" WC="1" WIDTH="182"/>
            <SP HPOS="828" ID="PAG_00000161_SP000153" VPOS="2031" WIDTH="42"/>
            <String CONTENT="Fontainebleau," HEIGHT="51" HPOS="870" ID="PAG_00000161_ST000177" STYLEREFS="TXT_7" TAGREFS="TAG_importantEN" VPOS="2031" WC="1" WIDTH="342"/>
            <SP HPOS="1212" ID="PAG_00000161_SP000154" VPOS="2032" WIDTH="34"/>
            <String CONTENT="Alsace," HEIGHT="49" HPOS="1246" ID="PAG_00000161_ST000178" STYLEREFS="TXT_7" TAGREFS="TAG_importantEN" VPOS="2032" WC="1" WIDTH="167"/>
          </TextLine>
          <TextLine HEIGHT="56" HPOS="187" ID="PAG_00000161_TL000025" STYLEREFS="TXT_7" VPOS="2099" WIDTH="1229">
            <String CONTENT="Vosges," HEIGHT="49" HPOS="187" ID="PAG_00000161_ST000179" STYLEREFS="TXT_7" TAGREFS="TAG_importantEN" VPOS="2099" WC="1" WIDTH="166"/>
            <SP HPOS="353" ID="PAG_00000161_SP000155" VPOS="2103" WIDTH="28"/>
            <String CONTENT="etc.," HEIGHT="45" HPOS="381" ID="PAG_00000161_ST000180" STYLEREFS="TXT_7" VPOS="2103" WC="1" WIDTH="95"/>
            <SP HPOS="476" ID="PAG_00000161_SP000156" VPOS="2099" WIDTH="24"/>
            <String CONTENT="dans" HEIGHT="41" HPOS="500" ID="PAG_00000161_ST000181" STYLEREFS="TXT_7" VPOS="2099" WC="1" WIDTH="101"/>
            <SP HPOS="601" ID="PAG_00000161_SP000157" VPOS="2100" WIDTH="29"/>
            <String CONTENT="les" HEIGHT="41" HPOS="630" ID="PAG_00000161_ST000182" STYLEREFS="TXT_7" VPOS="2100" WC="1" WIDTH="58"/>
            <SP HPOS="688" ID="PAG_00000161_SP000158" VPOS="2101" WIDTH="25"/>
            <String CONTENT="bois" HEIGHT="41" HPOS="713" ID="PAG_00000161_ST000183" STYLEREFS="TXT_7" VPOS="2101" WC="1" WIDTH="89"/>
            <SP HPOS="802" ID="PAG_00000161_SP000159" VPOS="2105" WIDTH="22"/>
            <String CONTENT="et" HEIGHT="37" HPOS="824" ID="PAG_00000161_ST000184" STYLEREFS="TXT_7" VPOS="2105" WC="1" WIDTH="38"/>
            <SP HPOS="862" ID="PAG_00000161_SP000160" VPOS="2102" WIDTH="24"/>
            <String CONTENT="les" HEIGHT="40" HPOS="886" ID="PAG_00000161_ST000185" STYLEREFS="TXT_7" VPOS="2102" WC="1" WIDTH="57"/>
            <SP HPOS="943" ID="PAG_00000161_SP000161" VPOS="2101" WIDTH="34"/>
            <String CONTENT="prairies" HEIGHT="54" HPOS="977" ID="PAG_00000161_ST000186" STYLEREFS="TXT_7" VPOS="2101" WC="1" WIDTH="169"/>
            <SP HPOS="1146" ID="PAG_00000161_SP000162" VPOS="2115" WIDTH="33"/>
            <String CONTENT="en" HEIGHT="28" HPOS="1179" ID="PAG_00000161_ST000187" STYLEREFS="TXT_7" VPOS="2115" WC="1" WIDTH="51"/>
            <SP HPOS="1230" ID="PAG_00000161_SP000163" VPOS="2104" WIDTH="24"/>
            <String CONTENT="juin" HEIGHT="51" HPOS="1254" ID="PAG_00000161_ST000188" STYLEREFS="TXT_7" VPOS="2104" WC="1" WIDTH="93"/>
            <SP HPOS="1347" ID="PAG_00000161_SP000164" VPOS="2107" WIDTH="29"/>
            <String CONTENT="et" HEIGHT="37" HPOS="1376" ID="PAG_00000161_ST000189" STYLEREFS="TXT_7" VPOS="2107" WC="1" WIDTH="40"/>
          </TextLine>
          <TextLine HEIGHT="54" HPOS="181" ID="PAG_00000161_TL000026" STYLEREFS="TXT_7" VPOS="2171" WIDTH="367">
            <String CONTENT="juillet," HEIGHT="52" HPOS="181" ID="PAG_00000161_ST000190" STYLEREFS="TXT_7" VPOS="2171" WC="1" WIDTH="150"/>
            <SP HPOS="331" ID="PAG_00000161_SP000165" VPOS="2184" WIDTH="20"/>
            <String CONTENT="pas" HEIGHT="41" HPOS="351" ID="PAG_00000161_ST000191" STYLEREFS="TXT_7" VPOS="2184" WC="1" WIDTH="72"/>
            <SP HPOS="423" ID="PAG_00000161_SP000166" VPOS="2185" WIDTH="21"/>
            <String CONTENT="rare." HEIGHT="28" HPOS="444" ID="PAG_00000161_ST000192" STYLEREFS="TXT_7" VPOS="2185" WC="1" WIDTH="104"/>
          </TextLine>
        </TextBlock>
        <TextBlock HEIGHT="52" HPOS="187" ID="PAG_00000161_TB000008" LANG="fr" STYLEREFS="TXT_7" VPOS="2263" WIDTH="456">
          <TextLine HEIGHT="52" HPOS="187" ID="PAG_00000161_TL000027" STYLEREFS="TXT_7" VPOS="2263" WIDTH="456">
            <String CONTENT="AB." HEIGHT="34" HPOS="187" ID="PAG_00000161_ST000193" STYLEREFS="TXT_7" VPOS="2268" WC="1" WIDTH="74"/>
            <SP HPOS="261" ID="PAG_00000161_SP000167" VPOS="2263" WIDTH="21"/>
            <String CONTENT="Clytie," HEIGHT="52" HPOS="282" ID="PAG_00000161_ST000194" STYLEREFS="TXT_7" VPOS="2263" WC="1" WIDTH="144"/>
            <SP HPOS="426" ID="PAG_00000161_SP000168" VPOS="2264" WIDTH="17"/>
            <String CONTENT="Hb." HEIGHT="40" HPOS="443" ID="PAG_00000161_ST000195" STYLEREFS="TXT_7" VPOS="2264" WC="1" WIDTH="75"/>
            <SP HPOS="518" ID="PAG_00000161_SP000169" VPOS="2265" WIDTH="24"/>
            <String CONTENT="God." HEIGHT="40" HPOS="542" ID="PAG_00000161_ST000196" STYLEREFS="TXT_7" VPOS="2265" WC="1" WIDTH="101"/>
          </TextLine>
        </TextBlock>
        <TextBlock HEIGHT="203" HPOS="187" ID="PAG_00000161_TB000009" LANG="fr" STYLEREFS="TXT_7" VPOS="2353" WIDTH="1232">
          <TextLine HEIGHT="56" HPOS="243" ID="PAG_00000161_TL000028" STYLEREFS="TXT_7" VPOS="2353" WIDTH="1175">
            <String CONTENT="Moins" HEIGHT="40" HPOS="243" ID="PAG_00000161_ST000197" STYLEREFS="TXT_7" VPOS="2353" WC="1" WIDTH="128"/>
            <SP HPOS="371" ID="PAG_00000161_SP000170" VPOS="2353" WIDTH="28"/>
            <String CONTENT="foncée" HEIGHT="42" HPOS="399" ID="PAG_00000161_ST000198" STYLEREFS="TXT_7" VPOS="2353" WC="1" WIDTH="140"/>
            <SP HPOS="539" ID="PAG_00000161_SP000171" VPOS="2367" WIDTH="38"/>
            <String CONTENT="que" HEIGHT="40" HPOS="577" ID="PAG_00000161_ST000199" STYLEREFS="TXT_7" VPOS="2367" WC="1" WIDTH="79"/>
            <SP HPOS="656" ID="PAG_00000161_SP000172" VPOS="2356" WIDTH="28"/>
            <String CONTENT="le" HEIGHT="40" HPOS="684" ID="PAG_00000161_ST000200" STYLEREFS="TXT_7" VPOS="2356" WC="1" WIDTH="36"/>
            <SP HPOS="720" ID="PAG_00000161_SP000173" VPOS="2360" WIDTH="26"/>
            <String CONTENT="type." HEIGHT="49" HPOS="746" ID="PAG_00000161_ST000201" STYLEREFS="TXT_7" VPOS="2360" WC="1" WIDTH="108"/>
            <SP HPOS="854" ID="PAG_00000161_SP000174" VPOS="2358" WIDTH="30"/>
            <String CONTENT="Les" HEIGHT="39" HPOS="884" ID="PAG_00000161_ST000202" STYLEREFS="TXT_7" VPOS="2358" WC="1" WIDTH="76"/>
            <SP HPOS="960" ID="PAG_00000161_SP000175" VPOS="2357" WIDTH="32"/>
            <String CONTENT="taches," HEIGHT="48" HPOS="992" ID="PAG_00000161_ST000203" STYLEREFS="TXT_7" VPOS="2357" WC="1" WIDTH="153"/>
            <SP HPOS="1145" ID="PAG_00000161_SP000176" VPOS="2357" WIDTH="31"/>
            <String CONTENT="les" HEIGHT="41" HPOS="1176" ID="PAG_00000161_ST000204" STYLEREFS="TXT_7" VPOS="2357" WC="1" WIDTH="59"/>
            <SP HPOS="1235" ID="PAG_00000161_SP000177" VPOS="2358" WIDTH="29"/>
            <String CONTENT="bandes" HEIGHT="41" HPOS="1264" ID="PAG_00000161_ST000205" STYLEREFS="TXT_7" VPOS="2358" WC="1" WIDTH="154"/>
          </TextLine>
          <TextLine HEIGHT="58" HPOS="187" ID="PAG_00000161_TL000029" STYLEREFS="TXT_7" VPOS="2425" WIDTH="1231">
            <String CONTENT="sont" HEIGHT="36" HPOS="187" ID="PAG_00000161_ST000206" STYLEREFS="TXT_7" VPOS="2428" WC="1" WIDTH="92"/>
            <SP HPOS="279" ID="PAG_00000161_SP000178" VPOS="2425" WIDTH="32"/>
            <String CONTENT="d'un" HEIGHT="40" HPOS="311" ID="PAG_00000161_ST000207" STYLEREFS="TXT_7" VPOS="2425" WC="1" WIDTH="97"/>
            <SP HPOS="408" ID="PAG_00000161_SP000179" VPOS="2427" WIDTH="35"/>
            <String CONTENT="fauve" HEIGHT="40" HPOS="443" ID="PAG_00000161_ST000208" STYLEREFS="TXT_7" VPOS="2427" WC="1" WIDTH="116"/>
            <SP HPOS="559" ID="PAG_00000161_SP000180" VPOS="2428" WIDTH="30"/>
            <String CONTENT="clair," HEIGHT="49" HPOS="589" ID="PAG_00000161_ST000209" STYLEREFS="TXT_7" VPOS="2428" WC="1" WIDTH="113"/>
            <SP HPOS="702" ID="PAG_00000161_SP000181" VPOS="2430" WIDTH="29"/>
            <String CONTENT="à" HEIGHT="38" HPOS="731" ID="PAG_00000161_ST000210" STYLEREFS="TXT_7" VPOS="2430" WC="1" WIDTH="23"/>
            <SP HPOS="754" ID="PAG_00000161_SP000182" VPOS="2430" WIDTH="26"/>
            <String CONTENT="l'exception" HEIGHT="51" HPOS="780" ID="PAG_00000161_ST000211" STYLEREFS="TXT_7" VPOS="2430" WC="1" WIDTH="237"/>
            <SP HPOS="1017" ID="PAG_00000161_SP000183" VPOS="2429" WIDTH="25"/>
            <String CONTENT="des" HEIGHT="41" HPOS="1042" ID="PAG_00000161_ST000212" STYLEREFS="TXT_7" VPOS="2429" WC="1" WIDTH="71"/>
            <SP HPOS="1113" ID="PAG_00000161_SP000184" VPOS="2431" WIDTH="35"/>
            <String CONTENT="trois" HEIGHT="39" HPOS="1148" ID="PAG_00000161_ST000213" STYLEREFS="TXT_7" VPOS="2431" WC="1" WIDTH="100"/>
            <SP HPOS="1248" ID="PAG_00000161_SP000185" VPOS="2432" WIDTH="35"/>
            <String CONTENT="points" HEIGHT="51" HPOS="1283" ID="PAG_00000161_ST000214" STYLEREFS="TXT_7" VPOS="2432" WC="1" WIDTH="135"/>
          </TextLine>
          <TextLine HEIGHT="57" HPOS="191" ID="PAG_00000161_TL000030" STYLEREFS="TXT_7" VPOS="2499" WIDTH="1228">
            <String CONTENT="apicaux" HEIGHT="54" HPOS="191" ID="PAG_00000161_ST000215" STYLEREFS="TXT_7" VPOS="2499" WC="1" WIDTH="172"/>
            <SP HPOS="363" ID="PAG_00000161_SP000186" VPOS="2499" WIDTH="23"/>
            <String CONTENT="qui" HEIGHT="53" HPOS="386" ID="PAG_00000161_ST000216" STYLEREFS="TXT_7" VPOS="2499" WC="1" WIDTH="70"/>
            <SP HPOS="456" ID="PAG_00000161_SP000187" VPOS="2504" WIDTH="30"/>
            <String CONTENT="sont" HEIGHT="37" HPOS="486" ID="PAG_00000161_ST000217" STYLEREFS="TXT_7" VPOS="2504" WC="1" WIDTH="93"/>
            <SP HPOS="579" ID="PAG_00000161_SP000188" VPOS="2500" WIDTH="23"/>
            <String CONTENT="blancs" HEIGHT="42" HPOS="602" ID="PAG_00000161_ST000218" STYLEREFS="TXT_7" VPOS="2500" WC="1" WIDTH="141"/>
            <SP HPOS="743" ID="PAG_00000161_SP000189" VPOS="2515" WIDTH="14"/>
            <String CONTENT=";" HEIGHT="39" HPOS="757" ID="PAG_00000161_ST000219" STYLEREFS="TXT_7" VPOS="2515" WC="1" WIDTH="10"/>
            <SP HPOS="767" ID="PAG_00000161_SP000190" VPOS="2502" WIDTH="31"/>
            <String CONTENT="le" HEIGHT="41" HPOS="798" ID="PAG_00000161_ST000220" STYLEREFS="TXT_7" VPOS="2502" WC="1" WIDTH="37"/>
            <SP HPOS="835" ID="PAG_00000161_SP000191" VPOS="2501" WIDTH="28"/>
            <String CONTENT="bord" HEIGHT="43" HPOS="863" ID="PAG_00000161_ST000221" STYLEREFS="TXT_7" VPOS="2501" WC="1" WIDTH="103"/>
            <SP HPOS="966" ID="PAG_00000161_SP000192" VPOS="2502" WIDTH="19"/>
            <String CONTENT="terminal" HEIGHT="42" HPOS="985" ID="PAG_00000161_ST000222" STYLEREFS="TXT_7" VPOS="2502" WC="1" WIDTH="186"/>
            <SP HPOS="1171" ID="PAG_00000161_SP000193" VPOS="2502" WIDTH="20"/>
            <String CONTENT="des" HEIGHT="42" HPOS="1191" ID="PAG_00000161_ST000223" STYLEREFS="TXT_7" VPOS="2502" WC="1" WIDTH="70"/>
            <SP HPOS="1261" ID="PAG_00000161_SP000194" VPOS="2506" WIDTH="17"/>
            <String CONTENT="quatre" HEIGHT="50" HPOS="1278" ID="PAG_00000161_ST000224" STYLEREFS="TXT_7" VPOS="2506" WC="1" WIDTH="141"/>
          </TextLine>
        </TextBlock>
      </PrintSpace>
    </Page>
  </Layout>
</alto>
