1816 3012
913 325 51 6 —
995 302 77 40 224
1100 324 52 6 —

468 390 46 42 T.
536 393 39 39 la
592 393 43 39 F.
661 395 59 38 En
740 393 82 41 mai
837 397 38 37 et
887 393 149 52 juillet.

409 483 204 49 ALTHE^E,
640 484 76 41 Hb.
740 483 102 42 God.
867 484 187 49 Gemina,
1076 483 99 41 Led.

463 576 101 39 30m.
587 575 236 41 Ressemble
846 575 215 53 beaucoup
1083 575 23 40 à
1133 575 240 51 Malvarum,
1407 575 105 41 mais
1544 576 28 40 il
1593 580 60 36 est

408 647 92 53 plus
521 648 116 41 foncé
658 652 38 36 et
716 652 90 37 tout
826 660 45 29 ce
893 649 70 51 qui
984 651 61 37 est
1065 649 315 50 gris-rougeâtre
1395 648 97 42 chez
1506 649 38 40 le
1563 647 91 54 pré-

410 720 143 41 cédent
572 725 62 36 est
665 722 50 39 ici
750 721 95 40 d'un
867 720 309 52 gris-verdàtre.
1203 723 57 37 La
1292 721 198 53 première
1519 720 134 42 bande

409 793 179 41 noirâtre
622 797 60 37 est
709 794 136 40 moins
879 793 170 50 coudée,
1077 794 92 51 plus
1199 793 207 50 arrondie,
1437 794 58 40 les
1516 794 137 41 taches

409 866 147 41 vitrées
589 871 93 35 sont
715 866 92 52 plus
836 866 197 52 grandes;
1068 866 60 40 les
1162 866 97 40 ailes
1287 866 239 41 inférieures
1562 870 93 37 sont

410 951 177 41 presque
620 939 152 48 noires,
814 938 216 53 marquées
1066 951 53 28 au
1147 938 101 41 bout
1270 938 49 41 de
1349 939 40 41 la
1423 939 144 42 cellule
1605 939 50 42 de

411 1015 108 42 deux
540 1016 24 40 à
584 1016 100 40 trois
704 1016 142 40 taches
863 1015 283 53 blanchâtres;
1169 1027 51 29 en
1246 1014 171 42 dessous
1448 1016 97 41 elles
1584 1019 73 38 ont

413 1100 53 29 au
485 1088 105 41 bord
611 1088 190 41 terminal
822 1088 49 41 de
900 1089 122 54 petits
1043 1089 117 39 traits
1180 1088 141 41 blancs
1340 1088 314 53 longitudinaux

409 1163 71 51 qui
502 1162 235 41 s'avancent
745 1160 196 54 jusqu'au
963 1162 98 40 tiers
1081 1160 50 41 de
1156 1160 127 53 l'aile;
1307 1161 125 50 enfin,
1459 1163 58 40 les
1539 1161 115 54 supé-

410 1235 156 40 rieures
596 1237 72 38 ont
700 1246 51 29 en
782 1234 187 49 dessous,
992 1245 52 29 au
1075 1233 105 41 bord
1207 1234 172 50 interne,
1422 1233 91 55 près
1548 1234 48 41 de
1615 1234 40 41 la

409 1307 113 50 base,
544 1320 58 28 un
622 1307 182 52 bouquet
823 1307 49 41 de
891 1308 104 52 poils
1014 1307 98 41 d'un
1133 1308 82 50 gris
1226 1308 187 52 jaunâtre
1435 1319 51 29 ou
1508 1307 145 41 verdâ-

411 1382 61 39 tre
498 1379 334 54 très-prononcé.
854 1381 161 40 Massue
1036 1379 71 41 des
1128 1384 197 37 antennes
1346 1380 144 49 droite,
1512 1380 143 41 obtuse

413 1456 41 37 et
471 1465 84 29 non
584 1465 51 29 en
668 1453 166 42 crochet
864 1452 25 42 à
921 1452 257 50 l'extrémité,
1212 1452 98 43 d'un
1339 1454 91 40 noir
1464 1452 188 55 profond.

413 1525 191 50 (Guénée,
628 1527 46 39 T.
697 1525 55 52 S.)

468 1600 28 43 9
534 1600 91 52 plus
647 1598 153 53 grande
821 1601 40 39 et
879 1610 56 29 un
956 1610 78 41 peu
1054 1599 92 53 plus
1168 1599 140 41 claire.

468 1673 102 40 Bien
601 1673 135 40 moins
765 1671 184 54 répandu
987 1684 78 40 que
1100 1672 237 41 Malvarum.
1374 1672 202 42 Environs
1608 1671 50 42 de

414 1745 133 51 Paris,
569 1744 149 52 Lardy,
736 1744 103 42 forêt
856 1744 49 41 de
921 1744 158 51 Sénart,
1093 1745 93 53 juin
1204 1748 38 38 et
1256 1745 150 53 juillet,
1429 1749 227 47 Auvergne,

414 1819 171 53 prairies
607 1818 171 50 élevées,
802 1817 91 55 dép.
920 1819 52 40 du
992 1820 95 50 Var,
1111 1831 51 30 en
1171 1820 109 52 juin,
1298 1819 212 54 B.-Alpes,
1528 1821 62 40 lac
1610 1818 50 42 de

415 1890 40 42 la
475 1890 234 52 Madeleine,
733 1904 50 29 en
797 1892 153 52 juillet.

419 1995 253 50 LAVATERÆ,
693 1996 96 53 Esp.
813 1996 104 41 God.
941 1995 102 52 (Fig.
1070 2000 36 46 1,
1124 1996 54 53 pl.
1202 1995 81 52 18.)

475 2092 115 40 Cette
609 2092 141 52 espèce
781 2092 103 41 n'est
904 2103 73 42 pas
997 2102 90 30 rare
1107 2091 102 42 dans
1228 2092 58 40 les
1312 2091 180 42 localités
1518 2092 145 52 qu'elle

420 2164 154 50 habite,
588 2166 105 40 mais
715 2177 53 30 on
788 2166 39 40 la
844 2170 143 36 trouve
1003 2168 207 38 rarement
1230 2164 101 41 dans
1345 2165 37 40 le
1403 2168 136 38 centre
1559 2165 50 41 de
1624 2165 39 40 la

422 2237 170 42 France.
633 2238 98 53 Dép.
757 2238 56 40 du
843 2239 95 48 Var,
963 2237 49 41 de
1048 2238 36 40 la
1126 2238 163 49 Lozère,
1329 2237 259 53 l'Empezou,
1612 2238 50 40 de

420 2310 192 53 l'Ariége,
632 2311 71 41 des
738 2311 306 54 Basses-Alpes,
1067 2312 230 47 Malmorte,
1322 2313 112 50 Pyr.,
1459 2312 200 52 Montpel-

421 2384 73 49 ier,
515 2384 227 54 Dauphiné,
760 2384 140 54 Bourg
920 2385 226 48 d'Oissans,
1166 2387 75 38 etc.
1264 2385 158 52 Enjuin
1444 2387 38 37 et
1497 2384 155 52 juillet.
