1804 3000
949 356 52 7 —
1032 332 78 43 208
1141 355 50 8 —

885 450 240 49 (tricicales,
1150 454 108 45 Dup.)

454 541 184 42 PH^ÎDRA
660 542 44 39 L.
729 540 100 42 God.

509 638 93 40 55m.
627 637 106 41 Ailes
755 636 179 53 dentées,
957 637 96 41 d'un
1072 638 104 40 brun
1198 638 89 51 plus
1307 649 53 29 ou
1391 638 133 41 moins
1555 640 135 40 noirâ-

456 713 74 46 tre,
554 714 122 48 ayant
691 713 169 37 souvent
880 722 80 28 une
980 711 108 50 ligne
1110 710 329 41 anté-terminale
1474 712 89 51 plus
1599 712 89 40 fon-

458 782 83 48 cée,
558 794 79 41 peu
652 781 201 41 distincte.
878 782 264 52 Supérieures
1175 795 95 29 avec
1291 783 105 40 deux
1417 784 148 50 grands
1587 796 104 40 yeux

456 855 112 39 noirs
587 853 174 54 pupilles
793 854 49 42 de
860 854 182 42 bleuâtre
1064 859 38 37 et
1119 855 152 41 cerclés
1292 854 49 41 de
1354 856 127 51 jaune
1509 867 49 29 en
1597 855 94 41 des-

459 939 111 29 sous.
589 926 242 42 Inférieures
846 938 96 30 avec
958 939 58 29 un
1038 928 64 41 œil
1131 929 92 39 anal
1254 928 91 52 plus
1366 929 114 52 petit.
1517 929 177 40 Dessous

459 999 71 42 des
547 999 240 41 inférieures
808 1000 96 40 d'un
923 1001 107 39 brun
1050 1000 115 48 clair,
1202 1011 96 30 avec
1328 1013 80 28 une
1440 1001 133 41 bande
1608 1000 85 41 mé-

460 1071 120 42 diane
602 1072 161 48 diffuse,
787 1072 152 41 formée
959 1073 198 41 d'atomes
1176 1073 272 41 blanchâtres.

523 1144 33 55 ?
590 1145 211 53 beaucoup
819 1145 90 52 plus
930 1145 165 51 grande,
1120 1146 91 52 plus
1232 1146 120 41 claire
1373 1157 95 30 avec
1505 1145 56 41 les
1595 1158 105 40 yeux

460 1217 463 54 proportionnellement
943 1218 89 53 plus
1055 1218 148 51 grands
1223 1222 38 36 et
1280 1218 136 41 mieux
1445 1217 185 53 pupillés.

520 1290 182 41 Chenille
718 1302 49 28 en
782 1291 105 51 juin,
911 1302 70 29 sur
999 1291 172 41 l'avoine
1207 1290 132 42 élevée
1360 1291 145 49 (avena
1524 1289 173 52 elatior).

463 1364 121 41 Assez
602 1375 193 31 commun
823 1363 102 41 dans
944 1364 58 40 les
1021 1363 107 47 bois,
1161 1375 70 28 sur
1248 1363 59 41 les
1320 1363 208 54 bruyères,
1546 1364 101 40 dans
1668 1364 35 40 le

464 1440 136 38 centre
619 1440 38 37 et
674 1436 90 41 l'est
782 1436 50 41 de
851 1437 39 39 la
911 1438 168 47 France,
1115 1436 331 49 Fontainebleau,
1484 1448 104 36 rare,
1611 1437 88 39 Au-

463 1521 163 39 vergne,
657 1507 101 42 forêt
773 1508 49 41 de
844 1508 188 50 Randan,
1051 1510 168 50 Vosges,
1242 1509 306 50 très-commun,
1582 1510 124 41 forêts

468 1581 70 42 des
558 1581 124 41 bords
703 1581 53 41 du
779 1582 124 49 Rhin,
928 1581 88 41 bois
1038 1581 49 42 de
1108 1579 197 44 Nenhorfî
1321 1585 39 38 et
1378 1582 224 50 d'Illkirch,
1626 1586 77 37 etc.

468 1656 62 39 En
545 1654 135 53 juillet
699 1658 40 37 et
756 1657 113 38 août.

470 1751 201 40 COFtDUL,t
691 1751 45 39 F.
760 1749 101 42 God.
886 1749 65 53 (pl.
978 1751 64 47 16,
1067 1747 65 53 fig.
1157 1752 53 48 2).

523 1847 112 39 Cette
654 1845 104 40 belle
776 1844 140 54 espèce
930 1844 104 42 n'est
1053 1856 72 41 pas
1143 1856 89 29 rare
1253 1844 102 41 dans
1370 1844 58 41 les
1457 1843 250 42 Basses-Al-

471 1929 85 42 pes,
580 1928 79 30 aux
676 1918 190 40 environs
887 1917 50 41 de
970 1918 320 47 Barcelonnette,
1313 1919 93 50 près
1427 1918 35 39 le
1494 1916 147 52 village
1662 1916 51 41 de

473 1993 181 39 Faucon.
683 1990 122 50 Isère,
828 1990 327 51 Bourg-d'Oisans,
1155 1990 123 51 etc.
1297 1990 85 41 Elle
1398 2002 42 29 se
1454 2001 98 43 pose
1571 1990 142 41 volon-

477 2066 95 40 tiers
599 2064 102 40 dans
720 2062 60 42 les
805 2063 174 41 terrains
1000 2066 189 39 couverts
1210 2062 50 42 de
1293 2063 263 41 broussailles
1589 2067 39 37 et
1661 2065 53 39 où

478 2140 103 38 croit
600 2137 39 40 la
658 2135 187 42 lavande.

478 2233 74 40 AB.
582 2231 34 57 Y
644 2233 108 40 Peas
773 2231 106 50 Hub,

536 2328 174 41 Femelle
728 2328 90 52 plus
838 2327 122 54 petite
980 2337 77 41 que
1077 2326 59 41 les
1157 2324 208 42 individus
1385 2322 240 44 ordinaires.

482 2401 94 39 Var.
599 2400 147 53 Bryce,
768 2401 101 40 Och.

539 2472 146 41 Diffère
713 2472 48 42 de
781 2473 176 41 Cordula
976 2472 156 41 femelle
1155 2484 51 30 en
1226 2483 44 30 ce
1290 2482 77 41 que
1398 2482 62 30 ses
1495 2471 98 41 ailes
1630 2474 93 38 sont

485 2545 92 53 plus
598 2545 241 53 oblongues,
854 2546 59 41 les
934 2544 254 55 supérieures
1203 2545 90 53 plus
1308 2544 138 50 aiguës
1465 2555 52 30 au
1531 2548 189 45 sommet,
