1732 3012
931 339 54 7 —
1019 320 50 39 88
1099 341 52 17 -r-

428 419 263 53 Tétrapodes,
713 418 135 41 tandis
876 431 77 39 que
980 421 58 39 les
1056 424 135 37 autres
1211 421 94 41 chez
1322 423 176 52 lesquels
1516 424 58 40 les
1595 426 61 39 six

424 495 133 49 pattes
602 495 93 37 sont
739 490 262 54 développées
1043 496 93 36 sont
1177 492 184 41 nommés
1401 495 253 52 Hexapodes.

478 565 77 38 Les
589 564 98 39 ailes
718 563 204 41 attachées
949 564 25 40 à
1006 564 40 40 la
1072 566 128 50 partie
1232 565 164 42 latérale
1424 567 232 52 supérieure

426 635 56 41 du
499 636 159 50 thorax,
676 640 94 37 sont
787 636 186 53 toujours
993 648 53 29 au
1067 638 171 41 nombre
1257 638 49 41 de
1325 643 156 49 quatre,
1493 641 162 53 excepté

426 708 101 40 dans
560 709 193 51 quelques
785 709 194 49 femelles,
1006 709 95 41 chez
1129 711 70 50 qui
1232 711 95 40 elles
1360 715 94 37 sont
1490 712 25 41 à
1544 712 112 42 l'état

425 781 290 41 rudimentaire
746 785 39 37 et
821 782 225 53 impropres
1083 793 53 30 au
1166 783 81 41 vol.
1268 783 191 41 Chacune
1498 784 155 53 d'elles,

425 853 234 42 considérée
687 854 23 40 à
735 857 105 49 part,
867 854 175 41 consiste
1076 866 50 28 en
1159 854 107 41 deux
1293 854 128 42 lames
1448 856 208 41 membra-

424 937 148 29 neuses
604 930 38 35 et
671 926 255 40 intimement
951 927 117 39 unies
1097 929 113 38 entre
1238 927 95 40 elles
1363 938 75 41 par
1460 927 89 41 leur
1569 928 91 42 face

423 998 176 48 interne,
625 1000 39 38 et
687 997 169 42 divisées
878 1009 52 30 en
947 998 201 52 plusieurs
1177 997 151 55 parties
1358 998 209 46 distinctes
1579 1011 79 41 par

425 1071 70 40 des
528 1071 104 41 filets
669 1072 141 40 cornés
844 1072 91 52 plus
966 1083 55 29 ou
1057 1071 135 41 moins
1224 1072 212 50 saillants,
1470 1074 187 41 nommés

422 1142 218 41 Nervures.
664 1143 75 40 Ces
759 1143 108 41 deux
884 1144 141 48 lames,
1042 1143 70 52 qui
1131 1144 246 40 constituent
1396 1143 38 40 le
1455 1143 144 43 dessus
1619 1147 40 37 et

423 1214 37 39 le
489 1213 169 41 dessous
687 1214 48 41 de
763 1215 121 48 l'aile,
908 1217 92 38 sont
1020 1220 251 35 recouvertes
1301 1214 121 40 d'une
1448 1216 210 51 poussière

421 1288 202 39 farineuse
643 1288 69 50 qui
738 1287 170 41 s'enlève
940 1288 232 40 facilement
1189 1299 74 41 par
1280 1288 38 40 le
1338 1288 190 40 toucher;
1546 1289 111 41 Cette

420 1361 206 51 poussière
659 1364 59 37 est
744 1372 59 28 un
823 1361 250 50 assemblage
1105 1360 49 40 de
1182 1361 145 51 petites
1351 1359 161 41 écailles
1542 1361 113 40 colo-

422 1432 103 51 rées,
547 1432 238 53 implantées
806 1445 70 29 sur
895 1433 40 40 la
955 1435 127 52 partie
1105 1433 313 41 membraneuse
1435 1444 50 29 au
1508 1444 148 41 moyen

423 1504 97 40 d'un
540 1504 184 53 pédicule
746 1508 38 37 et
803 1505 205 53 disposées
1036 1517 95 29 avec
1157 1506 40 40 la
1219 1508 130 37 même
1368 1504 189 53 symétrie
1577 1517 79 39 que

421 1579 58 39 les
508 1579 117 39 tuiles
656 1577 98 40 d'un
780 1579 87 39 toit.
890 1580 106 38 Leur
1013 1579 130 39 forme
1170 1578 109 40 varie
1300 1577 211 52 beaucoup
1541 1577 114 40 selon

421 1651 58 39 les
499 1649 163 52 espèces
680 1652 38 36 et
733 1648 101 41 dans
848 1649 155 51 chaque
1024 1648 139 53 espèce
1180 1648 250 52 elle-même;
1448 1647 97 41 elles
1560 1652 98 41 sont

422 1721 298 50 généralement
752 1722 90 51 plus
871 1720 171 51 grandes
1075 1721 101 40 dans
1202 1721 59 40 les
1291 1720 259 42 Hétérocères
1576 1733 80 39 que

423 1794 102 40 dans
544 1795 57 39 les
619 1794 311 52 Rhopalocères.

475 1869 107 38 Tous
602 1868 59 39 les
682 1866 283 53 Lépidoptères
993 1871 92 37 sont
1111 1879 178 40 pourvus
1310 1866 218 50 d'écaillés,
1550 1867 104 40 mais

420 1939 94 40 chez
530 1939 323 51 quelques-unes
874 1939 95 40 elles
989 1942 94 37 sont
1102 1940 35 39 si
1155 1940 145 51 petites
1323 1943 37 36 et
1381 1939 34 39 si
1434 1950 81 41 peu
1531 1950 122 29 nom-

419 2012 168 40 breuses
618 2023 159 29 comme
803 2023 74 40 par
903 2012 181 52 exemple
1113 2012 95 40 chez
1237 2011 59 41 les
1330 2011 276 53 Macroglossa
1629 2012 25 41 à.

419 2086 101 39 ailes
548 2084 162 50 vitrées,
732 2085 167 53 qu'elles
918 2085 288 52 disparaissent
1230 2096 106 41 pour
1352 2096 80 41 peu
1457 2096 78 40 que
1553 2083 98 41 l'in-

419 2161 108 37 secte
547 2158 56 39 ait
620 2158 102 40 volé.
743 2160 76 38 Les
837 2169 192 29 nervures
1047 2160 91 38 sont
1159 2157 72 40 des
1252 2168 171 39 organes
1443 2156 205 54 fistuleux,

418 2230 220 49 filiformes,
661 2231 91 51 plus
779 2242 53 30 ou
860 2231 133 39 moins
1013 2229 190 50 ramifiés,
1228 2229 100 40 dans
1359 2230 176 52 lesquels
1565 2230 85 40 cir-

417 2303 88 40 cule
518 2315 79 28 une
610 2304 159 50 liqueur
781 2303 198 53 incolore;
993 2314 103 29 nous
1116 2303 130 40 allons
1266 2300 181 42 détailler
1462 2302 88 40 leur
1569 2300 84 42 dis-

418 2375 196 53 position.

472 2449 57 38 La
547 2448 130 50 figure
696 2450 39 47 6,
751 2449 217 48 ci-contre,
990 2448 230 52 représente
1238 2445 60 45 les
1314 2446 106 44 deux
1437 2446 98 45 ailes
1553 2445 95 45 d'un

418 2519 246 56 lépidoptère
684 2520 63 42 du.
761 2532 122 42 genre
899 2521 177 55 Papilio,
