1788 2996
644 338 52 6 —
725 319 80 38 209
833 337 52 8 —

1086 2520 260 119 [texte_manquant]

145 425 40 37 et
204 433 48 28 en
273 433 45 28 ce
337 432 78 39 que
432 421 58 39 les
513 419 104 40 deux
644 431 103 40 yeux
772 431 50 27 ne
857 422 91 37 sont
967 418 115 52 point
1111 416 188 42 entourés
1327 417 49 40 de

139 494 128 50 jaune
283 504 50 28 en
349 491 142 41 dessus
509 490 212 52 (Guénée).

146 587 151 41 .,%CTA,,A
312 587 95 50 Esp.
425 585 98 40 God.

200 679 93 42 52m.
321 680 107 39 Ailes
449 678 97 40 d'un
569 676 231 50 brun-noir,
823 678 221 51 chatoyant
1071 688 50 29 en
1137 676 135 41 violet.
1296 677 81 40 Su-

146 752 203 53 périeures
369 763 56 28 un
450 762 75 41 peu
548 751 139 50 aiguës
708 750 24 40 à
750 749 143 53 l'angle
928 750 146 51 apical,
1105 760 95 30 avec
1223 747 39 41 la
1288 751 88 38 côte

148 824 90 50 plus
264 823 120 40 claire
406 826 38 36 et
468 834 56 27 un
543 822 65 40 œil
640 822 91 40 noir
764 822 146 51 apical.
944 823 177 38 Dessous
1153 820 70 41 des
1256 820 122 53 supé-

150 895 151 40 rieures
319 894 95 40 d'un
434 895 103 39 brun
552 895 90 51 plus
657 894 113 47 clair,
787 904 95 29 avec
904 892 71 41 des
992 894 114 39 traits
1124 891 100 42 dans
1242 893 38 39 la
1299 894 82 39 cel-

150 967 78 40 lule
249 971 38 35 et
306 967 94 40 l'œil
427 967 52 39 du
500 966 141 40 dessus
668 965 167 41 entouré
858 965 50 40 de
936 966 205 51 jaunâtre,
1163 977 217 40 accompa-

152 1038 75 50 gné
260 1037 47 40 de
329 1038 101 39 deux
461 1040 132 50 points
626 1038 140 40 blancs
801 1036 264 42 au-dessous.
1100 1038 177 39 Dessous
1310 1037 71 41 des

151 1110 237 40 inférieures
409 1110 97 40 d'un
525 1110 104 39 brun
650 1110 99 40 clair
769 1109 95 41 strié
885 1109 48 40 de
952 1108 132 51 blanc,
1123 1120 95 30 avec
1251 1110 57 39 les
1328 1109 51 40 li-

153 1193 98 39 gnes
271 1182 183 40 médiane
474 1185 40 37 et
534 1181 321 41 anté-terminale
875 1181 89 54 plus
984 1181 177 48 foncées,
1178 1184 114 37 entre
1312 1192 68 29 ces

153 1253 104 41 deux
276 1253 129 51 lignes
435 1266 81 29 une
535 1253 131 41 bande
688 1253 212 52 mi-partie
932 1252 49 41 de
1000 1253 107 40 brun
1127 1256 39 38 et
1196 1252 49 41 de
1268 1252 115 41 blan-

152 1325 152 41 châtre.

215 1396 35 56 9
277 1397 91 54 plus
390 1399 134 47 claire,
547 1397 204 51 arrondie,
784 1401 123 49 ayant
940 1401 172 37 souvent
1142 1397 105 40 deux
1278 1409 104 40 yeux

154 1471 112 40 noirs
292 1474 38 36 et
360 1470 104 40 deux
483 1472 135 50 points
637 1471 137 40 blancs
802 1469 337 50 intermédiaires,
1161 1481 80 29 aux
1260 1469 121 53 supé-

156 1545 168 39 rieures.
352 1545 175 39 Dessous
547 1543 90 40 d'un
656 1544 104 39 brun
789 1543 188 53 jaunâtre
994 1558 9 35 ;
1031 1542 238 41 inférieures
1289 1553 95 29 avec

155 1616 39 39 la
213 1616 106 49 ligne
340 1615 189 41 basilaire
548 1615 140 41 visible
709 1619 39 36 et
768 1614 169 41 éclairée
967 1614 196 40 d'atomes
1181 1614 156 39 blancs.

212 1688 152 40 France
384 1688 176 40 centrale
582 1692 38 35 et
655 1686 278 41 méridionale.
957 1686 99 51 Dép.
1080 1685 54 40 du
1171 1686 93 47 Var,
1303 1686 82 37 Au-

157 1770 161 39 vergne,
338 1758 334 49 Saint-Nectaire,
695 1760 91 50 Pyr.
819 1760 67 38 Or.
918 1758 469 40 Saint-Martin-du-Ca-

159 1831 140 49 nigou,
337 1832 52 38 où
426 1832 50 37 M.
514 1831 144 39 Bellier
693 1830 53 39 l'a
778 1830 107 52 prise
914 1828 347 49 communément,
1287 1829 101 39 mais

160 1901 99 40 dont
278 1901 58 40 les
355 1900 202 42 individus
576 1903 325 51 appartiennent,
930 1901 112 40 selon
1074 1900 71 50 lui,
1177 1901 24 40 à
1228 1887 56 54 la"
1302 1912 89 30 var.

160 1976 198 39 suivante.
376 1974 95 41 Juin
492 1977 39 38 et
542 1972 149 53 juillet.

164 2070 88 39 Var.
276 2069 202 49 Podarce,
500 2068 102 41 Och.

218 2165 56 37 Ne
289 2162 140 41 diffère
462 2162 175 42 d'Actaea
654 2164 122 50 qu'en
792 2176 45 28 ce
857 2175 76 41 que
949 2164 57 40 les
1026 2175 193 30 nervures
1239 2163 54 41 du
1309 2163 89 41 des-

164 2245 96 29 sous
279 2234 70 40 des
375 2234 237 41 inférieures
629 2238 92 37 sont
746 2234 277 52 saupoudrées
1044 2236 49 39 de
1116 2235 119 41 blanc
1264 2236 131 44 (Gue-

166 2309 101 51 née).
