1816 3024
984 390 54 10 —
1066 370 79 41 218
1174 390 53 9 —

491 468 166 44 France.
675 469 85 44 Elle
781 474 60 39 est
859 482 112 33 assez
1000 484 219 31 commune
1247 472 103 43 dans
1369 473 40 42 la
1436 473 193 53 Sologne,
1655 486 78 31 aux

486 542 191 44 environs
691 543 50 43 de
756 545 258 54 Beaugency.
1033 547 52 41 M.
1104 547 175 53 Lafaury
1302 547 51 41 l'a
1367 548 106 53 prise
1490 550 112 39 aussi
1624 560 110 30 com-

486 617 239 42 munément
745 619 91 53 près
857 618 48 42 de
929 620 100 40 Dax.
1054 621 62 39 En
1137 621 82 39 mai
1241 625 38 36 et
1289 618 108 54 juin.

541 692 53 39 Ce
626 695 134 48 satyre
793 693 110 40 varie
928 692 214 53 beaucoup
1175 705 105 41 pour
1314 694 38 39 la
1385 693 202 51 grandeur
1619 699 38 35 et
1695 695 39 41 le

485 764 169 41 nombre
688 764 71 41 des
791 777 107 40 yeux
925 765 54 41 du
1016 765 172 41 dessous
1220 766 71 41 des
1323 767 98 40 ailes
1458 766 272 53 supérieures.

485 837 205 54 Quelques
716 837 207 43 individus
945 850 50 29 en
1016 843 93 36 sont
1131 839 235 41 totalement
1398 839 133 52 privés
1552 844 38 36 et
1612 852 123 29 cons-

484 911 164 48 tituent,
667 911 24 40 à
706 922 44 29 ce
771 922 79 40 que
869 923 106 29 nous
988 923 196 41 pensons,
1201 912 37 40 le
1254 913 42 39 S.
1314 912 113 40 Miris
1443 911 49 42 de
1507 912 225 42 Fabricius.

484 982 183 42 D'autres
684 983 117 41 n'ont
819 985 128 51 qu'un
969 985 81 49 œil,
1074 984 180 41 d'autres
1271 984 122 51 deux,
1410 985 115 49 trois,
1544 989 38 36 et
1604 987 129 38 même

485 1059 142 48 quatre
643 1056 95 41 chez
758 1057 58 40 les
830 1057 197 41 femelles.

538 1146 137 50 HERO,
695 1147 45 38 L.
764 1145 105 41 God.

538 1238 95 39 32m.
657 1236 109 40 Ailes
784 1235 98 41 d'un
901 1236 316 42 brun-noirâtre
1235 1251 10 38 ;
1269 1237 256 53 supérieures
1560 1251 94 29 avec
1673 1250 57 30 un

484 1309 100 52 petit
600 1309 116 52 point
738 1309 92 40 noir
849 1310 130 52 apical
995 1309 128 41 cerclé
1144 1309 49 40 de
1213 1311 134 40 fauve.
1371 1311 244 41 Inférieures
1635 1324 96 28 avec

486 1382 101 40 trois
607 1394 53 28 ou
681 1386 142 47 quatre
842 1383 135 51 points
1000 1381 259 54 semblables,
1283 1383 99 40 dont
1402 1383 104 41 deux
1520 1384 212 53 beaucoup

486 1454 93 54 plus
601 1467 107 39 gros.
732 1456 178 39 Dessous
926 1454 211 53 beaucoup
1155 1455 91 53 plus
1266 1456 114 52 clair,
1403 1467 95 30 avec
1525 1469 81 27 une
1625 1457 109 50 ligne

489 1528 332 40 anté-terminale
849 1527 203 53 plombée,
1086 1528 204 42 brillante.
1314 1530 177 39 Dessous
1523 1529 70 40 des
1628 1530 106 40 infé-

490 1602 154 39 rieures
663 1611 96 31 avec
779 1601 95 50 cinq
892 1612 54 28 ou
966 1601 62 40 six
1047 1613 105 39 yeux
1167 1602 113 40 noirs
1299 1602 172 52 pupillés
1492 1602 49 40 de
1561 1603 119 40 blanc
1695 1605 40 38 et

491 1675 25 39 à
535 1674 71 40 iris
626 1672 97 42 d'un
738 1673 278 50 fauve-rouge,
1039 1685 68 29 ces
1125 1685 106 40 yeux
1250 1674 190 53 précédés
1461 1674 120 41 d'une
1602 1674 133 41 bande

492 1746 174 41 blanche
685 1744 276 52 très-inégale.
987 1747 55 38 Le
1076 1745 103 41 bord
1207 1747 189 41 terminal
1437 1751 61 37 est
1530 1759 51 29 en
1621 1750 115 37 outre

494 1821 120 52 longé
628 1833 73 41 par
717 1833 81 29 une
817 1821 109 50 ligne
941 1821 287 52 rouge-fauve.

560 1895 34 55 ç
624 1899 122 49 ayant
766 1893 320 42 ordinairement
1101 1907 57 28 un
1179 1895 152 41 second
1356 1897 115 52 point
1490 1908 71 29 sur
1588 1896 58 41 les
1667 1905 70 32 su-

499 1969 207 53 périeures
726 1972 39 37 et
780 1969 58 39 les
854 1980 106 41 yeux
980 1968 137 46 mieux
1137 1969 205 51 marqués.

559 2044 30 39 Il
610 2043 105 40 n'est
732 2054 74 39 pas
827 2052 89 30 rare
939 2041 101 41 dans
1060 2042 196 51 quelques
1270 2041 181 43 localités
1467 2042 70 42 des
1551 2043 189 41 environs

504 2119 50 40 de
573 2118 135 51 Paris;
731 2128 104 29 nous
849 2116 153 41 l'avons
1016 2116 84 52 pris
1116 2116 318 41 abondamment
1454 2116 101 41 dans
1572 2116 58 41 les
1649 2116 91 41 bois

504 2193 49 40 de
574 2191 283 49 Notre-Dame,
879 2188 350 51 d'Arminvilliers,
1253 2193 38 37 et
1312 2190 256 51 quelquefois
1595 2189 24 41 à
1638 2187 104 42 Fon-

502 2264 248 51 tainebleau.
790 2263 33 40 Il
867 2265 60 38 est
961 2274 193 29 commun
1192 2264 112 39 aussi
1342 2263 101 40 dans
1482 2263 58 40 les
1569 2263 169 49 Vosges,

500 2339 104 40 forêt
622 2337 50 41 de
691 2336 289 52 Fengenheim,
1004 2336 159 53 Epinal,
1185 2342 78 37 etc.
1287 2337 75 41 Fin
1382 2336 50 42 de
1446 2337 83 40 mai
1550 2340 39 38 et
1630 2336 108 54 juin.

502 2436 127 45 IPHIS,
652 2442 34 30 s.
708 2442 39 29 v.
771 2428 104 42 God.

554 2528 96 40 32"1.
688 2522 109 42 Ailes
826 2521 210 42 arrondies
1069 2520 98 42 d'un
1205 2521 107 41 brun
1344 2520 112 43 clair.
1483 2521 260 55 Supérieures

502 2602 123 51 ayant
644 2598 38 42 le
701 2596 143 55 disque
867 2594 125 44 teinté
1012 2594 50 43 de
1081 2595 135 50 fauve,
1239 2606 93 30 sans
1362 2596 66 41 œil
1460 2596 145 54 apical.
1630 2597 113 41 Infé-
