1752 2996
574 287 52 8 -
655 267 50 39 55
736 289 48 6 —

152 371 56 40 La
227 370 180 54 Zygœnci
428 371 193 50 lonicerœ,
644 371 78 41 fort
742 372 313 52 improprement
1066 370 186 41 nommée
1270 370 53 40 du

97 446 119 45 reste,
238 444 172 51 puisque
430 445 42 39 ni
501 444 39 39 la
559 444 186 48 chenille,
775 445 41 38 ni
846 444 182 40 l'insecte
1048 444 145 51 parfait
1211 455 51 27 ne
1282 455 42 27 se

94 519 186 36 trouvent
298 528 70 27 sur
388 519 101 37 cette
509 516 151 51 plante,
695 515 104 42 éclot
820 515 99 40 dans
937 516 38 39 la
1002 515 182 40 dernière
1203 515 120 51 quin-

93 588 110 39 zaine
235 587 53 39 du
317 588 103 39 mois
452 587 49 40 de
521 588 103 51 jnin.
664 587 84 40 Elle
784 588 135 39 habite
951 599 80 28 aux
1069 588 187 39 environs
1277 586 47 39 de

93 659 112 39 Paris
224 658 69 41 des
307 658 179 41 localités
505 670 108 29 assez
634 660 248 48 restreintes,
906 660 113 39 telles
1034 671 76 39 que
1127 660 56 39 les
1197 658 122 40 bords

95 729 52 40 du
169 731 115 39 canal
322 730 48 41 de
402 731 163 53 l'Ourcq
593 736 37 35 et
650 732 128 39 l'allée
796 731 48 40 de
876 734 268 48 Rougemont,
1168 731 100 40 dans
1288 731 35 38 la

93 802 101 40 forêt
217 802 49 40 de
287 802 156 53 Bondy,
468 804 196 39 certaines
693 803 121 41 allées
843 803 48 40 de
912 804 38 39 la
970 805 101 38 forêt
1091 803 48 40 de
1166 803 157 50 Sénart,

93 874 89 51 près
205 873 36 41 le
261 876 210 39 carrefour
484 874 277 52 Montesquieu
783 879 38 36 et
834 874 36 41 le
892 876 205 40 carrefour
1112 876 68 39 des
1202 877 125 38 Deux-

95 946 218 40 Chàteaux.
342 948 108 39 Nous
467 945 151 43 l'avons
633 948 107 51 prise
756 948 108 39 aussi
881 947 254 51 quelquefois
1155 947 100 40 dans
1271 946 56 41 les

95 1019 186 39 environs
312 1018 49 41 de
398 1013 296 57 l'Étang-Vert,
729 1020 89 51 près
860 1019 48 40 de
941 1019 197 41 Châville.
1179 1019 87 40 Elle
1288 1031 40 28 se

96 1101 138 41 repose
255 1094 167 37 souvent
444 1103 69 28 sur
545 1090 39 41 la
617 1090 213 41 centaurée
870 1092 314 51 chausse-trape.
1220 1089 109 42 Celle

96 1161 47 40 de
164 1161 38 40 la
234 1162 234 52 filipendule
488 1166 58 36 est
567 1166 290 36 extrêmement
878 1174 216 29 commune
1119 1163 100 40 dans
1238 1168 91 35 tous

96 1231 57 42 les
169 1234 87 39 bois
274 1234 68 40 des
368 1236 185 39 environs
574 1234 48 40 de
644 1234 38 39 la
703 1235 184 50 capitale.
915 1233 135 50 Quant
1072 1236 23 39 à
1115 1247 44 28 sa
1181 1235 149 50 congé-

97 1306 92 39 nère
223 1307 158 51 Irifolii,
403 1306 38 40 la
471 1305 109 42 seule
617 1306 164 41 localité
805 1309 51 38 où
880 1319 103 28 nous
1011 1307 156 52 l'ayons
1188 1318 143 29 encore

97 1377 165 40 trouvée
300 1382 59 35 est
393 1378 37 40 la
461 1379 102 40 forêt
592 1378 48 41 de
669 1379 261 52 Compiègne,
971 1379 101 40 dans
1093 1378 57 41 les
1183 1379 148 52 parties

97 1449 201 40 humides.
321 1449 86 41 Elle
428 1455 130 47 paraît
578 1463 50 28 au
649 1456 348 36 commencement
1016 1451 47 39 de
1078 1452 104 50 juin.

152 1525 57 37 La
236 1523 143 39 Thecla
400 1523 175 52 lyncœus
603 1535 40 28 se
661 1535 98 40 pose
778 1535 69 27 sur
872 1522 38 40 la
931 1535 138 35 ronce,
1092 1522 34 40 le
1142 1523 187 51 serpolet;

99 1594 37 40 la
160 1595 188 52 bruyère,
371 1599 77 36 etc.
480 1594 87 42 Elle
585 1600 59 36 est
667 1598 288 37 extrêmement
975 1595 229 40 abondante
1234 1595 98 40 dans

103 1673 88 36 tous
212 1667 56 41 les
292 1666 85 42 boi3
397 1683 9 37 ;
432 1669 36 39 la
493 1667 144 41 Thecla
668 1669 58 39 TV.
752 1669 135 39 album
915 1667 69 52 qui
1015 1667 105 41 éclot
1139 1667 195 51 quelques

98 1740 113 52 jours
230 1744 261 48 auparavant,
516 1741 107 39 aime
646 1752 48 28 en
716 1739 160 51 général
899 1740 23 40 à
950 1751 42 29 se
1014 1751 162 40 reposer
1207 1751 69 28 sur
1299 1738 36 41 le

104 1813 200 47 marrube,
323 1813 99 39 dans
443 1810 56 43 les
520 1816 135 36 routes
673 1812 181 52 plantées
873 1812 189 40 d'ormes.

158 1886 95 38 Vers
271 1884 38 40 la
325 1876 126 56 Saint-
451 1876 126 56 Jean,
597 1883 34 42 le
647 1885 189 51 Steropes
851 1885 239 40 aracinthus
1103 1896 233 29 commence

104 1957 23 39 à
147 1956 145 41 éclore.
319 1955 82 40 Elle
422 1960 58 37 est
498 1968 215 29 commune
742 1956 102 41 dans
864 1956 57 40 les
944 1956 206 42 clairières
1170 1957 163 40 ombra-

104 2028 91 50 gées
216 2027 50 41 de
296 2027 38 40 la
352 2029 101 39 forêt
473 2028 48 40 de
543 2028 218 53 Chantilly,
790 2029 334 52 principalement
1148 2030 92 51 près
1268 2028 68 41 des

104 2099 139 51 étangs
272 2099 48 40 de
355 2099 37 40 la
412 2100 346 49 Reine-Rlanche,
784 2100 100 41 dans
918 2101 38 39 la
984 2102 102 39 forêt
1108 2101 49 40 de
1178 2101 156 48 Sénart,

106 2179 157 36 surtout
282 2175 99 40 dans
402 2174 36 41 le
454 2176 205 50 voisinage
675 2174 47 42 de
736 2175 39 40 la
799 2176 273 40 Faisanderie.

162 2248 249 52 VArgynnis
427 2247 141 52 phœbe
590 2260 41 28 se
662 2251 139 38 trouve
823 2248 101 40 dans
946 2248 58 40 les
1026 2251 151 37 mêmes
1196 2249 140 40 forêts.

111 2320 84 40 Elle
215 2323 58 37 est
294 2331 213 29 commune
540 2331 51 28 au
613 2324 115 36 mont
748 2320 48 40 de
818 2323 73 48 Po,
914 2333 69 27 sur
1003 2322 39 38 la
1067 2321 171 39 hauteur
1268 2324 66 48 qui

112 2391 162 40 domine
292 2390 38 40 la
348 2390 123 41 vallée
492 2392 47 40 de
560 2392 254 52 Lamorlaye,
844 2393 52 39 où
918 2404 103 28 nous
1062 2393 153 40 l'avons
1243 2405 96 28 sou-

109 2467 94 36 vent
222 2463 106 52 prise
348 2475 49 27 en
417 2465 236 51 compagnie
675 2462 70 42 des
781 2465 171 51 Lycœna
984 2468 116 36 avion
1140 2469 38 35 et
1208 2478 130 38 tmon,
