1776 2996
626 279 54 11 —
710 258 71 42 181
818 279 54 12 —

1163 2532 42 36 11

136 358 253 56 supérieures
409 362 120 49 ayant
548 359 145 50 l'angle
716 357 127 53 apical
870 357 111 52 glacé
1001 356 49 42 de
1069 363 98 35 vert.
1192 358 175 41 Dessous

137 435 71 39 des
241 432 237 41 inférieures
508 430 236 41 totalement
778 429 111 51 glacé
915 430 48 40 de
989 435 85 35 vert
1102 441 95 29 avec
1226 434 141 47 quatre

136 505 151 41 bandes
307 503 208 51 argentées
535 507 262 43 transverses,
821 506 38 36 et
878 513 57 28 un
962 501 148 41 double
1136 513 100 39 rang
1256 512 111 29 mar-

137 578 106 50 ginal
264 576 50 40 de
334 587 92 38 gros
446 576 135 51 points
601 577 122 37 verts.

189 656 27 44 9
246 649 93 39 Plus
367 646 202 48 arrondie,
593 646 97 39 d'un
713 646 115 40 fauve
848 646 90 52 plus
960 658 53 28 ou
1029 647 132 40 moins
1185 645 183 52 mélangé

136 723 49 40 de
206 726 82 37 vert
306 733 51 28 en
377 720 158 48 dessus,
558 731 95 29 avec
675 720 57 39 les
749 720 137 40 taches
912 722 135 39 noires
1067 721 89 51 plus
1177 721 189 51 grandes,

136 805 189 29 nervures
345 792 70 41 des
436 792 253 52 supérieures
709 802 83 29 non
811 792 183 40 renflées.

190 865 180 41 Chenille
389 876 50 29 en
459 864 81 39 mai
557 875 70 28 sur
646 864 38 39 la
714 864 163 40 violette
910 864 49 40 de
992 864 118 41 chien
1135 864 133 49 (Viola
1298 876 70 28 ca-

137 936 136 53 nina).

193 1010 338 41 Très-commune
552 1008 102 42 dans
682 1010 58 40 les
760 1008 150 51 grands
929 1009 90 41 bois
1038 1009 50 41 de
1108 1012 45 39 T.
1176 1011 38 40 la
1235 1012 44 39 F.
1301 1022 70 29 sur

137 1084 58 40 les
224 1083 121 40 fleurs
364 1081 49 42 de
434 1093 122 30 ronce
573 1086 39 37 et
632 1082 49 41 de
710 1082 197 50 chardon,
927 1094 51 30 en
992 1083 147 51 juillet.

138 1173 75 41 AB.
241 1176 24 45 ?
291 1173 190 40 Valesina
502 1174 97 51 Esp.

192 1265 147 40 Diffère
358 1264 49 40 de
427 1263 153 53 Paphia
598 1275 73 41 par
691 1275 79 28 une
790 1263 125 41 teinte
941 1262 187 52 générale
1161 1263 97 42 d'un
1279 1265 91 40 noir

137 1337 183 41 vcrd&tre
340 1340 38 37 et
396 1348 71 40 par
485 1336 100 41 deux
604 1337 137 40 taches
760 1336 256 42 blanchâtres
1030 1349 90 29 vers
1140 1337 39 41 la
1194 1341 88 37 côte
1298 1338 72 40 des

138 1409 270 54 supérieures,
432 1408 169 41 dessous
623 1407 48 42 de
704 1409 183 40 celles-ci
917 1408 251 42 blanchâtre.
1192 1411 177 40 Dessous

139 1481 71 40 des
230 1480 238 41 inférieures
489 1478 98 42 d'un
617 1484 86 36 vert
721 1481 91 52 plus
841 1480 117 41 foncé
978 1492 78 40 que
1088 1481 39 40 la
1156 1478 27 46 ?
1209 1481 49 41 de
1288 1482 80 39 Pa-

137 1553 109 53 phia.

192 1627 148 40 Mêmes
350 1625 181 41 localités
549 1637 78 40 que
645 1622 167 55 Paphia,
833 1625 102 40 mais
955 1626 134 40 moins
1110 1624 206 54 répandue
1331 1628 40 38 et

138 1696 298 52 généralement
455 1708 110 30 assez
583 1709 104 29 rare.
707 1698 49 39 Se
771 1695 127 54 prend
910 1708 112 29 assez
1042 1702 167 36 souvent
1228 1698 23 40 à
1269 1698 102 39 Fon-

138 1768 229 42 tainebleau
389 1773 38 36 et
444 1770 23 40 à
486 1769 344 41 Saint-Germain.

193 1841 153 53 Paphia
364 1841 99 41 offre
493 1841 110 40 aussi
622 1839 254 53 quelquefois
897 1840 72 41 des
989 1840 204 42 individus
1210 1841 158 40 herma-

138 1913 208 53 phrodites
366 1916 37 37 et
425 1914 51 38 M.
500 1912 138 41 Fallou
661 1923 50 29 en
731 1923 23 29 a
786 1913 84 51 pris
891 1924 55 28 un
978 1912 260 51 récemment,
1262 1914 103 40 très-

139 1983 293 53 remarquable,
456 1983 99 42 dans
576 1985 39 40 la
634 1985 100 40 forêt
752 1984 47 41 de
819 1985 331 40 Fontainebleau.

193 2059 112 38 Nous
336 2055 226 52 figurerons
589 2055 111 42 aussi
730 2068 82 29 une
847 2056 228 41 aberration
1108 2056 260 42 accidentelle

140 2129 303 48 très-curieuse,
460 2127 105 54 prise
587 2128 101 41 dans
707 2128 38 41 la
763 2131 130 40 même
912 2128 159 41 localité

140 2224 210 39 PANDORA.
369 2233 31 28 S.
424 2234 36 28 v.
485 2220 183 54 Cynara,
691 2221 100 40 God.
815 2222 65 51 (pl.
905 2225 64 47 13,
986 2222 69 50 fig.
1081 2227 50 46 1.)

197 2312 111 39 Cette
327 2311 104 40 belle
450 2322 180 41 argynne
661 2312 102 39 n'est
796 2322 72 40 pas
906 2322 88 29 rare
1028 2312 102 40 dans
1167 2313 36 40 le
1233 2314 75 40 sud
1329 2319 38 36 et

139 2384 147 39 l'ouest
306 2382 47 40 de
375 2383 37 39 la
432 2384 168 39 France.
622 2383 85 39 Elle
734 2383 90 40 vole
847 2394 96 28 avec
958 2382 186 52 rapidité,
1167 2389 39 36 et
1225 2387 105 40 aime
1345 2388 23 39 à

141 2469 42 29 se
200 2468 119 43 poser
337 2468 70 30 sur
424 2457 58 42 les
503 2458 120 39 fleurs
645 2457 70 40 des
735 2456 217 53 chardons,
985 2469 49 28 en
1048 2459 94 50 juin
1162 2463 38 34 et
1215 2460 149 50 juillet.
