1776 2996
666 332 51 8 —
747 309 76 41 193
853 332 48 5 -

233 412 34 56 9
298 414 93 39 Plus
413 413 133 48 claire,
566 411 130 41 bande
716 413 115 40 fauve
848 412 90 51 plus
953 410 173 41 sensible
1145 414 38 36 et
1203 422 42 28 se
1267 410 131 40 conti-

169 492 126 34 nuant
323 490 168 36 souvent
521 497 70 28 sur
609 485 58 40 les
699 484 250 41 inférieures.
976 484 176 39 Dessous
1182 482 71 40 des
1274 481 122 53 supé-

168 558 153 40 rieures
357 568 93 29 avec
482 558 35 38 le
548 556 143 51 disque
724 559 223 48 rougeâtre.
981 557 176 39 Dessous
1194 554 69 40 des
1292 553 107 40 infé-

170 631 152 38 rieures
340 629 96 40 d'un
450 629 104 40 brun
568 633 113 36 terne
696 628 246 53 légèrement
957 627 109 41 sablé
1080 627 48 40 de
1144 627 254 49 blanchâtre,

171 713 94 29 avec
287 713 79 28 une
384 701 133 40 bande
536 701 90 52 plus
647 701 120 40 claire
787 704 35 35 et
849 712 76 40 peu
946 699 185 41 sensible.

228 776 125 37 Hauts
381 778 195 35 sommets
603 773 218 40 rocailleux
857 771 70 41 des
960 774 150 37 Hautes
1136 775 39 36 et
1194 773 44 37 B.
1261 771 141 52 Alpes,

172 846 168 52 prairies
362 845 298 51 de-l'Oz-losse,
684 844 53 40 du
756 845 98 39 Pain
881 844 49 40 de
952 855 116 28 sucre
1085 847 39 36 et
1143 842 49 41 de
1212 843 36 39 la
1270 842 133 40 Made-

172 923 119 45 leine,
327 922 271 49 Mont-Cenis,
634 925 194 36 sommets
862 919 223 41 au-dessus
1104 918 54 40 du
1193 920 76 46 lac,
1294 920 109 37 Dau-

174 993 137 53 phiné,
351 997 194 36 sommets
577 993 53 39 du
663 992 175 40 Galibier
871 996 38 35 et
936 991 53 40 du
1021 989 300 42 Haut-Richard
1354 1002 49 28 en

169 1066 148 50 juillet.
338 1067 75 37 Pas
434 1066 80 39 très
535 1076 191 28 commun
746 1067 178 49 partout.

175 1172 152 40 SciPiO.
351 1170 96 41 Bdv.
467 1172 102 51 Dup.

232 1279 49 40 44
297 1287 39 33 m.
354 1279 106 39 Ailes
473 1279 161 47 brunes,
652 1277 253 53 supérieures
917 1289 54 27 un
986 1289 75 40 peu
1077 1279 138 49 aigues
1229 1289 50 29 au
1301 1289 109 30 som-

178 1356 96 46 met,
296 1362 95 29 avec
409 1363 79 28 une
515 1350 131 41 bande
674 1349 276 50 ferrugineuse
977 1350 151 52 coupée
1147 1361 73 41 par
1239 1350 57 41 les
1321 1362 89 28 ner-

177 1435 119 28 vures
316 1427 38 35 et
379 1423 191 50 marquée
595 1424 25 39 à
647 1422 143 50 l'angle
820 1422 128 51 apical
978 1421 49 40 de
1047 1421 102 41 deux
1176 1433 103 41 yeux
1298 1420 112 42 noirs

178 1494 168 53 pupillés
367 1494 48 40 de
435 1494 133 49 blanc,
583 1495 200 48 contigus,
808 1499 38 34 et
859 1498 169 35 souvent
1043 1493 96 40 d'un
1153 1494 205 40 troisième
1372 1500 40 33 et

179 1566 95 40 d'un
295 1566 235 51 quatrième,
545 1567 89 50 plus
656 1564 134 53 petits,
808 1565 176 52 séparés.
999 1565 239 41 Inférieures
1259 1577 94 29 avec
1374 1565 38 40 la

179 1639 133 40 même
324 1637 147 48 bande,
489 1638 102 40 mais
609 1638 214 40 maculaire
845 1641 39 36 et
904 1638 89 51 plus
1013 1637 158 49 étroite,
1184 1637 227 40 ordinaire-

179 1713 113 37 ment
310 1721 94 28 sans
425 1721 117 41 yeux,
567 1709 254 51 quelquefois
841 1721 93 28 avec
957 1708 105 41 deux
1088 1721 51 28 ou
1172 1710 113 39 trois.
1309 1711 101 38 Des-

181 1793 95 28 sous
291 1781 69 40 des
377 1781 254 52 supérieures
645 1781 258 49 ferrugineux
920 1792 94 28 avec
1037 1780 38 40 la
1101 1784 103 45 côte,
1234 1792 80 28 une
1328 1781 87 39 bor-

181 1852 97 41 dure
298 1853 143 47 brune,
461 1856 39 36 et
536 1853 58 39 les
622 1864 104 39 yeux
754 1851 54 40 du
838 1851 157 41 dessus.
1020 1853 177 41 Dessous
1217 1851 70 42 des
1306 1851 81 41 infé
1401 1875 11 6 -

180 1923 156 42 rieures
356 1924 96 39 d'un
465 1924 106 39 brun
589 1924 91 40 noir
696 1935 111 29 assez
826 1924 86 48 uni,
936 1935 95 29 avec
1050 1935 53 29 ou
1123 1935 94 29 sans
1239 1936 118 39 yeux.

250 1995 34 55 9
312 1996 90 52 pluo
434 1996 116 51 pâle,
585 1996 92 52 plus
715 1994 179 52 grande,
938 1999 124 48 ayant
1098 1995 318 42 ordinairement

181 2072 143 47 quatre
343 2080 105 40 yeux
471 2080 77 27 aux
581 2068 253 51 supérieures
860 2072 38 36 et
928 2069 100 39 trois
1058 2079 78 29 aux
1158 2067 252 41 inférieures.

182 2141 174 40 Dessous
384 2139 48 41 de
465 2140 185 40 celles-ci
681 2138 96 42 d'un
797 2140 82 50 gris
900 2138 147 41 cendré
1067 2137 71 43 uni
1161 2140 253 49 quelquefois

180 2223 95 28 avec
290 2211 198 50 quelques
510 2212 134 51 points
661 2212 112 38 noirs
796 2223 82 27 non
898 2209 186 53 pupillés.

237 2283 110 39 Cette
366 2283 140 51 espèce
526 2287 60 35 est
609 2294 77 40 peu
720 2281 221 53 répandue,
970 2281 75 42 elle
1071 2281 65 40 n'a
1159 2281 62 40 été
1255 2282 162 41 trouvée

176 2354 167 50 jusqu'à
364 2354 160 51 présent
539 2365 80 40 que
635 2353 101 41 dans
756 2354 59 39 les
830 2353 194 51 B.-Alpes
1037 2367 10 36 ;
1077 2354 186 40 environs
1282 2352 50 42 de
1347 2355 66 38 Di-

183 2437 75 36 gne
280 2428 38 36 et
339 2424 47 40 de
404 2425 321 47 Barcelonnette,
739 2425 169 52 prairies
922 2424 49 41 de
991 2424 234 51 l'Ozglosse,
1247 2426 170 50 Larche,

185 2496 206 42 Malmorte
411 2501 94 44 etc.,
528 2509 51 28 en
595 2495 144 54 juillet.
