1788 2996
724 354 52 8 —
810 328 45 41 19
884 350 50 7 —

763 426 64 37 Fig.
848 426 42 27 15.

228 1134 109 39 Nous
358 1132 186 41 donnons
563 1131 48 42 de
629 1132 209 51 beaucoup
855 1131 38 39 la
911 1130 230 53 préférence
1161 1130 23 40 à
1204 1142 44 29 ce
1276 1130 173 48 dernier,

226 1212 68 50 qui
323 1216 154 48 permet
506 1211 241 52 d'emporter
778 1210 209 51 beaucoup
1018 1208 116 53 plus,
1170 1212 39 37 et
1247 1209 204 40 n'entrave

225 1295 72 41 pas
316 1284 38 40 la
375 1284 160 40 marche
555 1287 38 37 et
614 1283 57 41 les
689 1285 293 39 mouvements.

567 1525 160 34 CHASSE
750 1525 79 34 DES
850 1524 257 35 CHENILLES.

281 1646 131 39 Parmi
432 1645 56 40 les
507 1645 216 49 chenilles,
746 1645 56 40 les
819 1656 101 29 unes
946 1645 132 40 vivent
1104 1646 22 38 à
1147 1643 215 42 découvert
1381 1657 70 28 sur

225 1717 58 40 les
304 1716 204 50 végétaux,
533 1717 173 40 d'autres
726 1729 42 29 se
785 1717 168 41 cachent
970 1717 178 52 pendant
1167 1718 35 40 le
1218 1718 97 50 jour
1334 1720 37 36 et
1400 1728 51 28 ne

227 1789 159 39 visitent
407 1800 76 39 que
493 1789 176 52 pendant
689 1789 38 40 la
745 1790 90 39 nuit
851 1790 57 39 les
921 1790 155 51 plantes
1098 1790 68 50 qui
1187 1790 86 39 leur
1293 1792 158 37 servent

229 1860 49 40 de
297 1861 228 40 nourriture
538 1875 9 37 ;
570 1860 176 41 d'autres
764 1861 182 41 habitent
958 1861 37 41 le
1014 1865 173 37 sommet
1207 1861 69 40 des
1296 1860 153 52 arbres,

229 1931 94 40 d'où
342 1932 95 40 elles
459 1944 50 28 ne
543 1932 246 41 descendent
808 1944 78 40 que
914 1945 102 41 pour
1044 1945 41 28 se
1117 1933 263 40 transformer
1400 1944 50 29 en

228 2002 260 53 chrysalides.

280 2076 75 38 Les
391 2074 191 41 chenilles
614 2077 69 50 qui
720 2077 131 40 vivent
885 2077 24 40 à
949 2077 214 41 découvert
1201 2080 93 38 sont
1326 2087 120 29 nom-

226 2146 165 41 breuses
406 2161 10 37 ;
438 2147 205 51 lorsqu'on
674 2152 189 48 parcourt
893 2149 39 40 la
949 2160 218 41 campagne
1199 2148 175 53 pendant
1393 2148 57 40 les

227 2218 129 40 beaux
371 2220 113 50 jours
510 2219 52 40 du
580 2221 222 51 printemps
837 2232 53 29 ou
910 2220 48 41 de
981 2220 105 50 l'été,
1115 2221 28 39 il
1174 2221 107 40 suffit
1313 2220 136 40 d'exa-

228 2291 130 39 miner
376 2302 94 29 avec
500 2304 56 27 un
588 2304 82 40 peu
690 2292 240 42 d'attention
949 2294 37 40 le
1005 2294 175 51 premier
1199 2293 116 40 arbre
1346 2305 102 29 venu

229 2373 101 42 pour
349 2375 24 40 y
392 2368 251 36 reconnaître
668 2364 49 41 de
738 2366 102 39 suite
860 2366 40 39 la
927 2365 190 53 présence
1138 2369 37 36 et
1199 2365 58 41 les
1287 2377 163 39 ravages

230 2433 70 42 des
320 2434 201 42 chenilles.
546 2436 31 40 Il
597 2437 152 41 semble
781 2437 104 41 donc
907 2449 78 39 que
1006 2438 35 40 le
1060 2436 390 54 lépidoptérologiste

230 2507 97 41 n'ait
356 2508 51 40 ici
438 2508 93 52 qu'à
558 2519 40 30 se
630 2510 151 39 baisser
815 2513 39 36 et
882 2509 208 54 prendre;
1112 2511 102 39 mais
1243 2510 85 41 cela
1347 2509 103 41 n'est
