1716 3008
548 291 55 8 —
631 269 78 42 105
734 292 37 32 v

67 370 154 47 courts,
254 370 121 50 ayant
405 364 39 43 le
472 364 160 43 dernier
661 365 145 44 article
836 368 217 54 très-petit.
1086 392 54 10 —
1176 371 109 41 Hes-

67 438 155 42 Deridæ.

137 574 18 26 *

260 689 138 59 RHOP
398 689 277 59 ALOCERA,
709 693 239 55 DUMÉRIL,
985 693 104 45 Bdv.

193 813 151 42 Diurni
376 812 121 42 Auct.
530 812 342 55 Acltalinoptera,
920 814 242 41 Blanchard.

414 1045 516 42 PAPILIONIDiE

331 1169 233 33 SUCCEINTS.
597 1181 51 8 —
678 1170 213 40 SUCCINTI,
923 1170 93 30 BDV.

434 1409 116 36 Genre
574 1410 197 42 PAPILIO,
795 1410 130 34 Linné.

125 1550 199 41 Chenilles
344 1549 171 51 glabres,
540 1550 116 41 lisses
664 1562 62 29 .ou
748 1552 162 49 garnies
932 1550 48 40 de
999 1552 159 51 pointes
1175 1551 121 40 char-

69 1635 116 36 nues,
214 1634 202 41 pourvues
452 1621 47 41 de
530 1621 105 42 deux
663 1623 223 40 tentacules
914 1623 221 41 retractiles
1165 1622 132 54 placés

67 1708 72 30 sur
158 1697 37 40 le
213 1696 175 52 premier
407 1706 175 30 anneau.

122 1770 88 38 Ins.
230 1769 107 39 Parf.
361 1769 94 39 Tête
488 1778 137 40 grosse
653 1780 95 29 avec
778 1768 59 40 les
869 1779 104 41 yeux
1002 1766 164 51 grands,
1200 1766 99 42 sail-

69 1842 130 51 lants;
230 1841 140 53 palpes
399 1843 148 46 courts,
578 1852 51 29 ne
650 1839 217 54 dépassant
889 1849 73 42 pas
989 1839 58 39 les
1067 1850 127 41 yeux;
1229 1850 71 29 an-

72 1918 141 35 tennes
231 1912 217 41 terminées
469 1923 50 29 en
536 1923 163 30 massue
710 1910 184 52 allongée
911 1925 10 34 ;
945 1910 98 40 ailes
1062 1910 238 41 inférieures

71 1986 177 40 formant
276 1997 58 28 un
366 1984 109 51 léger
502 1985 98 52 repli
633 1996 50 29 au
720 1982 103 42 bord
861 1982 157 40 interne
1035 1995 10 38 ;
1078 1982 88 39 leur
1198 1981 103 41 bord

73 2061 160 38 externe
271 2068 110 29 assez
415 2057 214 41 fortement
672 2054 196 44 échancré
890 2086 10 17 ,
941 2057 169 38 souvent
1144 2065 158 41 pourvu

74 2130 120 40 d'unie
221 2141 143 40 queue.
388 2128 95 43 Bdv.
507 2130 82 39 Ico.

73 2227 267 48 PODALIRIUS,
362 2226 44 38 L.

128 2320 96 42 75m.
255 2320 107 42 Ailes
382 2320 96 40 d'un
494 2322 125 51 jaune
638 2321 103 53 pâle,
771 2331 96 29 avec
899 2319 69 41 des
994 2318 153 41 bandes
1167 2319 137 40 noires

76 2398 262 44 transverses,
361 2393 348 40 alternativement
740 2392 173 51 grandes
942 2395 39 37 et
1012 2392 166 51 petites;
1200 2390 101 40 infé-

76 2467 155 43 rieu.res
250 2477 94 31 avec
360 2465 104 43 deux
481 2465 130 55 lignes
630 2466 153 48 noires,
801 2464 110 43 l'une
926 2476 52 31 au
996 2465 155 51 milieu,
1163 2464 142 40 l'autre
