1788 2996
656 345 54 8 —
741 325 72 39 161
847 344 52 8 —

218 423 84 41 Elle
323 426 60 37 est
410 433 110 30 assez
543 433 86 31 rare
652 423 100 41 dans
772 424 37 40 la
828 426 158 46 nature,
1011 423 101 39 mais
1134 434 53 28 on
1208 421 184 42 l'obtient

165 499 168 37 souvent
365 508 49 28 en
442 496 155 41 élevant
626 508 81 29 une
735 497 174 40 certaine
929 494 179 53 quantité
1130 494 48 41 de
1199 493 192 42 chenilles

162 567 184 42 trouvées
375 580 50 28 en
456 568 225 52 septembre
708 572 38 36 et
775 580 48 28 en
848 572 138 36 tenant
1014 568 58 39 les
1100 566 248 53 chrysalides
1368 566 23 39 à

163 651 80 29 une
261 640 165 40 chaleur
445 640 220 41 artificielle
680 640 177 52 pendant
876 640 154 40 l'hiver.

218 713 77 39 Des
314 713 254 51 expériences
588 712 186 40 réitérées
796 716 69 36 ont
881 711 208 41 démontré
1113 723 77 39 que
1209 723 44 28 ce
1270 710 120 52 Lépi-

166 783 165 53 doptère
364 788 39 35 et
427 784 59 40 les
520 784 105 40 deux
657 785 181 40 suivants
863 796 49 28 ne
941 787 90 37 sont
1052 784 149 51 qu'une
1222 784 110 39 seule
1353 787 39 36 et

165 859 129 37 même
324 856 139 52 espèce
496 855 98 40 dont
623 856 38 38 la
693 855 213 41 différence
934 860 59 35 est
1013 855 186 51 produite
1224 866 73 41 par
1315 855 74 40 l'é-

163 938 134 40 poque
313 927 48 41 de
374 928 88 39 leur
476 927 192 40 éclosion.
685 928 117 39 Ainsi
817 928 58 39 les
894 927 192 41 chenilles
1106 926 124 52 qu'on
1252 931 140 36 trouve

163 1010 50 29 en
228 1000 92 50 juin
342 998 177 40 éclosent
544 1010 49 29 en
620 1000 135 51 juillet
774 1003 39 36 et
831 1002 97 37 août
945 1002 37 37 et
998 998 179 41 donnent
1192 999 38 39 la
1249 1001 145 37 Prorsa

163 1075 38 36 et
216 1072 118 40 celles
348 1071 183 40 trouvées
553 1083 50 29 en
624 1075 191 37 automne
831 1075 163 48 passent
1010 1071 140 40 l'hiver
1171 1075 38 36 et
1232 1071 163 52 produi-

164 1148 89 36 sent
272 1144 38 39 la
326 1145 173 39 Levana.
523 1143 203 52 (Guénée).

165 1240 130 44 EGRA,
316 1239 179 47 Cramer,
513 1237 284 52 Triangulum,
813 1236 96 40 Fab.
928 1237 44 40 L.
995 1237 161 41 Album,
1175 1237 99 40 God.
1293 1237 97 40 Bdv.

222 1311 69 53 (pl.
318 1315 62 44 10,
400 1311 65 50 fîg.
496 1314 51 46 1.)

221 1389 224 40 Commune
469 1387 100 40 dans
597 1387 37 41 le
667 1387 98 39 midi
786 1386 48 42 de
868 1388 37 39 la
929 1389 167 47 France,
1118 1387 277 53 département

172 1460 51 40 du
246 1462 92 46 Var,
361 1461 189 39 environs
571 1459 47 41 de
638 1460 252 52 Montpellier
908 1463 93 45 etc.,
1026 1459 100 41 dans
1152 1461 22 38 1,
1192 1472 17 28 s
1234 1459 159 53 jardins

166 1537 39 36 et
224 1533 35 40 le
274 1533 95 50 long
389 1532 70 40 des
479 1532 112 40 haies
612 1543 48 29 en
675 1531 92 53 juin
787 1536 38 36 et
844 1532 240 52 septembre.

166 1630 42 39 C.
231 1630 160 42 ALBUM.
417 1630 29 38 L
486 1627 98 42 God.

218 1712 52 42 35
290 1721 37 29 DI.
362 1713 106 39 Ailes
500 1711 164 42 dentées
695 1715 39 36 et
760 1712 214 40 fortement
1006 1713 258 48 anguleuses,
1298 1713 95 40 d'un

164 1786 115 39 fauve
299 1785 68 46 vif,
392 1796 93 28 avec
515 1795 79 28 une
610 1783 176 40 bordure
815 1784 344 50 anté-marginale
1179 1784 96 40 d'un
1289 1785 105 40 brun

167 1863 116 35 roux,
307 1851 233 39 surmontée
561 1850 49 40 de
630 1851 136 39 taches
781 1848 91 54 plus
891 1850 142 41 claires
1048 1862 77 39 que
1144 1851 36 39 le
1200 1851 110 40 fond.
1326 1852 71 40 Su-

164 1922 204 53 périeures
383 1933 93 29 avec
499 1921 70 40 des
588 1921 139 40 taches
747 1922 152 48 noires,
922 1921 99 41 dont
1041 1923 96 40 celle
1154 1923 52 40 du
1228 1924 98 39 bout
1347 1923 48 41 de

165 1995 40 38 la
243 1994 157 48 cellule,
438 1993 110 51 large
568 1996 39 37 et
647 1992 310 52 rectangulaire.
994 1994 240 42 Inférieures
1273 2000 122 47 ayant

168 2066 103 40 deux
293 2065 136 41 taches
458 2077 69 27 sur
555 2066 36 38 le
621 2064 142 52 disque
797 2068 37 37 et
864 2078 80 28 une
970 2070 113 36 autre
1100 2068 165 45 costale,
1283 2067 112 40 ordi-

168 2139 226 39 nairement
426 2138 89 52 plus
539 2136 164 51 grande.
726 2139 176 39 Dessous
929 2138 295 48 très-variable,
1269 2140 127 50 jaune

167 2211 121 47 brun,
306 2210 251 50 quelquefois
583 2221 171 40 presque
775 2211 105 47 noir,
902 2210 161 40 marbré
1091 2210 49 40 de
1157 2210 105 40 brun
1281 2210 116 41 foncé

169 2286 40 36 et
237 2282 48 39 de
317 2281 195 41 verdâtre.
538 2281 239 42 Inférieures
798 2286 122 48 ayant
939 2293 51 28 au
1014 2283 98 39 bout
1132 2281 49 40 de
1201 2283 37 38 la
1255 2282 141 42 cellule

169 2366 56 27 un
242 2354 112 49 signe
372 2353 133 51 blanc,
528 2352 177 50 brillant,
721 2353 174 51 figurant
915 2365 56 28 un
992 2354 42 39 C.

267 2423 232 41 semblable.

226 2497 179 40 Chenille
425 2508 49 29 en
495 2497 96 49 mai,
608 2498 107 51 juin,
733 2498 149 52 juillet,
906 2509 69 29 sur
994 2497 153 51 l'orme,
1175 2511 52 29 ou
1247 2501 74 40 elle
1339 2502 58 40 vit
