1740 2996
664 343 53 7 —
745 320 52 41 39
825 341 51 9 —

161 423 94 41 mai.
281 421 105 43 C'est
405 423 107 41 aussi
530 423 182 53 l'époque
733 424 69 47 où,
820 423 96 41 dans
938 421 172 42 certains
1128 422 107 42 lieux
1256 422 132 42 arides

160 509 53 29 on
226 497 80 40 voit
319 497 106 40 voler
438 497 38 39 la
490 496 147 41 variété
649 496 244 54 printanière
907 495 47 41 de
966 496 38 39 la
1020 496 129 40 Pieris
1164 496 221 52 dciplidice,

161 573 38 37 et
214 569 249 51 quelquefois
480 571 144 45 même,
640 569 102 40 mais
761 568 314 49 très-rarement,
1088 567 301 41 YAnthochark

167 642 114 47 belia,
303 640 98 40 dont
423 640 38 40 la
478 640 193 41 véritable
690 642 127 51 patrie
839 644 59 37 est
918 641 35 39 le
974 640 96 40 midi
1093 639 49 41 de
1162 640 37 40 la
1218 641 166 39 France.

215 714 96 39 Vers
337 714 38 39 le
403 716 52 37 20
476 713 114 49 avril,
613 717 39 36 et
681 714 130 40 même
841 714 249 50 quelquefois
1121 724 56 28 un
1197 724 76 41 peu
1299 712 90 52 plus

160 788 57 37 tôt
243 786 33 38 si
302 785 36 40 le
366 785 222 52 printemps
619 796 23 28 a
669 785 61 40 été
758 785 183 52 précoce,
964 784 150 52 l'Aglia
1150 785 86 40 Tau
1267 784 119 49 mâle,

160 857 87 40 vole
279 868 95 29 avec
398 856 183 53 rapidité,
618 856 50 41 de
699 860 25 38 9
755 857 144 40 heures
940 857 24 40 à
993 856 113 49 midi,
1138 859 129 37 même
1298 857 92 51 plus

160 933 117 36 avant
312 928 101 41 dans
441 929 38 39 la
505 928 185 52 journée,
717 930 49 47 si,
798 929 69 39 dès
894 929 35 39 le
951 929 140 49 matin,
1114 928 37 40 le
1184 929 73 39 ciel
1286 939 23 28 a
1328 927 62 41 été

160 1003 177 38 couvert.
356 1002 77 39 Les
452 1000 119 40 allées
592 1005 38 35 et
650 1000 58 41 les
723 1001 162 39 massifs
905 1000 71 40 des
993 1000 89 41 bois
1104 1001 51 39 où
1178 1000 209 41 dominent

160 1072 57 40 les
248 1072 208 49 charmes,
486 1076 92 36 sont
612 1073 58 39 les
699 1071 180 41 endroits
914 1073 52 39 où
999 1072 27 39 il
1058 1074 188 38 convient
1276 1071 48 40 de
1354 1071 37 40 le

160 1145 212 52 chercher;
399 1156 104 29 nous
527 1144 152 41 l'avons
702 1145 82 51 pris
805 1147 169 38 souvent
993 1144 101 40 dans
1120 1144 57 41 les
1196 1144 124 40 forêts
1342 1143 48 41 de

162 1216 253 52 Compiègne,
454 1215 49 41 de
531 1216 383 50 Villers-Cotterets,
951 1216 48 40 de
1034 1216 217 51 Chantilly,
1289 1215 101 40 dans

160 1288 58 39 les
245 1287 88 40 bois
363 1286 349 53 d'Ermenonville,
740 1291 66 46 et,
839 1288 90 52 près
957 1287 51 40 de
1036 1288 131 48 Paris,
1204 1287 100 40 dans
1334 1289 56 38 les

162 1360 88 40 bois
278 1359 123 41 situés
420 1363 112 37 entre
553 1358 213 54 Saint-Cyr
798 1363 38 37 et
856 1360 227 52 Versailles,
1105 1363 160 37 surtout
1287 1360 102 40 dans

161 1432 38 39 la
217 1432 103 40 forêt
339 1431 49 41 de
407 1431 341 51 Saint-Germain,
766 1431 100 41 dans
880 1433 36 39 le
930 1433 205 50 voisinage
1152 1432 70 40 des
1242 1434 144 50 Loges,

162 1507 37 37 et
227 1503 90 53 près
347 1503 70 40 des
456 1504 169 40 stations
656 1504 48 40 de
736 1497 160 47 l'Étoile
925 1503 50 41 de
1016 1504 217 49 Conflans,
1268 1509 39 36 et
1341 1504 49 41 de

164 1576 153 40 Maison
340 1576 155 40 -Laffitte
548 1578 54 37 La
634 1576 171 50 femelle,
826 1576 210 52 beaucoup
1058 1576 90 52 plus
1176 1587 104 38 rare,
1306 1576 84 40 doit

162 1648 83 40 être
272 1647 254 52 recherchée,
561 1648 24 40 à
619 1652 119 45 terre,
769 1660 69 28 sur
867 1647 54 42 les
961 1649 154 40 feuilles
1150 1649 155 49 sèches,
1337 1660 53 29 ou

162 1724 137 37 contre
320 1720 36 40 le
376 1724 112 36 tronc
509 1719 70 41 des
596 1720 151 40 arbres.
1079 1727 17 17 r

216 1794 134 46 Quant
368 1803 79 29 aux
466 1792 254 52 Bombycites
736 1795 38 37 et
792 1791 246 42 Noctuélites
1053 1792 98 42 dont
1162 1793 228 42 l'existence

162 1864 206 40 immobile
388 1864 193 41 s'attache
601 1875 52 29 au
675 1868 115 36 tronc
810 1864 70 41 des
898 1865 153 50 arbres,
1072 1866 38 39 le
1130 1867 103 39 mois
1250 1866 139 40 d'avril

163 1948 50 29 en
233 1935 82 42 voit
334 1939 130 37 naître
483 1937 200 52 plusieurs
704 1936 183 53 espèces;
910 1936 97 42 c'est
1027 1936 104 42 ainsi
1153 1949 92 40 que,
1263 1938 53 40 du
1340 1942 49 37 10

162 2019 52 30 au
231 2010 51 39 '20
302 2008 49 40 de
371 2020 44 29 ce
430 2009 116 48 mois,
560 2008 38 40 la
614 2008 306 54 Cymatophara
936 2010 137 40 ridens
1093 2022 42 29 se
1155 2014 141 37 trouve
1314 2022 73 42 ap-

161 2080 159 53 pliquée
346 2085 138 37 contre
514 2081 58 40 les
602 2081 161 50 chênes,
791 2083 57 40 les
877 2082 214 50 bouleaux,
1119 2086 75 38 etc.
1225 2084 31 39 A
1288 2087 102 37 cette

162 2153 168 53 époque,
349 2154 34 40 si
401 2153 81 41 l'on
498 2154 137 53 frappe
653 2153 35 42 le
708 2158 115 37 tronc
845 2155 71 40 des
935 2156 216 52 peupliers,
1170 2155 71 41 des
1262 2160 126 36 trem-

160 2226 101 49 bles,
283 2238 52 29 on
355 2238 50 28 en
421 2227 84 39 fera
524 2225 159 42 tomber
696 2227 58 40 les
778 2227 228 41 Dicranura
1028 2228 143 39 vinula
1201 2231 39 37 et
1261 2228 127 50 bifula

160 2299 59 40 les
238 2300 175 50 Pygœra
442 2299 172 51 curtula,
641 2300 156 39 reclusa
823 2304 38 36 et
890 2300 260 49 anachorela,
1173 2300 58 40 les
1258 2302 130 39 Noto-

162 2370 125 41 donta
319 2370 168 41 chaonia
515 2375 38 36 et
586 2371 176 52 trepida,
792 2372 49 52 l'
841 2372 133 52 Orgyia
1005 2372 141 53 coryli,
1169 2372 58 41 les
1255 2374 130 39 Acro-

160 2448 120 47 nycta
299 2445 164 38 fumicis
483 2446 38 37 et
539 2446 219 48 auricoma,
782 2444 35 40 le
838 2444 277 53 Platypteryx
1133 2446 43 53 f(i
1183 2445 32 42 le
1221 2457 22 29 u
1248 2446 55 50 la,
1328 2445 57 42 les

161 2516 205 42 Ennomos
380 2516 177 52 lunaria,
577 2516 229 41 ilhistraria
822 2520 40 39 et
877 2517 209 41 illunaria.
