1776 2996
691 286 49 7 —
770 266 25 38 9
824 287 51 5 —

1229 2546 36 37 1*

171 369 27 40 il
220 379 111 30 nous
357 378 23 29 a
399 365 89 53 déjà
508 365 112 42 dotés
638 365 48 41 de
705 367 198 52 plusieurs
923 366 160 52 espèces
1107 367 68 51 qui
1201 370 197 49 pourront

172 439 192 43 succéder
375 451 52 28 au
443 439 184 53 Bombyx
641 438 52 41 du
709 440 166 51 mûrier;
901 440 200 52 plusieurs
1114 441 92 38 sont
1224 451 174 41 presque

172 513 309 53 complètement
508 512 269 50 acclimatées,
807 513 107 40 l'une
934 512 137 41 d'elles
1088 515 151 46 même,
1277 513 125 41 lever

173 587 22 39 à
213 586 81 40 soie
315 584 47 41 de
382 585 203 40 l'ailanthe
606 585 221 54 (Saturnia
846 584 188 54 cynthia)
1068 589 59 36 est
1160 596 82 29 non
1263 585 133 40 seule-

175 660 108 38 ment
301 656 245 50 acclimatée,
570 658 101 39 mais
691 660 128 38 même
838 656 240 42 naturalisée
1099 660 38 37 et
1156 657 28 39 il
1216 660 60 37 est
1303 669 96 40 pro-

173 729 117 41 bable
322 741 77 40 que
430 729 99 41 dans
555 730 192 51 quelques
785 728 148 42 années
970 741 75 29 nos
1078 740 176 42 paysans
1292 729 109 40 iront

172 801 99 39 faire
290 802 38 38 la
358 801 197 40 cueillette
575 800 70 41 des
665 813 164 37 cocons,
852 800 101 41 dans
974 803 132 39 toutes
1126 801 58 40 les
1214 799 184 42 contrées

175 872 53 40 où
246 883 89 30 sera
355 872 142 40 cultivé
516 873 35 39 le
570 873 132 40 vernis
723 873 51 39 du
794 874 144 50 Japon.

229 945 98 39 Mais
342 946 33 38 si
396 945 192 50 quelques
607 946 198 51 papillons
826 957 103 28 nous
951 948 92 37 sont
1061 945 135 49 utiles,
1214 944 187 41 combien

180 1028 48 29 en
261 1017 113 40 est-il
405 1016 96 41 dont
530 1017 58 40 les
607 1017 191 40 chenilles
828 1029 104 29 nous
962 1021 168 37 causent
1161 1017 70 41 des
1264 1017 139 51 dégâts

179 1093 170 37 souvent
386 1088 313 51 irrémédiables,
739 1102 103 40 pour
878 1102 51 29 ne
967 1091 99 39 citer
1103 1102 78 39 que
1217 1090 58 40 les
1312 1090 90 52 plus

177 1161 260 41 destructives
456 1163 127 51 parmi
605 1175 65 28 ces
693 1162 216 49 dernières,
938 1163 57 40 les
1026 1162 136 41 Pieris
1188 1163 216 40 Brassicae

176 1236 39 37 et
252 1232 140 54 Bapae
428 1233 207 41 dévastent
673 1246 74 29 nos
784 1235 251 51 plantations
1067 1234 49 40 de
1156 1235 129 40 choux
1305 1266 10 16 ,
1355 1234 48 40 de

179 1309 151 44 navets,
362 1309 93 48 etc.;
476 1306 37 41 le
541 1307 186 52 Bombyx
748 1307 198 41 Neustria
975 1308 56 38 vit
1061 1318 78 28 aux
1173 1306 149 53 dépens
1357 1306 47 40 de

178 1390 74 28 nos
273 1379 136 41 arbres
439 1380 177 39 fruitiers
645 1383 38 37 et
701 1380 57 39 les
777 1380 110 51 prive
915 1380 151 52 parfois
1093 1380 312 51 complètement

176 1449 48 41 de
245 1451 154 40 feuilles
413 1465 9 37 ;
445 1452 35 38 le
498 1452 186 53 Bombyx
698 1454 282 50 processionea
1001 1452 160 41 dévaste
1181 1453 57 40 les
1259 1452 146 41 chênes

179 1534 69 28 sur
266 1523 175 51 lesquels
468 1524 27 38 il
526 1525 197 39 construit
748 1524 260 41 d'immenses
1038 1524 107 51 nids,
1170 1524 98 41 dont
1288 1536 52 28 on
1360 1536 48 28 ne

174 1601 97 48 peut
291 1597 256 53 s'approcher
564 1610 94 29 sans
679 1598 174 52 danger,
889 1599 20 40 à
932 1611 119 29 cause
1069 1599 71 40 des
1160 1600 103 52 poils
1286 1597 120 53 qu'ils

175 1670 168 40 laissent
363 1670 157 41 tomber
545 1671 24 41 à
589 1672 156 51 chaque
769 1683 93 29 mue
881 1675 39 37 et
938 1673 90 49 qui,
1063 1672 86 40 s'ils
1183 1671 225 51 atteignent

173 1741 59 40 les
251 1742 131 40 mains
411 1754 52 29 ou
483 1743 39 40 la
546 1743 141 51 figure,
710 1744 189 40 amènent
928 1744 70 40 des
1026 1745 184 51 pustules
1242 1756 163 38 rouges,

177 1816 67 50 qui
261 1819 165 37 causent
437 1828 80 29 une
527 1817 313 51 démangeaison
853 1819 317 51 insupportable,
1186 1818 224 41 s'étendent

175 1888 150 51 parfois
363 1900 68 28 sur
460 1892 87 37 tout
579 1890 35 39 le
651 1902 116 40 corps
805 1894 39 36 et
878 1894 91 37 sont
1002 1889 318 53 accompagnées
1355 1891 50 40 de

174 1959 119 40 fièvre
310 1974 10 37 ;
353 1960 38 40 le
419 1960 144 42 Cossus
594 1961 232 53 ligniperda
860 1964 56 38 vit
946 1962 100 41 dans
1079 1962 223 41 l'intérieur
1337 1963 69 40 des

175 2031 136 41 arbres
341 2036 39 37 et
410 2045 42 28 se
476 2032 214 53 développe
722 2034 151 52 parfois
894 2047 50 28 en
970 2036 91 39 telle
1093 2035 182 51 quantité
1312 2036 96 52 qu'il

176 2107 81 37 met
294 2116 50 28 en
380 2104 100 53 péril
525 2105 69 41 des
628 2107 122 39 forêts
786 2107 193 52 entières;
1019 2111 121 36 avant
1178 2119 78 39 que
1300 2119 106 29 nous

172 2177 205 51 puissions
398 2189 25 40 y
444 2180 154 48 goûter,
636 2190 74 29 nos
729 2189 183 42 pommes
943 2183 92 37 sont
1062 2179 189 41 dévorées
1278 2191 72 41 par
1370 2181 38 38 la

178 2248 170 39 Toririx
364 2261 236 40 pomonanci
613 2264 15 35 ;
648 2251 57 40 les
725 2252 192 39 chenilles
935 2251 71 40 des
1030 2252 124 39 Tinea
1181 2252 223 48 sarcitella,

177 2320 39 40 la
233 2321 164 39 Pezella
418 2324 38 37 et
475 2321 233 43 Pellionella
732 2322 226 41 détruisent
978 2335 75 29 nos
1079 2323 140 41 étoffes
1238 2324 49 41 de
1303 2325 105 40 laine

173 2396 39 36 et
231 2404 73 28 nos
323 2393 226 54 fourrures;
568 2395 58 40 les
650 2395 185 42 Galleria
861 2397 185 39 alvearia
1072 2400 39 37 et
1132 2408 170 30 cereana
1330 2397 78 40 éta-

174 2464 168 41 blissent
360 2466 86 39 leur
467 2466 185 43 domicile
669 2468 100 41 dans
788 2469 59 41 les
868 2469 144 40 ruches
1033 2469 70 41 des
1124 2470 164 41 abeilles
1310 2469 99 41 dont
