1780 3000
871 348 55 8 —
957 328 78 40 186
1061 348 54 8 —

431 425 146 45 Mêmes
595 428 183 43 localités
797 442 78 40 que
898 431 171 52 Psyche;
1090 442 111 29 assez
1219 441 105 32 rare.

773 573 121 35 Genre
919 572 183 42 EREBIA,
1128 573 87 34 Bdv.

430 693 209 41 Antennes
666 693 48 41 de
748 694 201 51 longueur
968 694 192 50 variable,
1198 693 216 43 terminées
1446 706 73 41 par
1538 706 80 29 une

377 778 162 30 massue
569 768 129 48 ovale,
734 767 217 51 oblongue,
990 767 292 41 très-distincte
1321 768 50 40 de
1400 768 38 39 la
1469 769 82 49 tige
1578 770 40 38 et

377 842 269 51 très-aplatie.
683 842 142 51 Palpes
852 842 169 48 écartés,
1055 846 187 37 couverts
1263 841 49 41 de
1331 842 104 52 poils
1471 842 144 47 serrés,

377 912 93 51 fins,
492 924 149 40 soyeux
660 927 11 36 ;
693 913 36 40 le
750 912 161 41 dernier
930 913 141 40 article
1091 925 75 40 peu
1187 913 179 47 distinct,
1391 914 24 40 à
1429 925 75 40 peu
1525 915 92 50 près

376 985 111 39 aussi
507 985 91 40 velu
619 997 79 39 que
717 984 59 41 les
794 989 150 36 autres.
971 987 93 38 Tête
1084 997 56 28 un
1165 997 79 40 peu
1265 986 133 40 moins
1417 986 108 49 large
1540 997 78 39 que

376 1056 37 40 l.e
433 1057 186 48 corselet,
641 1060 39 37 et
699 1057 267 40 entièrement
983 1056 96 41 unie
1095 1068 94 29 avec
1211 1057 70 40 lui.
1307 1059 111 38 Yeux
1440 1057 172 50 glabres.

378 1126 107 42 Ailes
507 1127 227 50 arrondies,
754 1130 91 51 plus
873 1141 52 28 ou
944 1130 134 39 moins
1103 1130 135 40 velues
1265 1130 23 40 à
1317 1130 87 39 leur
1429 1129 108 49 base,
1561 1130 57 39 les

376 1208 198 32 nervures
595 1200 71 41 des
694 1201 97 40 ailes
814 1200 256 53 supérieures
1091 1214 94 27 sans
1205 1202 212 40 dilatation
1437 1199 178 42 sensible

374 1271 25 40 à
418 1271 88 40 leur
525 1273 156 50 origine
696 1285 10 36 ;
724 1274 259 51 quelquefois
1011 1274 38 39 la
1064 1274 149 40 costale
1232 1286 57 27 un
1308 1286 77 40 peu
1407 1274 89 51 plus
1519 1273 98 40 sail-

374 1344 115 40 lante
521 1356 80 39 que
637 1345 59 41 les
733 1349 153 45 autres,
910 1349 161 37 surtout
1103 1357 49 29 en
1174 1346 185 40 dessous.
1381 1345 108 40 Ailes
1520 1345 97 40 d'un

375 1416 106 40 brun
520 1417 194 49 noirâtre,
754 1429 174 41 presque
959 1419 187 51 toujours
1188 1417 221 42 traversées
1433 1417 90 52 près
1562 1418 54 38 du

375 1488 104 41 bord
501 1490 205 48 terminal,
727 1502 73 40 par
820 1502 82 28 une
932 1491 109 50 large
1061 1490 132 41 bande
1222 1490 97 40 d'un
1351 1502 100 28 roux
1484 1490 131 39 ferru-

376 1560 163 52 gineux,
553 1562 168 52 chargée
734 1562 49 40 de
797 1574 93 39 gros
906 1563 135 53 points
1066 1564 112 39 noirs
1206 1561 170 54 pupillés
1403 1561 48 41 de
1480 1562 131 39 blanc.

378 1634 117 52 (Dup.
520 1634 107 54 Cat),

433 1706 203 41 Chenilles
657 1709 40 38 et
716 1706 250 53 chrysalides
984 1717 149 30 encore
1153 1718 79 41 peu
1245 1716 196 31 connues.

434 1780 76 39 Les
549 1779 147 40 Erebia
728 1778 183 41 habitent
931 1780 318 39 exclusixement
1287 1778 58 40 les
1377 1781 239 47 montagnes

378 1851 156 51 alpines
549 1855 38 36 et
598 1851 58 40 les
669 1850 161 51 régions
840 1855 263 36 montueuses
1116 1851 53 39 du
1185 1854 137 37 centre
1337 1849 49 41 de
1398 1850 37 39 la
1445 1851 166 38 France.

379 1921 106 42 Elles
503 1922 243 41 deviennent
767 1923 184 41 d'autant
969 1924 91 52 plus
1080 1923 271 40 nombreuses
1365 1933 77 40 que
1464 1920 35 41 le
1518 1933 98 40 pays

377 1994 145 41 s'élève
540 1994 238 51 davantage.

381 2092 231 39 EPIPHRON.
634 2090 159 41 Knoch.

431 2188 112 39 Cette
563 2187 141 52 espèce
724 2187 137 41 habite
877 2188 57 39 les
952 2191 242 47 montagnes
1216 2187 55 40 du
1294 2186 101 41 nord
1417 2186 48 41 de
1484 2186 134 40 l'Alle-

378 2269 173 40 magne;
582 2263 39 36 et
655 2260 34 39 si
720 2271 104 29 nous
845 2260 38 39 la
903 2260 288 40 mentionnons
1214 2260 66 47 ici,
1304 2260 98 39 c'est
1416 2271 77 39 que
1515 2270 104 28 nous

378 2341 126 28 avons
526 2331 83 50 pris
630 2342 71 28 sur
731 2331 58 40 les
817 2332 119 40 hauts
957 2335 194 36 sommets
1177 2332 70 39 des
1268 2333 168 48 Vosges,
1464 2341 94 30 avec
1581 2330 39 40 la

377 2412 84 29 var.
501 2402 220 53 Cassiope,
765 2404 71 41 des
886 2404 203 41 individus
1130 2406 70 50 qui
1246 2416 50 28 ne
1347 2403 184 41 diffèrent
1570 2416 51 28 en

377 2475 87 40 rien
496 2474 49 41 de
583 2487 104 28 ceux
724 2489 80 39 que
837 2489 105 29 nous
962 2476 224 55 possédons
1207 2477 54 40 du
1289 2475 105 42 nord
1414 2475 50 42 de
1483 2476 139 41 l'Alle-

378 2560 160 38 magne.
