1764 2996
654 318 50 9 —
735 296 73 43 177
838 317 52 8 —

202 402 196 50 Chenille,
423 401 56 42 fin
500 400 49 42 de
570 400 81 41 mai
671 411 69 30 sur
759 400 34 40 le
814 398 258 54 Polygonum
1092 398 199 41 Bistorta.

148 502 185 46 DAPHNE,
359 500 40 40 S.
427 501 41 39 V.
498 498 100 42 God.

201 598 92 41 55m.
325 597 107 40 Ailes
463 595 178 51 dentées,
667 595 225 49 arrondies,
915 594 96 41 d'un
1041 595 115 40 fauve
1186 595 70 49 vif,
1278 606 97 30 avec

147 670 70 42 des
234 670 134 41 taches
388 670 134 40 noires
537 680 110 29 assez
661 680 176 39 grosses,
855 667 168 41 dessous
1038 667 70 41 des
1122 667 253 53 supérieures

144 744 91 51 plus
258 743 98 40 clair
375 753 96 29 avec
503 742 36 39 le
570 744 172 37 sommet
764 740 204 52 jaunâtre.
992 741 175 39 Dessous
1187 739 69 41 des
1274 740 102 40 infé-

142 816 154 41 rieures
315 819 121 47 ayant
453 814 37 40 la
509 813 96 40 base
622 812 97 40 d'un
733 813 125 50 jaune
879 812 112 48 clair,
1013 823 95 29 avec
1129 811 103 41 deux
1247 812 130 50 lignes

145 888 207 41 médianes
371 898 163 30 rousses
554 886 98 41 dont
671 885 245 41 l'intérieure
940 885 162 41 ombrée
1123 886 253 53 supérieure-

146 964 112 37 ment
280 960 48 42 de
348 972 114 29 roux.
485 958 51 42 Le
554 963 105 37 reste
692 958 47 40 de
759 957 108 41 l'aile
888 961 59 38 est
975 958 106 40 varié
1106 958 48 41 de
1172 960 134 47 violet,
1329 959 49 40 de

141 1034 127 52 jaune
287 1036 38 38 et
353 1032 48 41 de
422 1044 114 37 roux,
560 1031 148 42 fondus
728 1031 202 41 ensemble
950 1035 38 36 et
1020 1030 237 53 chatoyants
1283 1042 95 30 avec

145 1117 81 29 une
247 1105 100 41 série
368 1104 143 53 d'yeux
528 1105 260 50 ferrugineux
811 1103 24 41 à
852 1103 183 53 prunelle
1053 1102 197 42 verdâtre.

209 1177 34 55 9
272 1177 240 48 Semblable,
535 1178 103 39 mais
659 1177 91 52 plus
771 1175 169 51 grande.

201 1250 195 47 Chenille,
420 1261 50 28 en
490 1250 81 39 mai
593 1260 70 29 sur
681 1249 37 39 le
743 1247 257 41 framboisier
1019 1258 206 30 commun.

201 1321 87 41 Elle
315 1322 104 40 n'est
444 1332 68 43 pas
536 1332 89 29 rare
647 1320 100 41 dans
774 1320 58 40 les
855 1324 237 46 montagnes
1120 1319 53 40 du
1205 1318 100 41 midi
1340 1323 40 37 et

147 1394 50 41 de
216 1395 89 40 l'est
322 1394 48 40 de
391 1394 38 40 la
442 1395 168 47 France,
629 1404 49 29 en
693 1393 92 52 juin
797 1395 38 37 et
843 1392 114 52 juillet
957 1392 43 52 ;
1019 1393 166 50 Vosges,
1203 1391 173 51 Colmar,

147 1465 241 49 Ribauvillé,
413 1466 121 48 Isère,
558 1466 242 40 Chartreuse
828 1464 49 41 de
900 1465 234 50 Premolles,
1153 1465 223 50 Auvergne,

148 1540 255 47 Mont-Dore,
423 1540 93 47 Var,
539 1538 299 52 Basses-Alpes,
861 1537 159 50 Lozère,
1043 1541 76 36 etc.

150 1638 89 48 INO,
261 1638 95 51 Esp.
380 1635 103 41 God.

202 1737 57 38 Ne
291 1734 139 41 diffère
456 1733 48 41 de
537 1733 167 52 Daphne
733 1745 78 39 que
843 1744 73 41 par
945 1745 81 29 une
1054 1733 110 41 taille
1196 1736 184 51 toujours

148 1807 92 53 plus
257 1808 122 51 petite
400 1818 50 28 ne
468 1805 216 53 dépassant
702 1816 74 41 pas
796 1805 94 40 40m.

203 1882 27 43 9
261 1878 242 48 Semblable,
535 1878 103 39 mais
670 1877 91 52 plus
788 1875 166 52 grande.

203 1951 194 48 Chenille,
433 1962 50 29 en
516 1950 80 40 mai
623 1961 69 29 sur
715 1949 131 41 l'ortie
871 1952 40 38 et
944 1949 110 40 aussi
1091 1961 69 28 sur
1185 1950 37 40 le
1252 1951 127 40 fram-

146 2023 167 41 boisier.

202 2097 84 40 Elle
304 2098 59 38 est
383 2106 216 30 commune
619 2094 99 41 dans
737 2093 38 41 le
795 2093 102 41 nord
913 2096 38 38 et
971 2094 89 40 l'est
1081 2093 48 41 de
1148 2094 39 41 la
1202 2097 151 39 France
1369 2111 9 37 ;

149 2169 260 52 Compiègne,
440 2168 102 40 forêt
568 2166 48 42 de
646 2167 205 48 Monnaie,
875 2168 166 49 Vosges,
1074 2164 229 53 Auvergne,
1332 2180 50 28 en

144 2241 94 52 juin
260 2244 39 36 et
316 2240 148 53 juillet.

152 2337 183 47 HECATE,
357 2336 40 40 S.
421 2337 45 39 V.
492 2334 101 42 God.
616 2335 64 53 (pl.
702 2338 62 45 12,
784 2335 66 50 fig.
884 2336 55 47 5.)

206 2430 99 41 Midi
336 2431 48 41 de
410 2432 39 40 la
472 2434 168 47 France,
675 2444 50 29 en
749 2432 107 52 juin.
895 2428 284 54 Département
1205 2431 52 41 du
1289 2434 95 49 Var,

154 2516 74 41 pas
246 2504 336 41 très-commune.
