1828 3000
950 360 49 7 —
1035 337 47 40 18
1109 362 52 5 —

445 444 139 40 milieu
604 453 71 42 par
709 441 106 41 deux
840 441 151 40 cercles
1012 453 51 28 en
1090 440 182 53 baleine;
1307 441 95 40 c'est
1422 443 117 48 grâce
1560 441 23 39 à
1614 444 62 36 cet

444 516 247 39 instrument
711 525 78 40 que
814 512 85 41 l'on
918 516 97 50 peut
1045 523 42 29 se
1119 524 191 41 procurer
1328 513 59 40 les
1408 512 193 40 chenilles
1627 511 49 40 de

444 589 198 39 certaines
665 585 238 42 noctuélites
927 585 218 41 très-rares
1170 586 68 50 qui
1258 597 50 28 ne
1331 587 193 48 mangent
1543 595 77 40 que
1638 584 38 39 la

443 660 90 41 nuit
569 663 38 37 et
635 671 42 28 se
710 657 183 42 tiennent
926 656 167 42 cachées
1128 656 102 41 dans
1254 658 58 39 les
1347 657 155 40 feuilles
1527 660 150 37 mortes

445 740 88 36 tout
552 734 37 42 le
618 735 109 52 jour,
760 732 82 41 l'on
868 731 128 54 prend
1024 732 71 41 des
1123 732 193 53 poignées
1348 732 48 40 de
1426 732 154 40 feuilles
1600 743 78 40 que

443 809 83 39 l'on
545 811 82 36 met
648 806 100 40 dans
767 806 37 39 le
833 805 83 40 filet
944 808 39 37 et
1006 817 53 28 on
1091 805 58 40 les
1170 816 146 30 secoue
1340 804 166 52 jusqu'à
1536 816 45 28 ce
1600 815 78 40 que

444 881 57 39 les
522 879 192 41 chenilles
745 877 183 42 tombent
956 890 69 28 sur
1053 878 36 40 la
1121 889 146 42 nappe,
1296 889 78 43 que
1405 877 80 41 l'on
1517 880 84 37 met
1628 887 50 30 en

446 952 168 41 dessous
634 962 102 42 pour
751 951 59 40 les
831 952 191 39 recevoir.

501 1025 210 49 L'étaloir,
741 1023 66 52 fig.
831 1024 65 48 14,
927 1027 59 36 est
1018 1022 155 42 destiné
1193 1024 24 40 à
1241 1022 124 41 étaler
1402 1024 56 39 les
1489 1023 96 40 ailes
1607 1023 70 39 des

450 1096 219 54 papillons,
688 1097 59 40 les
768 1096 108 41 côtés
899 1100 92 37 sont
1010 1096 91 40 faits
1117 1108 49 28 en
1179 1097 196 53 peuplier,
1402 1097 34 39 le
1456 1094 99 42 fond
1574 1095 48 41 de
1641 1098 39 39 la

446 1178 160 39 rainure
621 1179 60 37 est
694 1174 113 52 garni
823 1174 49 41 de
884 1175 144 40 moëlle
1044 1174 149 41 d'aloës
1212 1186 103 41 pour
1333 1188 24 39 y
1372 1175 98 39 fixer
1493 1173 187 53 l'épingle

450 1250 54 39 du
526 1249 187 44 papillon.

1002 1306 64 36 Fig.
1087 1307 43 27 14.

505 1793 90 39 Tels
615 1795 92 37 sont
719 1795 91 36 tous
830 1791 57 39 les
903 1792 265 38 instruments
1180 1788 118 40 utiles
1312 1799 102 40 pour
1429 1799 40 28 se
1489 1797 192 42 procurer

449 1864 71 40 des
539 1864 215 53 papillons,
773 1863 108 39 leurs
900 1860 191 41 chenilles
1111 1865 38 35 et
1166 1861 107 39 leurs
1294 1858 263 53 chrysalides,
1579 1859 103 39 mais

450 1949 44 28 ce
515 1949 77 39 que
608 1948 103 29 nous
731 1946 50 29 ne
799 1935 187 39 saurions
1006 1937 90 48 trop
1117 1932 307 41 recommander
1444 1932 97 39 c'est
1560 1931 50 39 de
1631 1942 51 27 ne

450 2011 85 38 rien
565 2009 178 48 oublier';
775 2010 120 37 avant
929 2005 47 41 de
1005 2006 150 51 partir,
1190 2004 26 40 il
1238 2005 86 39 faut
1350 2005 99 38 faire
1478 2005 98 38 trois
1606 2003 76 38 fois

448 2083 146 51 l'appel
623 2081 48 40 de
690 2084 92 36 tous
803 2091 64 29 ces
899 2079 146 51 objets,
1078 2077 136 40 l'oubli
1235 2077 96 39 d'un
1355 2077 84 39 seul
1465 2079 96 49 peut
1584 2075 99 38 faire

450 2154 145 53 perdre
611 2164 79 29 une
705 2151 171 53 journée
897 2151 48 39 de
967 2150 160 51 chasse,
1148 2150 107 39 faute
1275 2148 119 40 d'une
1407 2147 202 45 bouteille,
1634 2146 49 40 de

451 2228 38 38 la
508 2227 148 51 pelote,
679 2225 52 39 du
750 2223 186 41 moindre
958 2223 49 40 de
1036 2234 70 29 vos
1126 2223 265 39 instruments
1420 2221 35 39 le
1485 2220 141 52 plaisir
1645 2224 38 35 et

450 2297 174 41 l'intérêt
653 2309 77 39 que
765 2308 99 29 vous
895 2308 100 28 vous
1041 2298 240 50 promettez,
1330 2296 137 37 seront
1507 2292 176 50 changés

453 2383 50 28 en
531 2373 153 47 regrets
705 2373 39 36 et
762 2369 142 39 ennuis
921 2381 11 38 ;
966 2369 26 38 il
1023 2368 86 39 faut
1129 2366 104 41 donc
1267 2366 112 40 avoir
1398 2366 184 50 toujours
1617 2375 65 29 ces

452 2443 131 51 objets
604 2440 137 41 réunis
756 2440 102 40 dans
877 2452 80 29 une
976 2440 195 51 gibecière
1192 2450 52 29 ou
1263 2450 55 28 un
1338 2448 68 29 sac
1426 2437 49 39 de
1495 2437 184 47 touriste,

452 2516 69 52 fig.
550 2516 63 39 15.
