<?xml version="1.0" encoding="utf-8"?>
<alto SCHEMAVERSION="alto_bnf-v2_0" xmlns="http://www.loc.gov/standards/alto/ns-v3#" xmlns:xlink="http://www.w3.org/TR/xlink" xmlns:xsi="http://www.w3.org/2001/XMLSchema-instance" xsi:schemaLocation="http://www.loc.gov/standards/alto/ns-v3# http://bibnum.bnf.fr/schema/alto_bnf-v2_0.xsd">
  <Description>
    <MeasurementUnit>pixel</MeasurementUnit>
    <sourceImageInformation>
      <fileName>00000095.jp2</fileName>
      <documentIdentifier documentIdentifierLocation="IFN">9612399</documentIdentifier>
    </sourceImageInformation>
    <OCRProcessing ID="OCR_1">
      <ocrProcessingStep>
        <processingDateTime>2015-10-09</processingDateTime>
        <processingStepDescription>[001_OCR_BRUT]OCR BRUT 99.73 %</processingStepDescription>
        <processingStepDescription>[002_CHARS]{628}</processingStepDescription>
        <processingStepDescription>[003_CHARS_USED]{582}</processingStepDescription>
        <processingStepDescription>[004_CHARS_SUSPECTS_USED]{0}</processingStepDescription>
        <processingStepDescription>[005_CHARS_UNUSED]{46}</processingStepDescription>
        <processingStepDescription>[006_CHARS_SUSPECTS_UNUSED]{0}</processingStepDescription>
        <processingStepDescription>[007_STRINGS]{135}</processingStepDescription>
        <processingStepDescription>[008_STRINGS_USED]{135}</processingStepDescription>
        <processingStepDescription>[009_STRINGS_SUSPECTS_UNUSED]{0}</processingStepDescription>
        <processingStepDescription>[010_CHARS_LETTERS]{582}</processingStepDescription>
        <processingStepDescription>[011_CHARS_PUNCTUATION]{41}</processingStepDescription>
        <processingStepDescription>[012_CHARS_DIGITS]{4}</processingStepDescription>
        <processingStepDescription>[013_CHARS_SUSPECT]{0}</processingStepDescription>
        <processingStepDescription>[022_CHARS_UNUSED_BY_BLOCK]{0}</processingStepDescription>
        <processingStepDescription>[023_BLOCKS_SUSPECTS]{0}</processingStepDescription>
        <processingStepDescription>[111_LIGS_DETECTED_CURV]{0}</processingStepDescription>
      </ocrProcessingStep>
    </OCRProcessing>
  </Description>
  <Styles>
    <TextStyle FONTFAMILY="Times" FONTSIZE="9" ID="TXT_5"/>
    <TextStyle FONTFAMILY="Times" FONTSIZE="5" ID="TXT_18"/>
  </Styles>
  <Tags>
    <OtherTag ID="TAG_important" LABEL="important"/>
  </Tags>
  <Layout>
    <Page ACCURACY="99.73" HEIGHT="2996" ID="PAG_00000095" PHYSICAL_IMG_NR="95" PRINTED_IMG_NR="89" QUALITY="OK" WIDTH="1728">
      <TopMargin HEIGHT="397" HPOS="0" ID="PAG_00000095_TopMargin" VPOS="0" WIDTH="1728">
        <TextBlock HEIGHT="41" HPOS="611" ID="PAG_00000095_TB000001" LANG="fr" STYLEREFS="TXT_5" VPOS="310" WIDTH="208">
          <TextLine HEIGHT="41" HPOS="611" ID="PAG_00000095_TL000001" STYLEREFS="TXT_5" VPOS="310" WIDTH="208">
            <String CONTENT="-" HEIGHT="8" HPOS="611" ID="PAG_00000095_ST000001" STYLEREFS="TXT_5" VPOS="330" WC="1" WIDTH="51"/>
            <SP HPOS="662" ID="PAG_00000095_SP000001" VPOS="310" WIDTH="31"/>
            <String CONTENT="89" HEIGHT="41" HPOS="693" ID="PAG_00000095_ST000002" STYLEREFS="TXT_5" VPOS="310" WC="1" WIDTH="51"/>
            <SP HPOS="744" ID="PAG_00000095_SP000002" VPOS="330" WIDTH="25"/>
            <String CONTENT="—" HEIGHT="9" HPOS="769" ID="PAG_00000095_ST000003" STYLEREFS="TXT_5" VPOS="330" WC="1" WIDTH="50"/>
          </TextLine>
        </TextBlock>
      </TopMargin>
      <PrintSpace HEIGHT="2155" HPOS="102" ID="PAG_00000095_PrintSpace" VPOS="397" WIDTH="1263">
        <ComposedBlock HEIGHT="1113" HPOS="423" ID="PAG_00000095_CB000001" VPOS="397" WIDTH="606">
          <TextBlock HEIGHT="38" HPOS="468" ID="PAG_00000095_TB000002" LANG="fr" STYLEREFS="TXT_18" VPOS="564" WIDTH="110">
            <TextLine HEIGHT="38" HPOS="468" ID="PAG_00000095_TL000002" STYLEREFS="TXT_18" VPOS="564" WIDTH="110">
              <String CONTENT="Fig." HEIGHT="38" HPOS="468" ID="PAG_00000095_ST000004" STYLEREFS="TXT_18" TAGREFS="TAG_important" VPOS="564" WC="1" WIDTH="63"/>
              <SP HPOS="531" ID="PAG_00000095_SP000003" VPOS="566" WIDTH="20"/>
              <String CONTENT="6." HEIGHT="28" HPOS="551" ID="PAG_00000095_ST000005" STYLEREFS="TXT_18" VPOS="566" WC="0.99" WIDTH="27"/>
            </TextLine>
          </TextBlock>
          <Illustration HEIGHT="1113" HPOS="423" ID="PAG_00000095_IL000001" VPOS="397" WIDTH="606"/>
        </ComposedBlock>
        <TextBlock HEIGHT="632" HPOS="102" ID="PAG_00000095_TB000003" LANG="fr" STYLEREFS="TXT_5" VPOS="1554" WIDTH="1262">
          <TextLine HEIGHT="54" HPOS="159" ID="PAG_00000095_TL000003" STYLEREFS="TXT_5" VPOS="1554" WIDTH="1102">
            <String CONTENT="La" HEIGHT="38" HPOS="159" ID="PAG_00000095_ST000006" STYLEREFS="TXT_5" VPOS="1557" WC="1" WIDTH="55"/>
            <SP HPOS="214" ID="PAG_00000095_SP000004" VPOS="1555" WIDTH="55"/>
            <String CONTENT="première" HEIGHT="53" HPOS="269" ID="PAG_00000095_ST000007" STYLEREFS="TXT_5" VPOS="1555" WC="1" WIDTH="195"/>
            <SP HPOS="464" ID="PAG_00000095_SP000005" VPOS="1555" WIDTH="58"/>
            <String CONTENT="s'appelle" HEIGHT="52" HPOS="522" ID="PAG_00000095_ST000008" STYLEREFS="TXT_5" VPOS="1555" WC="1" WIDTH="187"/>
            <SP HPOS="709" ID="PAG_00000095_SP000006" VPOS="1556" WIDTH="46"/>
            <String CONTENT="aile" HEIGHT="41" HPOS="755" ID="PAG_00000095_ST000009" STYLEREFS="TXT_5" VPOS="1556" WC="1" WIDTH="77"/>
            <SP HPOS="832" ID="PAG_00000095_SP000007" VPOS="1554" WIDTH="54"/>
            <String CONTENT="supérieure," HEIGHT="54" HPOS="886" ID="PAG_00000095_ST000010" STYLEREFS="TXT_5" VPOS="1554" WC="1" WIDTH="260"/>
            <SP HPOS="1146" ID="PAG_00000095_SP000008" VPOS="1557" WIDTH="41"/>
            <String CONTENT="elle" HEIGHT="41" HPOS="1187" ID="PAG_00000095_ST000011" STYLEREFS="TXT_5" VPOS="1557" WC="1" WIDTH="74"/>
          </TextLine>
          <TextLine HEIGHT="53" HPOS="104" ID="PAG_00000095_TL000004" STYLEREFS="TXT_5" VPOS="1627" WIDTH="1229">
            <String CONTENT="presque" HEIGHT="41" HPOS="104" ID="PAG_00000095_ST000012" STYLEREFS="TXT_5" VPOS="1639" WC="1" WIDTH="170"/>
            <SP HPOS="274" ID="PAG_00000095_SP000009" VPOS="1630" WIDTH="32"/>
            <String CONTENT="toujours" HEIGHT="50" HPOS="306" ID="PAG_00000095_ST000013" STYLEREFS="TXT_5" VPOS="1630" WC="1" WIDTH="182"/>
            <SP HPOS="488" ID="PAG_00000095_SP000010" VPOS="1640" WIDTH="29"/>
            <String CONTENT="une" HEIGHT="28" HPOS="517" ID="PAG_00000095_ST000014" STYLEREFS="TXT_5" VPOS="1640" WC="1" WIDTH="80"/>
            <SP HPOS="597" ID="PAG_00000095_SP000011" VPOS="1629" WIDTH="28"/>
            <String CONTENT="forme" HEIGHT="39" HPOS="625" ID="PAG_00000095_ST000015" STYLEREFS="TXT_5" VPOS="1629" WC="1" WIDTH="127"/>
            <SP HPOS="752" ID="PAG_00000095_SP000012" VPOS="1627" WIDTH="32"/>
            <String CONTENT="subtriangulaire," HEIGHT="52" HPOS="784" ID="PAG_00000095_ST000016" STYLEREFS="TXT_5" VPOS="1627" WC="1" WIDTH="354"/>
            <SP HPOS="1138" ID="PAG_00000095_SP000013" VPOS="1633" WIDTH="27"/>
            <String CONTENT="et" HEIGHT="36" HPOS="1165" ID="PAG_00000095_ST000017" STYLEREFS="TXT_5" VPOS="1633" WC="1" WIDTH="37"/>
            <SP HPOS="1202" ID="PAG_00000095_SP000014" VPOS="1628" WIDTH="31"/>
            <String CONTENT="offre" HEIGHT="44" HPOS="1233" ID="PAG_00000095_ST000018" STYLEREFS="TXT_5" VPOS="1628" WC="1" WIDTH="100"/>
          </TextLine>
          <TextLine HEIGHT="53" HPOS="102" ID="PAG_00000095_TL000005" STYLEREFS="TXT_5" VPOS="1699" WIDTH="1231">
            <String CONTENT="par" HEIGHT="40" HPOS="102" ID="PAG_00000095_ST000019" STYLEREFS="TXT_5" VPOS="1712" WC="1" WIDTH="72"/>
            <SP HPOS="174" ID="PAG_00000095_SP000015" VPOS="1699" WIDTH="25"/>
            <String CONTENT="conséquent" HEIGHT="52" HPOS="199" ID="PAG_00000095_ST000020" STYLEREFS="TXT_5" VPOS="1699" WC="1" WIDTH="246"/>
            <SP HPOS="445" ID="PAG_00000095_SP000016" VPOS="1703" WIDTH="20"/>
            <String CONTENT="3" HEIGHT="38" HPOS="465" ID="PAG_00000095_ST000021" STYLEREFS="TXT_5" VPOS="1703" WC="1" WIDTH="25"/>
            <SP HPOS="490" ID="PAG_00000095_SP000017" VPOS="1700" WIDTH="20"/>
            <String CONTENT="angles" HEIGHT="50" HPOS="510" ID="PAG_00000095_ST000022" STYLEREFS="TXT_5" VPOS="1700" WC="1" WIDTH="137"/>
            <SP HPOS="647" ID="PAG_00000095_SP000018" VPOS="1699" WIDTH="31"/>
            <String CONTENT="principaux" HEIGHT="53" HPOS="678" ID="PAG_00000095_ST000023" STYLEREFS="TXT_5" VPOS="1699" WC="1" WIDTH="239"/>
            <SP HPOS="917" ID="PAG_00000095_SP000019" VPOS="1704" WIDTH="30"/>
            <String CONTENT="et" HEIGHT="35" HPOS="947" ID="PAG_00000095_ST000024" STYLEREFS="TXT_5" VPOS="1704" WC="1" WIDTH="38"/>
            <SP HPOS="985" ID="PAG_00000095_SP000020" VPOS="1700" WIDTH="30"/>
            <String CONTENT="trois" HEIGHT="40" HPOS="1015" ID="PAG_00000095_ST000025" STYLEREFS="TXT_5" VPOS="1700" WC="1" WIDTH="98"/>
            <SP HPOS="1113" ID="PAG_00000095_SP000021" VPOS="1701" WIDTH="24"/>
            <String CONTENT="côtés" HEIGHT="39" HPOS="1137" ID="PAG_00000095_ST000026" STYLEREFS="TXT_5" VPOS="1701" WC="1" WIDTH="110"/>
            <SP HPOS="1247" ID="PAG_00000095_SP000022" VPOS="1713" WIDTH="33"/>
            <String CONTENT="ou" HEIGHT="28" HPOS="1280" ID="PAG_00000095_ST000027" STYLEREFS="TXT_5" VPOS="1713" WC="1" WIDTH="53"/>
          </TextLine>
          <TextLine HEIGHT="53" HPOS="103" ID="PAG_00000095_TL000006" STYLEREFS="TXT_5" VPOS="1771" WIDTH="1261">
            <String CONTENT="bords." HEIGHT="40" HPOS="103" ID="PAG_00000095_ST000028" STYLEREFS="TXT_5" VPOS="1772" WC="1" WIDTH="137"/>
            <SP HPOS="240" ID="PAG_00000095_SP000023" VPOS="1774" WIDTH="24"/>
            <String CONTENT="Le" HEIGHT="38" HPOS="264" ID="PAG_00000095_ST000029" STYLEREFS="TXT_5" VPOS="1774" WC="1" WIDTH="53"/>
            <SP HPOS="317" ID="PAG_00000095_SP000024" VPOS="1772" WIDTH="26"/>
            <String CONTENT="premier" HEIGHT="52" HPOS="343" ID="PAG_00000095_ST000030" STYLEREFS="TXT_5" VPOS="1772" WC="1" WIDTH="173"/>
            <SP HPOS="516" ID="PAG_00000095_SP000025" VPOS="1772" WIDTH="19"/>
            <String CONTENT="angle" HEIGHT="49" HPOS="535" ID="PAG_00000095_ST000031" STYLEREFS="TXT_5" VPOS="1772" WC="1" WIDTH="116"/>
            <SP HPOS="651" ID="PAG_00000095_SP000026" VPOS="1772" WIDTH="22"/>
            <String CONTENT="fo)" HEIGHT="50" HPOS="673" ID="PAG_00000095_ST000032" STYLEREFS="TXT_5" VPOS="1772" WC="0.86" WIDTH="46"/>
            <SP HPOS="719" ID="PAG_00000095_SP000027" VPOS="1783" WIDTH="23"/>
            <String CONTENT="se" HEIGHT="28" HPOS="742" ID="PAG_00000095_ST000033" STYLEREFS="TXT_5" VPOS="1783" WC="1" WIDTH="42"/>
            <SP HPOS="784" ID="PAG_00000095_SP000028" VPOS="1783" WIDTH="20"/>
            <String CONTENT="nomme" HEIGHT="29" HPOS="804" ID="PAG_00000095_ST000034" STYLEREFS="TXT_5" VPOS="1783" WC="1" WIDTH="163"/>
            <SP HPOS="967" ID="PAG_00000095_SP000029" VPOS="1772" WIDTH="19"/>
            <String CONTENT="la" HEIGHT="40" HPOS="986" ID="PAG_00000095_ST000035" STYLEREFS="TXT_5" VPOS="1772" WC="1" WIDTH="38"/>
            <SP HPOS="1024" ID="PAG_00000095_SP000030" VPOS="1772" WIDTH="25"/>
            <String CONTENT="base," HEIGHT="48" HPOS="1049" ID="PAG_00000095_ST000036" STYLEREFS="TXT_5" VPOS="1772" WC="1" WIDTH="111"/>
            <SP HPOS="1160" ID="PAG_00000095_SP000031" VPOS="1771" WIDTH="23"/>
            <String CONTENT="il" HEIGHT="40" HPOS="1183" ID="PAG_00000095_ST000037" STYLEREFS="TXT_5" VPOS="1771" WC="1" WIDTH="27"/>
            <SP HPOS="1210" ID="PAG_00000095_SP000032" VPOS="1772" WIDTH="22"/>
            <String CONTENT="s'ar-" HEIGHT="40" HPOS="1232" ID="PAG_00000095_ST000038" STYLEREFS="TXT_5" SUBS_CONTENT="s'articule" SUBS_TYPE="HypPart1" VPOS="1772" WC="1" WIDTH="102"/>
            <HYP CONTENT="-" HPOS="1334" VPOS="1812" WIDTH="30"/>
          </TextLine>
          <TextLine HEIGHT="52" HPOS="106" ID="PAG_00000095_TL000007" STYLEREFS="TXT_5" VPOS="1845" WIDTH="1229">
            <String CONTENT="ticule" HEIGHT="40" HPOS="106" ID="PAG_00000095_ST000039" STYLEREFS="TXT_5" SUBS_CONTENT="s'articule" SUBS_TYPE="HypPart2" VPOS="1845" WC="1" WIDTH="116"/>
            <SP HPOS="222" ID="PAG_00000095_SP000033" VPOS="1856" WIDTH="27"/>
            <String CONTENT="avec" HEIGHT="29" HPOS="249" ID="PAG_00000095_ST000040" STYLEREFS="TXT_5" VPOS="1856" WC="1" WIDTH="94"/>
            <SP HPOS="343" ID="PAG_00000095_SP000034" VPOS="1846" WIDTH="20"/>
            <String CONTENT="le" HEIGHT="38" HPOS="363" ID="PAG_00000095_ST000041" STYLEREFS="TXT_5" VPOS="1846" WC="1" WIDTH="35"/>
            <SP HPOS="398" ID="PAG_00000095_SP000035" VPOS="1846" WIDTH="24"/>
            <String CONTENT="thorax," HEIGHT="46" HPOS="422" ID="PAG_00000095_ST000042" STYLEREFS="TXT_5" VPOS="1846" WC="1" WIDTH="157"/>
            <SP HPOS="579" ID="PAG_00000095_SP000036" VPOS="1845" WIDTH="21"/>
            <String CONTENT="le" HEIGHT="39" HPOS="600" ID="PAG_00000095_ST000043" STYLEREFS="TXT_5" VPOS="1845" WC="1" WIDTH="37"/>
            <SP HPOS="637" ID="PAG_00000095_SP000037" VPOS="1845" WIDTH="33"/>
            <String CONTENT="second" HEIGHT="40" HPOS="670" ID="PAG_00000095_ST000044" STYLEREFS="TXT_5" VPOS="1845" WC="1" WIDTH="149"/>
            <SP HPOS="819" ID="PAG_00000095_SP000038" VPOS="1845" WIDTH="32"/>
            <String CONTENT="(m)," HEIGHT="51" HPOS="851" ID="PAG_00000095_ST000045" STYLEREFS="TXT_5" VPOS="1845" WC="1" WIDTH="80"/>
            <SP HPOS="931" ID="PAG_00000095_SP000039" VPOS="1857" WIDTH="24"/>
            <String CONTENT="se" HEIGHT="28" HPOS="955" ID="PAG_00000095_ST000046" STYLEREFS="TXT_5" VPOS="1857" WC="1" WIDTH="42"/>
            <SP HPOS="997" ID="PAG_00000095_SP000040" VPOS="1857" WIDTH="32"/>
            <String CONTENT="nomme" HEIGHT="29" HPOS="1029" ID="PAG_00000095_ST000047" STYLEREFS="TXT_5" VPOS="1857" WC="1" WIDTH="162"/>
            <SP HPOS="1191" ID="PAG_00000095_SP000041" VPOS="1847" WIDTH="26"/>
            <String CONTENT="angle" HEIGHT="50" HPOS="1217" ID="PAG_00000095_ST000048" STYLEREFS="TXT_5" VPOS="1847" WC="1" WIDTH="118"/>
          </TextLine>
          <TextLine HEIGHT="52" HPOS="104" ID="PAG_00000095_TL000008" STYLEREFS="TXT_5" VPOS="1916" WIDTH="1231">
            <String CONTENT="apical" HEIGHT="51" HPOS="104" ID="PAG_00000095_ST000049" STYLEREFS="TXT_5" VPOS="1917" WC="1" WIDTH="126"/>
            <SP HPOS="230" ID="PAG_00000095_SP000042" VPOS="1918" WIDTH="22"/>
            <String CONTENT="(ou" HEIGHT="47" HPOS="252" ID="PAG_00000095_ST000050" STYLEREFS="TXT_5" VPOS="1918" WC="1" WIDTH="65"/>
            <SP HPOS="317" ID="PAG_00000095_SP000043" VPOS="1920" WIDTH="30"/>
            <String CONTENT="externe)," HEIGHT="46" HPOS="347" ID="PAG_00000095_ST000051" STYLEREFS="TXT_5" VPOS="1920" WC="1" WIDTH="188"/>
            <SP HPOS="535" ID="PAG_00000095_SP000044" VPOS="1916" WIDTH="22"/>
            <String CONTENT="le" HEIGHT="40" HPOS="557" ID="PAG_00000095_ST000052" STYLEREFS="TXT_5" VPOS="1916" WC="1" WIDTH="35"/>
            <SP HPOS="592" ID="PAG_00000095_SP000045" VPOS="1916" WIDTH="29"/>
            <String CONTENT="troisième" HEIGHT="40" HPOS="621" ID="PAG_00000095_ST000053" STYLEREFS="TXT_5" VPOS="1916" WC="1" WIDTH="203"/>
            <SP HPOS="824" ID="PAG_00000095_SP000046" VPOS="1917" WIDTH="27"/>
            <String CONTENT="(n)," HEIGHT="50" HPOS="851" ID="PAG_00000095_ST000054" STYLEREFS="TXT_5" VPOS="1917" WC="1" WIDTH="65"/>
            <SP HPOS="916" ID="PAG_00000095_SP000047" VPOS="1917" WIDTH="24"/>
            <String CONTENT="angle" HEIGHT="50" HPOS="940" ID="PAG_00000095_ST000055" STYLEREFS="TXT_5" VPOS="1917" WC="1" WIDTH="116"/>
            <SP HPOS="1056" ID="PAG_00000095_SP000048" VPOS="1918" WIDTH="20"/>
            <String CONTENT="interne." HEIGHT="40" HPOS="1076" ID="PAG_00000095_ST000056" STYLEREFS="TXT_5" VPOS="1918" WC="1" WIDTH="170"/>
            <SP HPOS="1246" ID="PAG_00000095_SP000049" VPOS="1921" WIDTH="34"/>
            <String CONTENT="Le" HEIGHT="38" HPOS="1280" ID="PAG_00000095_ST000057" STYLEREFS="TXT_5" VPOS="1921" WC="1" WIDTH="55"/>
          </TextLine>
          <TextLine HEIGHT="53" HPOS="104" ID="PAG_00000095_TL000009" STYLEREFS="TXT_5" VPOS="1987" WIDTH="1232">
            <String CONTENT="bord" HEIGHT="41" HPOS="104" ID="PAG_00000095_ST000058" STYLEREFS="TXT_5" VPOS="1988" WC="1" WIDTH="99"/>
            <SP HPOS="203" ID="PAG_00000095_SP000050" VPOS="1987" WIDTH="23"/>
            <String CONTENT="supérieur" HEIGHT="53" HPOS="226" ID="PAG_00000095_ST000059" STYLEREFS="TXT_5" VPOS="1987" WC="1" WIDTH="208"/>
            <SP HPOS="434" ID="PAG_00000095_SP000051" VPOS="1989" WIDTH="20"/>
            <String CONTENT="(o" HEIGHT="48" HPOS="454" ID="PAG_00000095_ST000060" STYLEREFS="TXT_5" VPOS="1989" WC="1" WIDTH="34"/>
            <SP HPOS="488" ID="PAG_00000095_SP000052" VPOS="1999" WIDTH="15"/>
            <String CONTENT="a" HEIGHT="28" HPOS="503" ID="PAG_00000095_ST000061" STYLEREFS="TXT_5" VPOS="1999" WC="1" WIDTH="22"/>
            <SP HPOS="525" ID="PAG_00000095_SP000053" VPOS="1991" WIDTH="15"/>
            <String CONTENT="m)" HEIGHT="49" HPOS="540" ID="PAG_00000095_ST000062" STYLEREFS="TXT_5" VPOS="1991" WC="1" WIDTH="52"/>
            <SP HPOS="592" ID="PAG_00000095_SP000054" VPOS="1999" WIDTH="21"/>
            <String CONTENT="a" HEIGHT="28" HPOS="613" ID="PAG_00000095_ST000063" STYLEREFS="TXT_5" VPOS="1999" WC="1" WIDTH="23"/>
            <SP HPOS="636" ID="PAG_00000095_SP000055" VPOS="2000" WIDTH="21"/>
            <String CONTENT="recu" HEIGHT="29" HPOS="657" ID="PAG_00000095_ST000064" STYLEREFS="TXT_5" VPOS="2000" WC="0.98" WIDTH="92"/>
            <SP HPOS="749" ID="PAG_00000095_SP000056" VPOS="1988" WIDTH="19"/>
            <String CONTENT="le" HEIGHT="41" HPOS="768" ID="PAG_00000095_ST000065" STYLEREFS="TXT_5" VPOS="1988" WC="1" WIDTH="36"/>
            <SP HPOS="804" ID="PAG_00000095_SP000057" VPOS="2001" WIDTH="15"/>
            <String CONTENT="nom" HEIGHT="28" HPOS="819" ID="PAG_00000095_ST000066" STYLEREFS="TXT_5" VPOS="2001" WC="1" WIDTH="93"/>
            <SP HPOS="912" ID="PAG_00000095_SP000058" VPOS="1989" WIDTH="17"/>
            <String CONTENT="de" HEIGHT="40" HPOS="929" ID="PAG_00000095_ST000067" STYLEREFS="TXT_5" VPOS="1989" WC="1" WIDTH="48"/>
            <SP HPOS="977" ID="PAG_00000095_SP000059" VPOS="1989" WIDTH="14"/>
            <String CONTENT="bord" HEIGHT="41" HPOS="991" ID="PAG_00000095_ST000068" STYLEREFS="TXT_5" VPOS="1989" WC="1" WIDTH="100"/>
            <SP HPOS="1091" ID="PAG_00000095_SP000060" VPOS="1994" WIDTH="16"/>
            <String CONTENT="externe" HEIGHT="37" HPOS="1107" ID="PAG_00000095_ST000069" STYLEREFS="TXT_5" VPOS="1994" WC="1" WIDTH="160"/>
            <SP HPOS="1267" ID="PAG_00000095_SP000061" VPOS="2003" WIDTH="15"/>
            <String CONTENT="ou" HEIGHT="28" HPOS="1282" ID="PAG_00000095_ST000070" STYLEREFS="TXT_5" VPOS="2003" WC="1" WIDTH="54"/>
          </TextLine>
          <TextLine HEIGHT="54" HPOS="104" ID="PAG_00000095_TL000010" STYLEREFS="TXT_5" VPOS="2060" WIDTH="1228">
            <String CONTENT="antérieur" HEIGHT="41" HPOS="104" ID="PAG_00000095_ST000071" STYLEREFS="TXT_5" VPOS="2060" WC="1" WIDTH="202"/>
            <SP HPOS="306" ID="PAG_00000095_SP000062" VPOS="2065" WIDTH="13"/>
            <String CONTENT="et" HEIGHT="36" HPOS="319" ID="PAG_00000095_ST000072" STYLEREFS="TXT_5" VPOS="2065" WC="1" WIDTH="38"/>
            <SP HPOS="357" ID="PAG_00000095_SP000063" VPOS="2062" WIDTH="14"/>
            <String CONTENT="le" HEIGHT="39" HPOS="371" ID="PAG_00000095_ST000073" STYLEREFS="TXT_5" VPOS="2062" WC="1" WIDTH="35"/>
            <SP HPOS="406" ID="PAG_00000095_SP000064" VPOS="2061" WIDTH="15"/>
            <String CONTENT="plus" HEIGHT="53" HPOS="421" ID="PAG_00000095_ST000074" STYLEREFS="TXT_5" VPOS="2061" WC="1" WIDTH="90"/>
            <SP HPOS="511" ID="PAG_00000095_SP000065" VPOS="2064" WIDTH="15"/>
            <String CONTENT="souvent" HEIGHT="38" HPOS="526" ID="PAG_00000095_ST000075" STYLEREFS="TXT_5" VPOS="2064" WC="1" WIDTH="168"/>
            <SP HPOS="694" ID="PAG_00000095_SP000066" VPOS="2061" WIDTH="13"/>
            <String CONTENT="de" HEIGHT="41" HPOS="707" ID="PAG_00000095_ST000076" STYLEREFS="TXT_5" VPOS="2061" WC="1" WIDTH="48"/>
            <SP HPOS="755" ID="PAG_00000095_SP000067" VPOS="2064" WIDTH="16"/>
            <String CONTENT="côte," HEIGHT="47" HPOS="771" ID="PAG_00000095_ST000077" STYLEREFS="TXT_5" VPOS="2064" WC="1" WIDTH="103"/>
            <SP HPOS="874" ID="PAG_00000095_SP000068" VPOS="2067" WIDTH="22"/>
            <String CONTENT="(o" HEIGHT="43" HPOS="896" ID="PAG_00000095_ST000078" STYLEREFS="TXT_5" VPOS="2067" WC="1" WIDTH="35"/>
            <SP HPOS="931" ID="PAG_00000095_SP000069" VPOS="2064" WIDTH="13"/>
            <String CONTENT="n)" HEIGHT="48" HPOS="944" ID="PAG_00000095_ST000079" STYLEREFS="TXT_5" VPOS="2064" WC="1" WIDTH="38"/>
            <SP HPOS="982" ID="PAG_00000095_SP000070" VPOS="2074" WIDTH="16"/>
            <String CONTENT="se" HEIGHT="28" HPOS="998" ID="PAG_00000095_ST000080" STYLEREFS="TXT_5" VPOS="2074" WC="1" WIDTH="42"/>
            <SP HPOS="1040" ID="PAG_00000095_SP000071" VPOS="2074" WIDTH="15"/>
            <String CONTENT="nomme" HEIGHT="29" HPOS="1055" ID="PAG_00000095_ST000081" STYLEREFS="TXT_5" VPOS="2074" WC="1" WIDTH="163"/>
            <SP HPOS="1218" ID="PAG_00000095_SP000072" VPOS="2061" WIDTH="16"/>
            <String CONTENT="bord" HEIGHT="41" HPOS="1234" ID="PAG_00000095_ST000082" STYLEREFS="TXT_5" VPOS="2061" WC="1" WIDTH="98"/>
          </TextLine>
          <TextLine HEIGHT="53" HPOS="104" ID="PAG_00000095_TL000011" STYLEREFS="TXT_5" VPOS="2133" WIDTH="1230">
            <String CONTENT="interne" HEIGHT="41" HPOS="104" ID="PAG_00000095_ST000083" STYLEREFS="TXT_5" VPOS="2133" WC="1" WIDTH="155"/>
            <SP HPOS="259" ID="PAG_00000095_SP000073" VPOS="2145" WIDTH="15"/>
            <String CONTENT="ou" HEIGHT="29" HPOS="274" ID="PAG_00000095_ST000084" STYLEREFS="TXT_5" VPOS="2145" WC="1" WIDTH="51"/>
            <SP HPOS="325" ID="PAG_00000095_SP000074" VPOS="2133" WIDTH="14"/>
            <String CONTENT="postérieur" HEIGHT="53" HPOS="339" ID="PAG_00000095_ST000085" STYLEREFS="TXT_5" VPOS="2133" WC="1" WIDTH="222"/>
            <SP HPOS="561" ID="PAG_00000095_SP000075" VPOS="2138" WIDTH="10"/>
            <String CONTENT="et" HEIGHT="38" HPOS="571" ID="PAG_00000095_ST000086" STYLEREFS="TXT_5" VPOS="2138" WC="1" WIDTH="39"/>
            <SP HPOS="610" ID="PAG_00000095_SP000076" VPOS="2133" WIDTH="13"/>
            <String CONTENT="(mn),bordmarginal" HEIGHT="52" HPOS="623" ID="PAG_00000095_ST000087" STYLEREFS="TXT_5" VPOS="2133" WC="1" WIDTH="429"/>
            <SP HPOS="1052" ID="PAG_00000095_SP000077" VPOS="2146" WIDTH="13"/>
            <String CONTENT="ou" HEIGHT="29" HPOS="1065" ID="PAG_00000095_ST000088" STYLEREFS="TXT_5" VPOS="2146" WC="1" WIDTH="53"/>
            <SP HPOS="1118" ID="PAG_00000095_SP000078" VPOS="2136" WIDTH="16"/>
            <String CONTENT="terminal." HEIGHT="39" HPOS="1134" ID="PAG_00000095_ST000089" STYLEREFS="TXT_5" VPOS="2136" WC="1" WIDTH="200"/>
          </TextLine>
        </TextBlock>
        <TextBlock HEIGHT="346" HPOS="107" ID="PAG_00000095_TB000004" LANG="fr" STYLEREFS="TXT_5" VPOS="2206" WIDTH="1258">
          <TextLine HEIGHT="54" HPOS="160" ID="PAG_00000095_TL000012" STYLEREFS="TXT_5" VPOS="2206" WIDTH="1173">
            <String CONTENT="Les" HEIGHT="38" HPOS="160" ID="PAG_00000095_ST000090" STYLEREFS="TXT_5" VPOS="2209" WC="1" WIDTH="75"/>
            <SP HPOS="235" ID="PAG_00000095_SP000079" VPOS="2218" WIDTH="32"/>
            <String CONTENT="nervures" HEIGHT="30" HPOS="267" ID="PAG_00000095_ST000091" STYLEREFS="TXT_5" VPOS="2218" WC="1" WIDTH="190"/>
            <SP HPOS="457" ID="PAG_00000095_SP000080" VPOS="2211" WIDTH="25"/>
            <String CONTENT="sont" HEIGHT="37" HPOS="482" ID="PAG_00000095_ST000092" STYLEREFS="TXT_5" VPOS="2211" WC="1" WIDTH="91"/>
            <SP HPOS="573" ID="PAG_00000095_SP000081" VPOS="2207" WIDTH="28"/>
            <String CONTENT="principales" HEIGHT="53" HPOS="601" ID="PAG_00000095_ST000093" STYLEREFS="TXT_5" VPOS="2207" WC="1" WIDTH="242"/>
            <SP HPOS="843" ID="PAG_00000095_SP000082" VPOS="2219" WIDTH="26"/>
            <String CONTENT="ou" HEIGHT="28" HPOS="869" ID="PAG_00000095_ST000094" STYLEREFS="TXT_5" VPOS="2219" WC="1" WIDTH="53"/>
            <SP HPOS="922" ID="PAG_00000095_SP000083" VPOS="2206" WIDTH="30"/>
            <String CONTENT="secondaires." HEIGHT="42" HPOS="952" ID="PAG_00000095_ST000095" STYLEREFS="TXT_5" VPOS="2206" WC="1" WIDTH="270"/>
            <SP HPOS="1222" ID="PAG_00000095_SP000084" VPOS="2209" WIDTH="35"/>
            <String CONTENT="Les" HEIGHT="39" HPOS="1257" ID="PAG_00000095_ST000096" STYLEREFS="TXT_5" VPOS="2209" WC="1" WIDTH="76"/>
          </TextLine>
          <TextLine HEIGHT="54" HPOS="107" ID="PAG_00000095_TL000013" STYLEREFS="TXT_5" VPOS="2278" WIDTH="1229">
            <String CONTENT="premières" HEIGHT="52" HPOS="107" ID="PAG_00000095_ST000097" STYLEREFS="TXT_5" VPOS="2278" WC="1" WIDTH="216"/>
            <SP HPOS="323" ID="PAG_00000095_SP000085" VPOS="2283" WIDTH="20"/>
            <String CONTENT="sont" HEIGHT="36" HPOS="343" ID="PAG_00000095_ST000098" STYLEREFS="TXT_5" VPOS="2283" WC="1" WIDTH="91"/>
            <SP HPOS="434" ID="PAG_00000095_SP000086" VPOS="2291" WIDTH="30"/>
            <String CONTENT="au" HEIGHT="28" HPOS="464" ID="PAG_00000095_ST000099" STYLEREFS="TXT_5" VPOS="2291" WC="1" WIDTH="51"/>
            <SP HPOS="515" ID="PAG_00000095_SP000087" VPOS="2280" WIDTH="27"/>
            <String CONTENT="nombre" HEIGHT="40" HPOS="542" ID="PAG_00000095_ST000100" STYLEREFS="TXT_5" VPOS="2280" WC="1" WIDTH="169"/>
            <SP HPOS="711" ID="PAG_00000095_SP000088" VPOS="2279" WIDTH="21"/>
            <String CONTENT="de" HEIGHT="41" HPOS="732" ID="PAG_00000095_ST000101" STYLEREFS="TXT_5" VPOS="2279" WC="1" WIDTH="49"/>
            <SP HPOS="781" ID="PAG_00000095_SP000089" VPOS="2282" WIDTH="28"/>
            <String CONTENT="quatre," HEIGHT="48" HPOS="809" ID="PAG_00000095_ST000102" STYLEREFS="TXT_5" VPOS="2282" WC="1" WIDTH="156"/>
            <SP HPOS="965" ID="PAG_00000095_SP000090" VPOS="2279" WIDTH="22"/>
            <String CONTENT="elles" HEIGHT="40" HPOS="987" ID="PAG_00000095_ST000103" STYLEREFS="TXT_5" VPOS="2279" WC="1" WIDTH="96"/>
            <SP HPOS="1083" ID="PAG_00000095_SP000091" VPOS="2282" WIDTH="20"/>
            <String CONTENT="partent" HEIGHT="50" HPOS="1103" ID="PAG_00000095_ST000104" STYLEREFS="TXT_5" VPOS="2282" WC="1" WIDTH="158"/>
            <SP HPOS="1261" ID="PAG_00000095_SP000092" VPOS="2279" WIDTH="28"/>
            <String CONTENT="de" HEIGHT="41" HPOS="1289" ID="PAG_00000095_ST000105" STYLEREFS="TXT_5" VPOS="2279" WC="1" WIDTH="47"/>
          </TextLine>
          <TextLine HEIGHT="55" HPOS="107" ID="PAG_00000095_TL000014" STYLEREFS="TXT_5" VPOS="2349" WIDTH="1258">
            <String CONTENT="la" HEIGHT="40" HPOS="107" ID="PAG_00000095_ST000106" STYLEREFS="TXT_5" VPOS="2349" WC="1" WIDTH="36"/>
            <SP HPOS="143" ID="PAG_00000095_SP000093" VPOS="2350" WIDTH="29"/>
            <String CONTENT="base" HEIGHT="40" HPOS="172" ID="PAG_00000095_ST000107" STYLEREFS="TXT_5" VPOS="2350" WC="1" WIDTH="94"/>
            <SP HPOS="266" ID="PAG_00000095_SP000094" VPOS="2351" WIDTH="28"/>
            <String CONTENT="de" HEIGHT="40" HPOS="294" ID="PAG_00000095_ST000108" STYLEREFS="TXT_5" VPOS="2351" WC="1" WIDTH="48"/>
            <SP HPOS="342" ID="PAG_00000095_SP000095" VPOS="2351" WIDTH="26"/>
            <String CONTENT="l'aile" HEIGHT="41" HPOS="368" ID="PAG_00000095_ST000109" STYLEREFS="TXT_5" VPOS="2351" WC="1" WIDTH="104"/>
            <SP HPOS="472" ID="PAG_00000095_SP000096" VPOS="2355" WIDTH="24"/>
            <String CONTENT="et" HEIGHT="37" HPOS="496" ID="PAG_00000095_ST000110" STYLEREFS="TXT_5" VPOS="2355" WC="1" WIDTH="38"/>
            <SP HPOS="534" ID="PAG_00000095_SP000097" VPOS="2364" WIDTH="26"/>
            <String CONTENT="se" HEIGHT="29" HPOS="560" ID="PAG_00000095_ST000111" STYLEREFS="TXT_5" VPOS="2364" WC="1" WIDTH="41"/>
            <SP HPOS="601" ID="PAG_00000095_SP000098" VPOS="2352" WIDTH="21"/>
            <String CONTENT="ramifient" HEIGHT="41" HPOS="622" ID="PAG_00000095_ST000112" STYLEREFS="TXT_5" VPOS="2352" WC="1" WIDTH="201"/>
            <SP HPOS="823" ID="PAG_00000095_SP000099" VPOS="2363" WIDTH="30"/>
            <String CONTENT="pour" HEIGHT="41" HPOS="853" ID="PAG_00000095_ST000113" STYLEREFS="TXT_5" VPOS="2363" WC="1" WIDTH="103"/>
            <SP HPOS="956" ID="PAG_00000095_SP000100" VPOS="2352" WIDTH="20"/>
            <String CONTENT="former" HEIGHT="40" HPOS="976" ID="PAG_00000095_ST000114" STYLEREFS="TXT_5" VPOS="2352" WC="1" WIDTH="149"/>
            <SP HPOS="1125" ID="PAG_00000095_SP000101" VPOS="2350" WIDTH="27"/>
            <String CONTENT="les" HEIGHT="42" HPOS="1152" ID="PAG_00000095_ST000115" STYLEREFS="TXT_5" VPOS="2350" WC="1" WIDTH="59"/>
            <SP HPOS="1211" ID="PAG_00000095_SP000102" VPOS="2364" WIDTH="28"/>
            <String CONTENT="ner-" HEIGHT="28" HPOS="1239" ID="PAG_00000095_ST000116" STYLEREFS="TXT_5" SUBS_CONTENT="nervures" SUBS_TYPE="HypPart1" VPOS="2364" WC="1" WIDTH="96"/>
            <HYP CONTENT="-" HPOS="1335" VPOS="2392" WIDTH="30"/>
          </TextLine>
          <TextLine HEIGHT="54" HPOS="107" ID="PAG_00000095_TL000015" STYLEREFS="TXT_5" VPOS="2423" WIDTH="1227">
            <String CONTENT="vures" HEIGHT="28" HPOS="107" ID="PAG_00000095_ST000117" STYLEREFS="TXT_5" SUBS_CONTENT="nervures" SUBS_TYPE="HypPart2" VPOS="2434" WC="1" WIDTH="117"/>
            <SP HPOS="224" ID="PAG_00000095_SP000103" VPOS="2423" WIDTH="33"/>
            <String CONTENT="secondaires," HEIGHT="49" HPOS="257" ID="PAG_00000095_ST000118" STYLEREFS="TXT_5" VPOS="2423" WC="0.99" WIDTH="268"/>
            <SP HPOS="525" ID="PAG_00000095_SP000104" VPOS="2424" WIDTH="24"/>
            <String CONTENT="dont" HEIGHT="40" HPOS="549" ID="PAG_00000095_ST000119" STYLEREFS="TXT_5" VPOS="2424" WC="1" WIDTH="98"/>
            <SP HPOS="647" ID="PAG_00000095_SP000105" VPOS="2425" WIDTH="31"/>
            <String CONTENT="le" HEIGHT="39" HPOS="678" ID="PAG_00000095_ST000120" STYLEREFS="TXT_5" VPOS="2425" WC="1" WIDTH="36"/>
            <SP HPOS="714" ID="PAG_00000095_SP000106" VPOS="2424" WIDTH="30"/>
            <String CONTENT="nombre" HEIGHT="40" HPOS="744" ID="PAG_00000095_ST000121" STYLEREFS="TXT_5" VPOS="2424" WC="1" WIDTH="168"/>
            <SP HPOS="912" ID="PAG_00000095_SP000107" VPOS="2425" WIDTH="31"/>
            <String CONTENT="varie" HEIGHT="39" HPOS="943" ID="PAG_00000095_ST000122" STYLEREFS="TXT_5" VPOS="2425" WC="1" WIDTH="108"/>
            <SP HPOS="1051" ID="PAG_00000095_SP000108" VPOS="2436" WIDTH="31"/>
            <String CONTENT="un" HEIGHT="28" HPOS="1082" ID="PAG_00000095_ST000123" STYLEREFS="TXT_5" VPOS="2436" WC="1" WIDTH="56"/>
            <SP HPOS="1138" ID="PAG_00000095_SP000109" VPOS="2436" WIDTH="20"/>
            <String CONTENT="peu" HEIGHT="41" HPOS="1158" ID="PAG_00000095_ST000124" STYLEREFS="TXT_5" VPOS="2436" WC="1" WIDTH="77"/>
            <SP HPOS="1235" ID="PAG_00000095_SP000110" VPOS="2439" WIDTH="17"/>
            <String CONTENT=";" HEIGHT="36" HPOS="1252" ID="PAG_00000095_ST000125" STYLEREFS="TXT_5" VPOS="2439" WC="1" WIDTH="9"/>
            <SP HPOS="1261" ID="PAG_00000095_SP000111" VPOS="2426" WIDTH="35"/>
            <String CONTENT="la" HEIGHT="38" HPOS="1296" ID="PAG_00000095_ST000126" STYLEREFS="TXT_5" VPOS="2426" WC="1" WIDTH="38"/>
          </TextLine>
          <TextLine HEIGHT="58" HPOS="108" ID="PAG_00000095_TL000016" STYLEREFS="TXT_5" VPOS="2494" WIDTH="1226">
            <String CONTENT="première" HEIGHT="56" HPOS="108" ID="PAG_00000095_ST000127" STYLEREFS="TXT_5" VPOS="2494" WC="1" WIDTH="195"/>
            <SP HPOS="303" ID="PAG_00000095_SP000112" VPOS="2497" WIDTH="22"/>
            <String CONTENT="(a)," HEIGHT="49" HPOS="325" ID="PAG_00000095_ST000128" STYLEREFS="TXT_5" VPOS="2497" WC="1" WIDTH="61"/>
            <SP HPOS="386" ID="PAG_00000095_SP000113" VPOS="2508" WIDTH="32"/>
            <String CONTENT="se" HEIGHT="29" HPOS="418" ID="PAG_00000095_ST000129" STYLEREFS="TXT_5" VPOS="2508" WC="1" WIDTH="41"/>
            <SP HPOS="459" ID="PAG_00000095_SP000114" VPOS="2508" WIDTH="31"/>
            <String CONTENT="nomme" HEIGHT="31" HPOS="490" ID="PAG_00000095_ST000130" STYLEREFS="TXT_5" VPOS="2508" WC="1" WIDTH="162"/>
            <SP HPOS="652" ID="PAG_00000095_SP000115" VPOS="2509" WIDTH="27"/>
            <String CONTENT="nervure" HEIGHT="30" HPOS="679" ID="PAG_00000095_ST000131" STYLEREFS="TXT_5" VPOS="2509" WC="0.99" WIDTH="172"/>
            <SP HPOS="851" ID="PAG_00000095_SP000116" VPOS="2497" WIDTH="27"/>
            <String CONTENT="costale," HEIGHT="49" HPOS="878" ID="PAG_00000095_ST000132" STYLEREFS="TXT_5" VPOS="2497" WC="1" WIDTH="162"/>
            <SP HPOS="1040" ID="PAG_00000095_SP000117" VPOS="2498" WIDTH="30"/>
            <String CONTENT="celle" HEIGHT="40" HPOS="1070" ID="PAG_00000095_ST000133" STYLEREFS="TXT_5" VPOS="2498" WC="1" WIDTH="96"/>
            <SP HPOS="1166" ID="PAG_00000095_SP000118" VPOS="2499" WIDTH="33"/>
            <String CONTENT="qui" HEIGHT="53" HPOS="1199" ID="PAG_00000095_ST000134" STYLEREFS="TXT_5" VPOS="2499" WC="1" WIDTH="69"/>
            <SP HPOS="1268" ID="PAG_00000095_SP000119" VPOS="2498" WIDTH="28"/>
            <String CONTENT="la" HEIGHT="40" HPOS="1296" ID="PAG_00000095_ST000135" STYLEREFS="TXT_5" VPOS="2498" WC="1" WIDTH="38"/>
          </TextLine>
        </TextBlock>
      </PrintSpace>
    </Page>
  </Layout>
</alto>
