<?xml version="1.0" encoding="utf-8"?>
<alto SCHEMAVERSION="alto_bnf-v2_0" xmlns="http://www.loc.gov/standards/alto/ns-v3#" xmlns:xlink="http://www.w3.org/TR/xlink" xmlns:xsi="http://www.w3.org/2001/XMLSchema-instance" xsi:schemaLocation="http://www.loc.gov/standards/alto/ns-v3# http://bibnum.bnf.fr/schema/alto_bnf-v2_0.xsd">
  <Description>
    <MeasurementUnit>pixel</MeasurementUnit>
    <sourceImageInformation>
      <fileName>00000174.jp2</fileName>
      <documentIdentifier documentIdentifierLocation="IFN">9612399</documentIdentifier>
    </sourceImageInformation>
    <OCRProcessing ID="OCR_1">
      <ocrProcessingStep>
        <processingDateTime>2015-10-09</processingDateTime>
        <processingStepDescription>[001_OCR_BRUT]OCR BRUT 98.16 %</processingStepDescription>
        <processingStepDescription>[002_CHARS]{1094}</processingStepDescription>
        <processingStepDescription>[003_CHARS_USED]{1016}</processingStepDescription>
        <processingStepDescription>[004_CHARS_SUSPECTS_USED]{0}</processingStepDescription>
        <processingStepDescription>[005_CHARS_UNUSED]{78}</processingStepDescription>
        <processingStepDescription>[006_CHARS_SUSPECTS_UNUSED]{0}</processingStepDescription>
        <processingStepDescription>[007_STRINGS]{220}</processingStepDescription>
        <processingStepDescription>[008_STRINGS_USED]{220}</processingStepDescription>
        <processingStepDescription>[009_STRINGS_SUSPECTS_UNUSED]{0}</processingStepDescription>
        <processingStepDescription>[010_CHARS_LETTERS]{1016}</processingStepDescription>
        <processingStepDescription>[011_CHARS_PUNCTUATION]{62}</processingStepDescription>
        <processingStepDescription>[012_CHARS_DIGITS]{13}</processingStepDescription>
        <processingStepDescription>[013_CHARS_SUSPECT]{0}</processingStepDescription>
        <processingStepDescription>[022_CHARS_UNUSED_BY_BLOCK]{0}</processingStepDescription>
        <processingStepDescription>[023_BLOCKS_SUSPECTS]{0}</processingStepDescription>
        <processingStepDescription>[111_LIGS_DETECTED_CURV]{0}</processingStepDescription>
      </ocrProcessingStep>
    </OCRProcessing>
  </Description>
  <Styles>
    <TextStyle FONTFAMILY="Times" FONTSIZE="9" ID="TXT_5"/>
    <TextStyle FONTFAMILY="Times" FONTSIZE="8" ID="TXT_7"/>
    <TextStyle FONTFAMILY="Times" FONTSIZE="18" ID="TXT_13"/>
  </Styles>
  <Tags>
    <OtherTag ID="TAG_importantEN" LABEL="important" TYPE="EN"/>
    <OtherTag ID="TAG_important" LABEL="important"/>
  </Tags>
  <Layout>
    <Page ACCURACY="98.16" HEIGHT="3000" ID="PAG_00000174" PHYSICAL_IMG_NR="174" PRINTED_IMG_NR="168" QUALITY="OK" WIDTH="1780">
      <TopMargin HEIGHT="421" HPOS="0" ID="PAG_00000174_TopMargin" VPOS="0" WIDTH="1780">
        <TextBlock HEIGHT="45" HPOS="945" ID="PAG_00000174_TB000001" LANG="fr" STYLEREFS="TXT_13" VPOS="319" WIDTH="245">
          <TextLine HEIGHT="45" HPOS="945" ID="PAG_00000174_TL000001" STYLEREFS="TXT_13" VPOS="319" WIDTH="245">
            <String CONTENT="—" HEIGHT="14" HPOS="945" ID="PAG_00000174_ST000001" STYLEREFS="TXT_5" VPOS="340" WC="1" WIDTH="57"/>
            <SP HPOS="1002" ID="PAG_00000174_SP000001" VPOS="319" WIDTH="29"/>
            <String CONTENT="168" HEIGHT="45" HPOS="1031" ID="PAG_00000174_ST000002" STYLEREFS="TXT_13" VPOS="319" WC="0.78" WIDTH="76"/>
            <SP HPOS="1107" ID="PAG_00000174_SP000002" VPOS="342" WIDTH="27"/>
            <String CONTENT="—" HEIGHT="11" HPOS="1134" ID="PAG_00000174_ST000003" STYLEREFS="TXT_13" VPOS="342" WC="1" WIDTH="56"/>
          </TextLine>
        </TextBlock>
      </TopMargin>
      <PrintSpace HEIGHT="2161" HPOS="450" ID="PAG_00000174_PrintSpace" VPOS="421" WIDTH="1272">
        <TextBlock HEIGHT="125" HPOS="454" ID="PAG_00000174_TB000002" LANG="fr" STYLEREFS="TXT_5" VPOS="421" WIDTH="1237">
          <TextLine HEIGHT="60" HPOS="454" ID="PAG_00000174_TL000002" STYLEREFS="TXT_5" VPOS="421" WIDTH="1237">
            <String CONTENT="les" HEIGHT="46" HPOS="454" ID="PAG_00000174_ST000004" STYLEREFS="TXT_5" VPOS="421" WC="0.99" WIDTH="59"/>
            <SP HPOS="513" ID="PAG_00000174_SP000003" VPOS="438" WIDTH="17"/>
            <String CONTENT=";" HEIGHT="37" HPOS="530" ID="PAG_00000174_ST000005" STYLEREFS="TXT_5" VPOS="438" WC="1" WIDTH="11"/>
            <SP HPOS="541" ID="PAG_00000174_SP000004" VPOS="422" WIDTH="15"/>
            <String CONTENT="d'un" HEIGHT="45" HPOS="556" ID="PAG_00000174_ST000006" STYLEREFS="TXT_5" VPOS="422" WC="0.86" WIDTH="97"/>
            <SP HPOS="653" ID="PAG_00000174_SP000005" VPOS="424" WIDTH="14"/>
            <String CONTENT="fauve" HEIGHT="44" HPOS="667" ID="PAG_00000174_ST000007" STYLEREFS="TXT_5" VPOS="424" WC="1" WIDTH="117"/>
            <SP HPOS="784" ID="PAG_00000174_SP000006" VPOS="425" WIDTH="18"/>
            <String CONTENT="plus" HEIGHT="55" HPOS="802" ID="PAG_00000174_ST000008" STYLEREFS="TXT_5" VPOS="425" WC="1" WIDTH="90"/>
            <SP HPOS="892" ID="PAG_00000174_SP000007" VPOS="425" WIDTH="15"/>
            <String CONTENT="vif," HEIGHT="52" HPOS="907" ID="PAG_00000174_ST000009" STYLEREFS="TXT_5" VPOS="425" WC="1" WIDTH="72"/>
            <SP HPOS="979" ID="PAG_00000174_SP000008" VPOS="437" WIDTH="18"/>
            <String CONTENT="avec" HEIGHT="31" HPOS="997" ID="PAG_00000174_ST000010" STYLEREFS="TXT_5" VPOS="437" WC="1" WIDTH="96"/>
            <SP HPOS="1093" ID="PAG_00000174_SP000009" VPOS="425" WIDTH="13"/>
            <String CONTENT="les" HEIGHT="43" HPOS="1106" ID="PAG_00000174_ST000011" STYLEREFS="TXT_5" VPOS="425" WC="1" WIDTH="60"/>
            <SP HPOS="1166" ID="PAG_00000174_SP000010" VPOS="424" WIDTH="14"/>
            <String CONTENT="taches" HEIGHT="44" HPOS="1180" ID="PAG_00000174_ST000012" STYLEREFS="TXT_5" VPOS="424" WC="1" WIDTH="136"/>
            <SP HPOS="1316" ID="PAG_00000174_SP000011" VPOS="425" WIDTH="14"/>
            <String CONTENT="anté-marginales" HEIGHT="56" HPOS="1330" ID="PAG_00000174_ST000013" STYLEREFS="TXT_5" VPOS="425" WC="1" WIDTH="361"/>
          </TextLine>
          <TextLine HEIGHT="47" HPOS="456" ID="PAG_00000174_TL000003" STYLEREFS="TXT_5" VPOS="499" WIDTH="476">
            <String CONTENT="très-claires" HEIGHT="41" HPOS="456" ID="PAG_00000174_ST000014" STYLEREFS="TXT_5" VPOS="500" WC="1" WIDTH="248"/>
            <SP HPOS="704" ID="PAG_00000174_SP000012" VPOS="500" WIDTH="22"/>
            <String CONTENT="chez" HEIGHT="41" HPOS="726" ID="PAG_00000174_ST000015" STYLEREFS="TXT_5" VPOS="500" WC="1" WIDTH="94"/>
            <SP HPOS="820" ID="PAG_00000174_SP000013" VPOS="500" WIDTH="16"/>
            <String CONTENT="la" HEIGHT="40" HPOS="836" ID="PAG_00000174_ST000016" STYLEREFS="TXT_5" VPOS="500" WC="1" WIDTH="38"/>
            <SP HPOS="874" ID="PAG_00000174_SP000014" VPOS="499" WIDTH="15"/>
            <String CONTENT="9." HEIGHT="47" HPOS="889" ID="PAG_00000174_ST000017" STYLEREFS="TXT_5" VPOS="499" WC="0.62" WIDTH="43"/>
          </TextLine>
        </TextBlock>
        <TextBlock HEIGHT="120" HPOS="456" ID="PAG_00000174_TB000003" LANG="fr" STYLEREFS="TXT_5" VPOS="571" WIDTH="1266">
          <TextLine HEIGHT="53" HPOS="510" ID="PAG_00000174_TL000004" STYLEREFS="TXT_5" VPOS="571" WIDTH="1212">
            <String CONTENT="Provence," HEIGHT="49" HPOS="510" ID="PAG_00000174_ST000018" STYLEREFS="TXT_5" TAGREFS="TAG_importantEN" VPOS="573" WC="1" WIDTH="219"/>
            <SP HPOS="729" ID="PAG_00000174_SP000015" VPOS="573" WIDTH="34"/>
            <String CONTENT="environs" HEIGHT="41" HPOS="763" ID="PAG_00000174_ST000019" STYLEREFS="TXT_5" VPOS="573" WC="1" WIDTH="189"/>
            <SP HPOS="952" ID="PAG_00000174_SP000016" VPOS="571" WIDTH="40"/>
            <String CONTENT="d'Hyères" HEIGHT="53" HPOS="992" ID="PAG_00000174_ST000020" STYLEREFS="TXT_5" TAGREFS="TAG_importantEN" VPOS="571" WC="1" WIDTH="194"/>
            <SP HPOS="1186" ID="PAG_00000174_SP000017" VPOS="584" WIDTH="34"/>
            <String CONTENT="en" HEIGHT="28" HPOS="1220" ID="PAG_00000174_ST000021" STYLEREFS="TXT_5" VPOS="584" WC="1" WIDTH="48"/>
            <SP HPOS="1268" ID="PAG_00000174_SP000018" VPOS="573" WIDTH="39"/>
            <String CONTENT="mai," HEIGHT="48" HPOS="1307" ID="PAG_00000174_ST000022" STYLEREFS="TXT_5" VPOS="573" WC="1" WIDTH="96"/>
            <SP HPOS="1403" ID="PAG_00000174_SP000019" VPOS="584" WIDTH="35"/>
            <String CONTENT="assez" HEIGHT="30" HPOS="1438" ID="PAG_00000174_ST000023" STYLEREFS="TXT_5" VPOS="584" WC="1" WIDTH="112"/>
            <SP HPOS="1550" ID="PAG_00000174_SP000020" VPOS="585" WIDTH="28"/>
            <String CONTENT="com-" HEIGHT="29" HPOS="1578" ID="PAG_00000174_ST000024" STYLEREFS="TXT_5" SUBS_CONTENT="commUQc." SUBS_TYPE="HypPart1" VPOS="585" WC="1" WIDTH="114"/>
            <HYP CONTENT="-" HPOS="1692" VPOS="614" WIDTH="30"/>
          </TextLine>
          <TextLine HEIGHT="36" HPOS="456" ID="PAG_00000174_TL000005" STYLEREFS="TXT_5" VPOS="655" WIDTH="137">
            <String CONTENT="mUQc." HEIGHT="36" HPOS="456" ID="PAG_00000174_ST000025" STYLEREFS="TXT_5" SUBS_CONTENT="commUQc." SUBS_TYPE="HypPart2" VPOS="655" WC="0.63" WIDTH="137"/>
          </TextLine>
        </TextBlock>
        <TextBlock HEIGHT="50" HPOS="459" ID="PAG_00000174_TB000004" LANG="fr" STYLEREFS="TXT_5" VPOS="733" WIDTH="353">
          <TextLine HEIGHT="50" HPOS="459" ID="PAG_00000174_TL000006" STYLEREFS="TXT_5" VPOS="733" WIDTH="353">
            <String CONTENT="CINXIA," HEIGHT="49" HPOS="459" ID="PAG_00000174_ST000026" STYLEREFS="TXT_7" VPOS="734" WC="0.99" WIDTH="158"/>
            <SP HPOS="617" ID="PAG_00000174_SP000021" VPOS="735" WIDTH="25"/>
            <String CONTENT="L." HEIGHT="38" HPOS="642" ID="PAG_00000174_ST000027" STYLEREFS="TXT_5" VPOS="735" WC="1" WIDTH="44"/>
            <SP HPOS="686" ID="PAG_00000174_SP000022" VPOS="733" WIDTH="26"/>
            <String CONTENT="God." HEIGHT="41" HPOS="712" ID="PAG_00000174_ST000028" STYLEREFS="TXT_5" VPOS="733" WC="1" WIDTH="100"/>
          </TextLine>
        </TextBlock>
        <TextBlock HEIGHT="401" HPOS="454" ID="PAG_00000174_TB000005" LANG="fr" STYLEREFS="TXT_5" VPOS="822" WIDTH="1266">
          <TextLine HEIGHT="53" HPOS="511" ID="PAG_00000174_TL000007" STYLEREFS="TXT_5" VPOS="822" WIDTH="1209">
            <String CONTENT="35" HEIGHT="39" HPOS="511" ID="PAG_00000174_ST000029" STYLEREFS="TXT_5" VPOS="825" WC="1" WIDTH="52"/>
            <SP HPOS="563" ID="PAG_00000174_SP000023" VPOS="830" WIDTH="15"/>
            <String CONTENT="m." HEIGHT="32" HPOS="578" ID="PAG_00000174_ST000030" STYLEREFS="TXT_5" VPOS="830" WC="0.92" WIDTH="43"/>
            <SP HPOS="621" ID="PAG_00000174_SP000024" VPOS="823" WIDTH="18"/>
            <String CONTENT="Ailes" HEIGHT="39" HPOS="639" ID="PAG_00000174_ST000031" STYLEREFS="TXT_5" VPOS="823" WC="1" WIDTH="107"/>
            <SP HPOS="746" ID="PAG_00000174_SP000025" VPOS="822" WIDTH="14"/>
            <String CONTENT="légèrement" HEIGHT="50" HPOS="760" ID="PAG_00000174_ST000032" STYLEREFS="TXT_5" VPOS="822" WC="1" WIDTH="245"/>
            <SP HPOS="1005" ID="PAG_00000174_SP000026" VPOS="822" WIDTH="22"/>
            <String CONTENT="dentées," HEIGHT="50" HPOS="1027" ID="PAG_00000174_ST000033" STYLEREFS="TXT_5" VPOS="822" WC="1" WIDTH="174"/>
            <SP HPOS="1201" ID="PAG_00000174_SP000027" VPOS="822" WIDTH="17"/>
            <String CONTENT="d'un" HEIGHT="41" HPOS="1218" ID="PAG_00000174_ST000034" STYLEREFS="TXT_5" VPOS="822" WC="1" WIDTH="98"/>
            <SP HPOS="1316" ID="PAG_00000174_SP000028" VPOS="824" WIDTH="19"/>
            <String CONTENT="fauve" HEIGHT="40" HPOS="1335" ID="PAG_00000174_ST000035" STYLEREFS="TXT_5" VPOS="824" WC="1" WIDTH="116"/>
            <SP HPOS="1451" ID="PAG_00000174_SP000029" VPOS="828" WIDTH="19"/>
            <String CONTENT="terne," HEIGHT="47" HPOS="1470" ID="PAG_00000174_ST000036" STYLEREFS="TXT_5" VPOS="828" WC="1" WIDTH="129"/>
            <SP HPOS="1599" ID="PAG_00000174_SP000030" VPOS="823" WIDTH="24"/>
            <String CONTENT="ré-" HEIGHT="41" HPOS="1623" ID="PAG_00000174_ST000037" STYLEREFS="TXT_5" SUBS_CONTENT="réticulées" SUBS_TYPE="HypPart1" VPOS="823" WC="1" WIDTH="67"/>
            <HYP CONTENT="-" HPOS="1690" VPOS="864" WIDTH="30"/>
          </TextLine>
          <TextLine HEIGHT="55" HPOS="455" ID="PAG_00000174_TL000008" STYLEREFS="TXT_5" VPOS="893" WIDTH="1237">
            <String CONTENT="ticulées" HEIGHT="42" HPOS="455" ID="PAG_00000174_ST000038" STYLEREFS="TXT_5" SUBS_CONTENT="réticulées" SUBS_TYPE="HypPart2" VPOS="894" WC="1" WIDTH="165"/>
            <SP HPOS="620" ID="PAG_00000174_SP000031" VPOS="893" WIDTH="29"/>
            <String CONTENT="de" HEIGHT="42" HPOS="649" ID="PAG_00000174_ST000039" STYLEREFS="TXT_5" VPOS="893" WC="1" WIDTH="48"/>
            <SP HPOS="697" ID="PAG_00000174_SP000032" VPOS="895" WIDTH="31"/>
            <String CONTENT="noir;" HEIGHT="51" HPOS="728" ID="PAG_00000174_ST000040" STYLEREFS="TXT_5" VPOS="895" WC="1" WIDTH="115"/>
            <SP HPOS="843" ID="PAG_00000174_SP000033" VPOS="895" WIDTH="39"/>
            <String CONTENT="inférieures" HEIGHT="41" HPOS="882" ID="PAG_00000174_ST000041" STYLEREFS="TXT_5" VPOS="895" WC="1" WIDTH="238"/>
            <SP HPOS="1120" ID="PAG_00000174_SP000034" VPOS="907" WIDTH="25"/>
            <String CONTENT="un" HEIGHT="28" HPOS="1145" ID="PAG_00000174_ST000042" STYLEREFS="TXT_5" VPOS="907" WC="1" WIDTH="57"/>
            <SP HPOS="1202" ID="PAG_00000174_SP000035" VPOS="907" WIDTH="25"/>
            <String CONTENT="peu" HEIGHT="41" HPOS="1227" ID="PAG_00000174_ST000043" STYLEREFS="TXT_5" VPOS="907" WC="1" WIDTH="79"/>
            <SP HPOS="1306" ID="PAG_00000174_SP000036" VPOS="894" WIDTH="23"/>
            <String CONTENT="aigues" HEIGHT="53" HPOS="1329" ID="PAG_00000174_ST000044" STYLEREFS="TXT_5" VPOS="894" WC="0.98" WIDTH="140"/>
            <SP HPOS="1469" ID="PAG_00000174_SP000037" VPOS="897" WIDTH="25"/>
            <String CONTENT="à" HEIGHT="40" HPOS="1494" ID="PAG_00000174_ST000045" STYLEREFS="TXT_5" VPOS="897" WC="1" WIDTH="24"/>
            <SP HPOS="1518" ID="PAG_00000174_SP000038" VPOS="896" WIDTH="29"/>
            <String CONTENT="l'angle" HEIGHT="51" HPOS="1547" ID="PAG_00000174_ST000046" STYLEREFS="TXT_5" VPOS="896" WC="1" WIDTH="145"/>
          </TextLine>
          <TextLine HEIGHT="53" HPOS="456" ID="PAG_00000174_TL000009" STYLEREFS="TXT_5" VPOS="965" WIDTH="1235">
            <String CONTENT="anal" HEIGHT="40" HPOS="456" ID="PAG_00000174_ST000047" STYLEREFS="TXT_5" VPOS="966" WC="1" WIDTH="92"/>
            <SP HPOS="548" ID="PAG_00000174_SP000039" VPOS="970" WIDTH="21"/>
            <String CONTENT="et" HEIGHT="36" HPOS="569" ID="PAG_00000174_ST000048" STYLEREFS="TXT_5" VPOS="970" WC="1" WIDTH="38"/>
            <SP HPOS="607" ID="PAG_00000174_SP000040" VPOS="970" WIDTH="21"/>
            <String CONTENT="ayant" HEIGHT="48" HPOS="628" ID="PAG_00000174_ST000049" STYLEREFS="TXT_5" VPOS="970" WC="1" WIDTH="121"/>
            <SP HPOS="749" ID="PAG_00000174_SP000041" VPOS="966" WIDTH="19"/>
            <String CONTENT="le" HEIGHT="40" HPOS="768" ID="PAG_00000174_ST000050" STYLEREFS="TXT_5" VPOS="966" WC="1" WIDTH="36"/>
            <SP HPOS="804" ID="PAG_00000174_SP000042" VPOS="965" WIDTH="23"/>
            <String CONTENT="deuxième" HEIGHT="42" HPOS="827" ID="PAG_00000174_ST000051" STYLEREFS="TXT_5" VPOS="965" WC="1" WIDTH="207"/>
            <SP HPOS="1034" ID="PAG_00000174_SP000043" VPOS="978" WIDTH="33"/>
            <String CONTENT="rang" HEIGHT="40" HPOS="1067" ID="PAG_00000174_ST000052" STYLEREFS="TXT_5" VPOS="978" WC="1" WIDTH="101"/>
            <SP HPOS="1168" ID="PAG_00000174_SP000044" VPOS="967" WIDTH="28"/>
            <String CONTENT="de" HEIGHT="40" HPOS="1196" ID="PAG_00000174_ST000053" STYLEREFS="TXT_5" VPOS="967" WC="1" WIDTH="49"/>
            <SP HPOS="1245" ID="PAG_00000174_SP000045" VPOS="967" WIDTH="31"/>
            <String CONTENT="taches" HEIGHT="40" HPOS="1276" ID="PAG_00000174_ST000054" STYLEREFS="TXT_5" VPOS="967" WC="1" WIDTH="138"/>
            <SP HPOS="1414" ID="PAG_00000174_SP000046" VPOS="968" WIDTH="20"/>
            <String CONTENT="fauves" HEIGHT="40" HPOS="1434" ID="PAG_00000174_ST000055" STYLEREFS="TXT_5" VPOS="968" WC="1" WIDTH="137"/>
            <SP HPOS="1571" ID="PAG_00000174_SP000047" VPOS="968" WIDTH="21"/>
            <String CONTENT="orné" HEIGHT="40" HPOS="1592" ID="PAG_00000174_ST000056" STYLEREFS="TXT_5" VPOS="968" WC="0.96" WIDTH="99"/>
          </TextLine>
          <TextLine HEIGHT="55" HPOS="455" ID="PAG_00000174_TL000010" STYLEREFS="TXT_5" VPOS="1037" WIDTH="1237">
            <String CONTENT="d'une" HEIGHT="40" HPOS="455" ID="PAG_00000174_ST000057" STYLEREFS="TXT_5" VPOS="1038" WC="1" WIDTH="118"/>
            <SP HPOS="573" ID="PAG_00000174_SP000048" VPOS="1038" WIDTH="30"/>
            <String CONTENT="série" HEIGHT="40" HPOS="603" ID="PAG_00000174_ST000058" STYLEREFS="TXT_5" VPOS="1038" WC="1" WIDTH="100"/>
            <SP HPOS="703" ID="PAG_00000174_SP000049" VPOS="1038" WIDTH="28"/>
            <String CONTENT="de" HEIGHT="40" HPOS="731" ID="PAG_00000174_ST000059" STYLEREFS="TXT_5" VPOS="1038" WC="1" WIDTH="48"/>
            <SP HPOS="779" ID="PAG_00000174_SP000050" VPOS="1039" WIDTH="29"/>
            <String CONTENT="points" HEIGHT="51" HPOS="808" ID="PAG_00000174_ST000060" STYLEREFS="TXT_5" VPOS="1039" WC="1" WIDTH="136"/>
            <SP HPOS="944" ID="PAG_00000174_SP000051" VPOS="1037" WIDTH="20"/>
            <String CONTENT="noirs." HEIGHT="42" HPOS="964" ID="PAG_00000174_ST000061" STYLEREFS="TXT_5" VPOS="1037" WC="1" WIDTH="126"/>
            <SP HPOS="1090" ID="PAG_00000174_SP000052" VPOS="1039" WIDTH="34"/>
            <String CONTENT="Dessous" HEIGHT="40" HPOS="1124" ID="PAG_00000174_ST000062" STYLEREFS="TXT_5" VPOS="1039" WC="1" WIDTH="181"/>
            <SP HPOS="1305" ID="PAG_00000174_SP000053" VPOS="1038" WIDTH="29"/>
            <String CONTENT="des" HEIGHT="42" HPOS="1334" ID="PAG_00000174_ST000063" STYLEREFS="TXT_5" VPOS="1038" WC="1" WIDTH="70"/>
            <SP HPOS="1404" ID="PAG_00000174_SP000054" VPOS="1038" WIDTH="34"/>
            <String CONTENT="supérieures" HEIGHT="54" HPOS="1438" ID="PAG_00000174_ST000064" STYLEREFS="TXT_5" VPOS="1038" WC="1" WIDTH="254"/>
          </TextLine>
          <TextLine HEIGHT="55" HPOS="454" ID="PAG_00000174_TL000011" STYLEREFS="TXT_5" VPOS="1109" WIDTH="1236">
            <String CONTENT="avec" HEIGHT="28" HPOS="454" ID="PAG_00000174_ST000065" STYLEREFS="TXT_5" VPOS="1122" WC="1" WIDTH="96"/>
            <SP HPOS="550" ID="PAG_00000174_SP000055" VPOS="1109" WIDTH="16"/>
            <String CONTENT="l'extrémité" HEIGHT="41" HPOS="566" ID="PAG_00000174_ST000066" STYLEREFS="TXT_5" VPOS="1109" WC="1" WIDTH="238"/>
            <SP HPOS="804" ID="PAG_00000174_SP000056" VPOS="1110" WIDTH="18"/>
            <String CONTENT="d'un" HEIGHT="41" HPOS="822" ID="PAG_00000174_ST000067" STYLEREFS="TXT_5" VPOS="1110" WC="1" WIDTH="97"/>
            <SP HPOS="919" ID="PAG_00000174_SP000057" VPOS="1111" WIDTH="19"/>
            <String CONTENT="blanc" HEIGHT="40" HPOS="938" ID="PAG_00000174_ST000068" STYLEREFS="TXT_5" VPOS="1111" WC="1" WIDTH="119"/>
            <SP HPOS="1057" ID="PAG_00000174_SP000058" VPOS="1112" WIDTH="13"/>
            <String CONTENT="jaunâtre" HEIGHT="51" HPOS="1070" ID="PAG_00000174_ST000069" STYLEREFS="TXT_5" VPOS="1112" WC="1" WIDTH="189"/>
            <SP HPOS="1259" ID="PAG_00000174_SP000059" VPOS="1115" WIDTH="21"/>
            <String CONTENT="et" HEIGHT="37" HPOS="1280" ID="PAG_00000174_ST000070" STYLEREFS="TXT_5" VPOS="1115" WC="1" WIDTH="39"/>
            <SP HPOS="1319" ID="PAG_00000174_SP000060" VPOS="1111" WIDTH="20"/>
            <String CONTENT="quelques" HEIGHT="52" HPOS="1339" ID="PAG_00000174_ST000071" STYLEREFS="TXT_5" VPOS="1111" WC="1" WIDTH="196"/>
            <SP HPOS="1535" ID="PAG_00000174_SP000061" VPOS="1112" WIDTH="18"/>
            <String CONTENT="points" HEIGHT="52" HPOS="1553" ID="PAG_00000174_ST000072" STYLEREFS="TXT_5" VPOS="1112" WC="1" WIDTH="137"/>
          </TextLine>
          <TextLine HEIGHT="39" HPOS="456" ID="PAG_00000174_TL000012" STYLEREFS="TXT_5" VPOS="1184" WIDTH="127">
            <String CONTENT="noirs." HEIGHT="39" HPOS="456" ID="PAG_00000174_ST000073" STYLEREFS="TXT_5" VPOS="1184" WC="1" WIDTH="127"/>
          </TextLine>
        </TextBlock>
        <TextBlock HEIGHT="259" HPOS="453" ID="PAG_00000174_TB000006" LANG="fr" STYLEREFS="TXT_5" VPOS="1253" WIDTH="1237">
          <TextLine HEIGHT="53" HPOS="511" ID="PAG_00000174_TL000013" STYLEREFS="TXT_5" VPOS="1253" WIDTH="1179">
            <String CONTENT="Dessous" HEIGHT="40" HPOS="511" ID="PAG_00000174_ST000074" STYLEREFS="TXT_5" VPOS="1256" WC="1" WIDTH="175"/>
            <SP HPOS="686" ID="PAG_00000174_SP000062" VPOS="1254" WIDTH="20"/>
            <String CONTENT="des" HEIGHT="41" HPOS="706" ID="PAG_00000174_ST000075" STYLEREFS="TXT_5" VPOS="1254" WC="1" WIDTH="70"/>
            <SP HPOS="776" ID="PAG_00000174_SP000063" VPOS="1253" WIDTH="21"/>
            <String CONTENT="inférieures" HEIGHT="42" HPOS="797" ID="PAG_00000174_ST000076" STYLEREFS="TXT_5" VPOS="1253" WC="1" WIDTH="238"/>
            <SP HPOS="1035" ID="PAG_00000174_SP000064" VPOS="1266" WIDTH="20"/>
            <String CONTENT="avec" HEIGHT="30" HPOS="1055" ID="PAG_00000174_ST000077" STYLEREFS="TXT_5" VPOS="1266" WC="1" WIDTH="94"/>
            <SP HPOS="1149" ID="PAG_00000174_SP000065" VPOS="1256" WIDTH="20"/>
            <String CONTENT="cinq" HEIGHT="50" HPOS="1169" ID="PAG_00000174_ST000078" STYLEREFS="TXT_5" VPOS="1256" WC="1" WIDTH="93"/>
            <SP HPOS="1262" ID="PAG_00000174_SP000066" VPOS="1255" WIDTH="19"/>
            <String CONTENT="bandes" HEIGHT="40" HPOS="1281" ID="PAG_00000174_ST000079" STYLEREFS="TXT_5" VPOS="1255" WC="1" WIDTH="153"/>
            <SP HPOS="1434" ID="PAG_00000174_SP000067" VPOS="1255" WIDTH="16"/>
            <String CONTENT="maculuires" HEIGHT="40" HPOS="1450" ID="PAG_00000174_ST000080" STYLEREFS="TXT_5" VPOS="1255" WC="0.94" WIDTH="240"/>
          </TextLine>
          <TextLine HEIGHT="50" HPOS="454" ID="PAG_00000174_TL000014" STYLEREFS="TXT_5" VPOS="1326" WIDTH="1234">
            <String CONTENT="transverses," HEIGHT="45" HPOS="454" ID="PAG_00000174_ST000081" STYLEREFS="TXT_5" VPOS="1331" WC="1" WIDTH="263"/>
            <SP HPOS="717" ID="PAG_00000174_SP000068" VPOS="1327" WIDTH="15"/>
            <String CONTENT="dont" HEIGHT="40" HPOS="732" ID="PAG_00000174_ST000082" STYLEREFS="TXT_5" VPOS="1327" WC="1" WIDTH="99"/>
            <SP HPOS="831" ID="PAG_00000174_SP000069" VPOS="1327" WIDTH="19"/>
            <String CONTENT="la" HEIGHT="40" HPOS="850" ID="PAG_00000174_ST000083" STYLEREFS="TXT_5" VPOS="1327" WC="1" WIDTH="38"/>
            <SP HPOS="888" ID="PAG_00000174_SP000070" VPOS="1330" WIDTH="20"/>
            <String CONTENT="2e" HEIGHT="37" HPOS="908" ID="PAG_00000174_ST000084" STYLEREFS="TXT_5" VPOS="1330" WC="0.71" WIDTH="41"/>
            <SP HPOS="949" ID="PAG_00000174_SP000071" VPOS="1331" WIDTH="14"/>
            <String CONTENT="et" HEIGHT="36" HPOS="963" ID="PAG_00000174_ST000085" STYLEREFS="TXT_5" VPOS="1331" WC="1" WIDTH="38"/>
            <SP HPOS="1001" ID="PAG_00000174_SP000072" VPOS="1328" WIDTH="19"/>
            <String CONTENT="la" HEIGHT="39" HPOS="1020" ID="PAG_00000174_ST000086" STYLEREFS="TXT_5" VPOS="1328" WC="1" WIDTH="38"/>
            <SP HPOS="1058" ID="PAG_00000174_SP000073" VPOS="1328" WIDTH="17"/>
            <String CONTENT="4e" HEIGHT="39" HPOS="1075" ID="PAG_00000174_ST000087" STYLEREFS="TXT_5" VPOS="1328" WC="1" WIDTH="40"/>
            <SP HPOS="1115" ID="PAG_00000174_SP000074" VPOS="1326" WIDTH="21"/>
            <String CONTENT="d'un" HEIGHT="41" HPOS="1136" ID="PAG_00000174_ST000088" STYLEREFS="TXT_5" VPOS="1326" WC="1" WIDTH="96"/>
            <SP HPOS="1232" ID="PAG_00000174_SP000075" VPOS="1327" WIDTH="17"/>
            <String CONTENT="fauve" HEIGHT="40" HPOS="1249" ID="PAG_00000174_ST000089" STYLEREFS="TXT_5" VPOS="1327" WC="1" WIDTH="117"/>
            <SP HPOS="1366" ID="PAG_00000174_SP000076" VPOS="1330" WIDTH="21"/>
            <String CONTENT="roussâtre," HEIGHT="46" HPOS="1387" ID="PAG_00000174_ST000090" STYLEREFS="TXT_5" VPOS="1330" WC="1" WIDTH="225"/>
            <SP HPOS="1612" ID="PAG_00000174_SP000077" VPOS="1327" WIDTH="19"/>
            <String CONTENT="les" HEIGHT="40" HPOS="1631" ID="PAG_00000174_ST000091" STYLEREFS="TXT_5" VPOS="1327" WC="1" WIDTH="57"/>
          </TextLine>
          <TextLine HEIGHT="54" HPOS="453" ID="PAG_00000174_TL000015" STYLEREFS="TXT_5" VPOS="1399" WIDTH="1236">
            <String CONTENT="trois" HEIGHT="39" HPOS="453" ID="PAG_00000174_ST000092" STYLEREFS="TXT_5" VPOS="1400" WC="1" WIDTH="99"/>
            <SP HPOS="552" ID="PAG_00000174_SP000078" VPOS="1405" WIDTH="20"/>
            <String CONTENT="autres" HEIGHT="34" HPOS="572" ID="PAG_00000174_ST000093" STYLEREFS="TXT_5" VPOS="1405" WC="1" WIDTH="134"/>
            <SP HPOS="706" ID="PAG_00000174_SP000079" VPOS="1399" WIDTH="18"/>
            <String CONTENT="d'un" HEIGHT="40" HPOS="724" ID="PAG_00000174_ST000094" STYLEREFS="TXT_5" VPOS="1399" WC="1" WIDTH="94"/>
            <SP HPOS="818" ID="PAG_00000174_SP000080" VPOS="1400" WIDTH="16"/>
            <String CONTENT="jaune" HEIGHT="52" HPOS="834" ID="PAG_00000174_ST000095" STYLEREFS="TXT_5" VPOS="1400" WC="1" WIDTH="127"/>
            <SP HPOS="961" ID="PAG_00000174_SP000081" VPOS="1400" WIDTH="20"/>
            <String CONTENT="pâle." HEIGHT="53" HPOS="981" ID="PAG_00000174_ST000096" STYLEREFS="TXT_5" VPOS="1400" WC="1" WIDTH="104"/>
            <SP HPOS="1085" ID="PAG_00000174_SP000082" VPOS="1400" WIDTH="21"/>
            <String CONTENT="Toutes" HEIGHT="40" HPOS="1106" ID="PAG_00000174_ST000097" STYLEREFS="TXT_5" VPOS="1400" WC="1" WIDTH="150"/>
            <SP HPOS="1256" ID="PAG_00000174_SP000083" VPOS="1411" WIDTH="19"/>
            <String CONTENT="ces" HEIGHT="31" HPOS="1275" ID="PAG_00000174_ST000098" STYLEREFS="TXT_5" VPOS="1411" WC="1" WIDTH="66"/>
            <SP HPOS="1341" ID="PAG_00000174_SP000084" VPOS="1399" WIDTH="14"/>
            <String CONTENT="bandes" HEIGHT="40" HPOS="1355" ID="PAG_00000174_ST000099" STYLEREFS="TXT_5" VPOS="1399" WC="1" WIDTH="152"/>
            <SP HPOS="1507" ID="PAG_00000174_SP000085" VPOS="1399" WIDTH="18"/>
            <String CONTENT="liserées" HEIGHT="41" HPOS="1525" ID="PAG_00000174_ST000100" STYLEREFS="TXT_5" VPOS="1399" WC="1" WIDTH="164"/>
          </TextLine>
          <TextLine HEIGHT="42" HPOS="453" ID="PAG_00000174_TL000016" STYLEREFS="TXT_5" VPOS="1470" WIDTH="175">
            <String CONTENT="de" HEIGHT="42" HPOS="453" ID="PAG_00000174_ST000101" STYLEREFS="TXT_5" VPOS="1470" WC="1" WIDTH="50"/>
            <SP HPOS="503" ID="PAG_00000174_SP000086" VPOS="1473" WIDTH="20"/>
            <String CONTENT="noir." HEIGHT="39" HPOS="523" ID="PAG_00000174_ST000102" STYLEREFS="TXT_5" VPOS="1473" WC="1" WIDTH="105"/>
          </TextLine>
        </TextBlock>
        <TextBlock HEIGHT="54" HPOS="509" ID="PAG_00000174_TB000007" LANG="fr" STYLEREFS="TXT_5" VPOS="1543" WIDTH="683">
          <TextLine HEIGHT="54" HPOS="509" ID="PAG_00000174_TL000017" STYLEREFS="TXT_5" VPOS="1543" WIDTH="683">
            <String CONTENT="9" HEIGHT="47" HPOS="509" ID="PAG_00000174_ST000103" STYLEREFS="TXT_5" VPOS="1550" WC="0.70" WIDTH="28"/>
            <SP HPOS="537" ID="PAG_00000174_SP000087" VPOS="1544" WIDTH="18"/>
            <String CONTENT="semblable" HEIGHT="40" HPOS="555" ID="PAG_00000174_ST000104" STYLEREFS="TXT_5" VPOS="1544" WC="1" WIDTH="219"/>
            <SP HPOS="774" ID="PAG_00000174_SP000088" VPOS="1545" WIDTH="20"/>
            <String CONTENT="mais" HEIGHT="40" HPOS="794" ID="PAG_00000174_ST000105" STYLEREFS="TXT_5" VPOS="1545" WC="1" WIDTH="103"/>
            <SP HPOS="897" ID="PAG_00000174_SP000089" VPOS="1544" WIDTH="21"/>
            <String CONTENT="plus" HEIGHT="53" HPOS="918" ID="PAG_00000174_ST000106" STYLEREFS="TXT_5" VPOS="1544" WC="1" WIDTH="89"/>
            <SP HPOS="1007" ID="PAG_00000174_SP000090" VPOS="1543" WIDTH="21"/>
            <String CONTENT="grande." HEIGHT="52" HPOS="1028" ID="PAG_00000174_ST000107" STYLEREFS="TXT_5" VPOS="1543" WC="1" WIDTH="164"/>
          </TextLine>
        </TextBlock>
        <TextBlock HEIGHT="270" HPOS="450" ID="PAG_00000174_TB000008" LANG="fr" STYLEREFS="TXT_5" VPOS="1615" WIDTH="1241">
          <TextLine HEIGHT="53" HPOS="507" ID="PAG_00000174_TL000018" STYLEREFS="TXT_5" VPOS="1615" WIDTH="1170">
            <String CONTENT="Chenille" HEIGHT="40" HPOS="507" ID="PAG_00000174_ST000108" STYLEREFS="TXT_5" VPOS="1616" WC="1" WIDTH="181"/>
            <SP HPOS="688" ID="PAG_00000174_SP000091" VPOS="1627" WIDTH="17"/>
            <String CONTENT="en" HEIGHT="29" HPOS="705" ID="PAG_00000174_ST000109" STYLEREFS="TXT_5" VPOS="1627" WC="1" WIDTH="51"/>
            <SP HPOS="756" ID="PAG_00000174_SP000092" VPOS="1616" WIDTH="19"/>
            <String CONTENT="avril," HEIGHT="49" HPOS="775" ID="PAG_00000174_ST000110" STYLEREFS="TXT_5" VPOS="1616" WC="1" WIDTH="113"/>
            <SP HPOS="888" ID="PAG_00000174_SP000093" VPOS="1620" WIDTH="23"/>
            <String CONTENT="août" HEIGHT="36" HPOS="911" ID="PAG_00000174_ST000111" STYLEREFS="TXT_5" VPOS="1620" WC="1" WIDTH="96"/>
            <SP HPOS="1007" ID="PAG_00000174_SP000094" VPOS="1620" WIDTH="19"/>
            <String CONTENT="et" HEIGHT="36" HPOS="1026" ID="PAG_00000174_ST000112" STYLEREFS="TXT_5" VPOS="1620" WC="1" WIDTH="40"/>
            <SP HPOS="1066" ID="PAG_00000174_SP000095" VPOS="1615" WIDTH="18"/>
            <String CONTENT="septembre," HEIGHT="53" HPOS="1084" ID="PAG_00000174_ST000113" STYLEREFS="TXT_5" VPOS="1615" WC="1" WIDTH="241"/>
            <SP HPOS="1325" ID="PAG_00000174_SP000096" VPOS="1626" WIDTH="23"/>
            <String CONTENT="sur" HEIGHT="29" HPOS="1348" ID="PAG_00000174_ST000114" STYLEREFS="TXT_5" VPOS="1626" WC="1" WIDTH="70"/>
            <SP HPOS="1418" ID="PAG_00000174_SP000097" VPOS="1615" WIDTH="15"/>
            <String CONTENT="le" HEIGHT="40" HPOS="1433" ID="PAG_00000174_ST000115" STYLEREFS="TXT_5" VPOS="1615" WC="1" WIDTH="35"/>
            <SP HPOS="1468" ID="PAG_00000174_SP000098" VPOS="1615" WIDTH="15"/>
            <String CONTENT="plantain," HEIGHT="53" HPOS="1483" ID="PAG_00000174_ST000116" STYLEREFS="TXT_5" VPOS="1615" WC="1" WIDTH="194"/>
          </TextLine>
          <TextLine HEIGHT="55" HPOS="451" ID="PAG_00000174_TL000019" STYLEREFS="TXT_5" VPOS="1686" WIDTH="1236">
            <String CONTENT="la" HEIGHT="40" HPOS="451" ID="PAG_00000174_ST000117" STYLEREFS="TXT_5" VPOS="1687" WC="1" WIDTH="37"/>
            <SP HPOS="488" ID="PAG_00000174_SP000099" VPOS="1688" WIDTH="19"/>
            <String CONTENT="jacée" HEIGHT="51" HPOS="507" ID="PAG_00000174_ST000118" STYLEREFS="TXT_5" VPOS="1688" WC="1" WIDTH="116"/>
            <SP HPOS="623" ID="PAG_00000174_SP000100" VPOS="1693" WIDTH="28"/>
            <String CONTENT="et" HEIGHT="35" HPOS="651" ID="PAG_00000174_ST000119" STYLEREFS="TXT_5" VPOS="1693" WC="1" WIDTH="36"/>
            <SP HPOS="687" ID="PAG_00000174_SP000101" VPOS="1689" WIDTH="22"/>
            <String CONTENT="la" HEIGHT="39" HPOS="709" ID="PAG_00000174_ST000120" STYLEREFS="TXT_5" VPOS="1689" WC="1" WIDTH="38"/>
            <SP HPOS="747" ID="PAG_00000174_SP000102" VPOS="1689" WIDTH="20"/>
            <String CONTENT="piloselle." HEIGHT="52" HPOS="767" ID="PAG_00000174_ST000121" STYLEREFS="TXT_5" VPOS="1689" WC="1" WIDTH="196"/>
            <SP HPOS="963" ID="PAG_00000174_SP000103" VPOS="1690" WIDTH="23"/>
            <String CONTENT="Dans" HEIGHT="38" HPOS="986" ID="PAG_00000174_ST000122" STYLEREFS="TXT_5" VPOS="1690" WC="1" WIDTH="107"/>
            <SP HPOS="1093" ID="PAG_00000174_SP000104" VPOS="1700" WIDTH="32"/>
            <String CONTENT="son" HEIGHT="28" HPOS="1125" ID="PAG_00000174_ST000123" STYLEREFS="TXT_5" VPOS="1700" WC="1" WIDTH="74"/>
            <SP HPOS="1199" ID="PAG_00000174_SP000105" VPOS="1687" WIDTH="26"/>
            <String CONTENT="jeune" HEIGHT="54" HPOS="1225" ID="PAG_00000174_ST000124" STYLEREFS="TXT_5" VPOS="1687" WC="1" WIDTH="122"/>
            <SP HPOS="1347" ID="PAG_00000174_SP000106" VPOS="1690" WIDTH="30"/>
            <String CONTENT="âge" HEIGHT="47" HPOS="1377" ID="PAG_00000174_ST000125" STYLEREFS="TXT_5" VPOS="1690" WC="1" WIDTH="73"/>
            <SP HPOS="1450" ID="PAG_00000174_SP000107" VPOS="1686" WIDTH="20"/>
            <String CONTENT="elle" HEIGHT="41" HPOS="1470" ID="PAG_00000174_ST000126" STYLEREFS="TXT_5" VPOS="1686" WC="1" WIDTH="75"/>
            <SP HPOS="1545" ID="PAG_00000174_SP000108" VPOS="1689" WIDTH="15"/>
            <String CONTENT="vit" HEIGHT="39" HPOS="1560" ID="PAG_00000174_ST000127" STYLEREFS="TXT_5" VPOS="1689" WC="1" WIDTH="58"/>
            <SP HPOS="1618" ID="PAG_00000174_SP000109" VPOS="1699" WIDTH="18"/>
            <String CONTENT="en" HEIGHT="29" HPOS="1636" ID="PAG_00000174_ST000128" STYLEREFS="TXT_5" VPOS="1699" WC="1" WIDTH="51"/>
          </TextLine>
          <TextLine HEIGHT="53" HPOS="452" ID="PAG_00000174_TL000020" STYLEREFS="TXT_5" VPOS="1760" WIDTH="1239">
            <String CONTENT="société" HEIGHT="40" HPOS="452" ID="PAG_00000174_ST000129" STYLEREFS="TXT_5" VPOS="1760" WC="1" WIDTH="150"/>
            <SP HPOS="602" ID="PAG_00000174_SP000110" VPOS="1768" WIDTH="30"/>
            <String CONTENT="et" HEIGHT="32" HPOS="632" ID="PAG_00000174_ST000130" STYLEREFS="TXT_5" VPOS="1768" WC="1" WIDTH="37"/>
            <SP HPOS="669" ID="PAG_00000174_SP000111" VPOS="1772" WIDTH="29"/>
            <String CONTENT="passe" HEIGHT="41" HPOS="698" ID="PAG_00000174_ST000131" STYLEREFS="TXT_5" VPOS="1772" WC="1" WIDTH="118"/>
            <SP HPOS="816" ID="PAG_00000174_SP000112" VPOS="1760" WIDTH="24"/>
            <String CONTENT="l'hiver" HEIGHT="42" HPOS="840" ID="PAG_00000174_ST000132" STYLEREFS="TXT_5" VPOS="1760" WC="1" WIDTH="144"/>
            <SP HPOS="984" ID="PAG_00000174_SP000113" VPOS="1772" WIDTH="23"/>
            <String CONTENT="sous" HEIGHT="29" HPOS="1007" ID="PAG_00000174_ST000133" STYLEREFS="TXT_5" VPOS="1772" WC="1" WIDTH="95"/>
            <SP HPOS="1102" ID="PAG_00000174_SP000114" VPOS="1772" WIDTH="19"/>
            <String CONTENT="une" HEIGHT="28" HPOS="1121" ID="PAG_00000174_ST000134" STYLEREFS="TXT_5" VPOS="1772" WC="1" WIDTH="81"/>
            <SP HPOS="1202" ID="PAG_00000174_SP000115" VPOS="1764" WIDTH="28"/>
            <String CONTENT="tente" HEIGHT="36" HPOS="1230" ID="PAG_00000174_ST000135" STYLEREFS="TXT_5" VPOS="1764" WC="1" WIDTH="108"/>
            <SP HPOS="1338" ID="PAG_00000174_SP000116" VPOS="1771" WIDTH="37"/>
            <String CONTENT="soyeuse." HEIGHT="41" HPOS="1375" ID="PAG_00000174_ST000136" STYLEREFS="TXT_5" VPOS="1771" WC="1" WIDTH="182"/>
            <SP HPOS="1557" ID="PAG_00000174_SP000117" VPOS="1760" WIDTH="25"/>
            <String CONTENT="C'est" HEIGHT="40" HPOS="1582" ID="PAG_00000174_ST000137" STYLEREFS="TXT_5" VPOS="1760" WC="1" WIDTH="109"/>
          </TextLine>
          <TextLine HEIGHT="60" HPOS="450" ID="PAG_00000174_TL000021" STYLEREFS="TXT_5" VPOS="1825" WIDTH="1080">
            <String CONTENT="la" HEIGHT="39" HPOS="450" ID="PAG_00000174_ST000138" STYLEREFS="TXT_5" VPOS="1832" WC="1" WIDTH="38"/>
            <SP HPOS="488" ID="PAG_00000174_SP000118" VPOS="1833" WIDTH="20"/>
            <String CONTENT="plus" HEIGHT="52" HPOS="508" ID="PAG_00000174_ST000139" STYLEREFS="TXT_5" VPOS="1833" WC="1" WIDTH="90"/>
            <SP HPOS="598" ID="PAG_00000174_SP000119" VPOS="1833" WIDTH="19"/>
            <String CONTENT="facile" HEIGHT="40" HPOS="617" ID="PAG_00000174_ST000140" STYLEREFS="TXT_5" VPOS="1833" WC="1" WIDTH="116"/>
            <SP HPOS="733" ID="PAG_00000174_SP000120" VPOS="1833" WIDTH="21"/>
            <String CONTENT="à" HEIGHT="40" HPOS="754" ID="PAG_00000174_ST000141" STYLEREFS="TXT_5" VPOS="1833" WC="1" WIDTH="24"/>
            <SP HPOS="778" ID="PAG_00000174_SP000121" VPOS="1837" WIDTH="19"/>
            <String CONTENT="trouver" HEIGHT="37" HPOS="797" ID="PAG_00000174_ST000142" STYLEREFS="TXT_5" VPOS="1837" WC="1" WIDTH="163"/>
            <SP HPOS="960" ID="PAG_00000174_SP000122" VPOS="1833" WIDTH="19"/>
            <String CONTENT="des" HEIGHT="40" HPOS="979" ID="PAG_00000174_ST000143" STYLEREFS="TXT_5" VPOS="1833" WC="1" WIDTH="70"/>
            <SP HPOS="1049" ID="PAG_00000174_SP000123" VPOS="1832" WIDTH="18"/>
            <String CONTENT="chenilles" HEIGHT="41" HPOS="1067" ID="PAG_00000174_ST000144" STYLEREFS="TXT_5" VPOS="1832" WC="1" WIDTH="191"/>
            <SP HPOS="1258" ID="PAG_00000174_SP000124" VPOS="1831" WIDTH="21"/>
            <String CONTENT="de" HEIGHT="41" HPOS="1279" ID="PAG_00000174_ST000145" STYLEREFS="TXT_5" VPOS="1831" WC="1" WIDTH="47"/>
            <SP HPOS="1326" ID="PAG_00000174_SP000125" VPOS="1825" WIDTH="18"/>
            <String CONTENT="Mélitée£" HEIGHT="47" HPOS="1344" ID="PAG_00000174_ST000146" STYLEREFS="TXT_5" TAGREFS="TAG_important" VPOS="1825" WC="0.84" WIDTH="186"/>
          </TextLine>
        </TextBlock>
        <TextBlock HEIGHT="199" HPOS="453" ID="PAG_00000174_TB000009" LANG="fr" STYLEREFS="TXT_5" VPOS="1903" WIDTH="1234">
          <TextLine HEIGHT="54" HPOS="505" ID="PAG_00000174_TL000022" STYLEREFS="TXT_5" VPOS="1903" WIDTH="1182">
            <String CONTENT="Très-commune" HEIGHT="41" HPOS="505" ID="PAG_00000174_ST000147" STYLEREFS="TXT_5" TAGREFS="TAG_important" VPOS="1904" WC="1" WIDTH="328"/>
            <SP HPOS="833" ID="PAG_00000174_SP000126" VPOS="1905" WIDTH="33"/>
            <String CONTENT="dans" HEIGHT="40" HPOS="866" ID="PAG_00000174_ST000148" STYLEREFS="TXT_5" VPOS="1905" WC="1" WIDTH="102"/>
            <SP HPOS="968" ID="PAG_00000174_SP000127" VPOS="1905" WIDTH="34"/>
            <String CONTENT="les" HEIGHT="40" HPOS="1002" ID="PAG_00000174_ST000149" STYLEREFS="TXT_5" VPOS="1905" WC="1" WIDTH="58"/>
            <SP HPOS="1060" ID="PAG_00000174_SP000128" VPOS="1904" WIDTH="32"/>
            <String CONTENT="bois" HEIGHT="42" HPOS="1092" ID="PAG_00000174_ST000150" STYLEREFS="TXT_5" VPOS="1904" WC="1" WIDTH="93"/>
            <SP HPOS="1185" ID="PAG_00000174_SP000129" VPOS="1916" WIDTH="27"/>
            <String CONTENT="en" HEIGHT="29" HPOS="1212" ID="PAG_00000174_ST000151" STYLEREFS="TXT_5" VPOS="1916" WC="1" WIDTH="50"/>
            <SP HPOS="1262" ID="PAG_00000174_SP000130" VPOS="1905" WIDTH="28"/>
            <String CONTENT="mai" HEIGHT="39" HPOS="1290" ID="PAG_00000174_ST000152" STYLEREFS="TXT_5" VPOS="1905" WC="1" WIDTH="82"/>
            <SP HPOS="1372" ID="PAG_00000174_SP000131" VPOS="1903" WIDTH="24"/>
            <String CONTENT="juin" HEIGHT="54" HPOS="1396" ID="PAG_00000174_ST000153" STYLEREFS="TXT_5" VPOS="1903" WC="1" WIDTH="93"/>
            <SP HPOS="1489" ID="PAG_00000174_SP000132" VPOS="1908" WIDTH="29"/>
            <String CONTENT="et" HEIGHT="37" HPOS="1518" ID="PAG_00000174_ST000154" STYLEREFS="TXT_5" VPOS="1908" WC="1" WIDTH="38"/>
            <SP HPOS="1556" ID="PAG_00000174_SP000133" VPOS="1907" WIDTH="18"/>
            <String CONTENT="août." HEIGHT="38" HPOS="1574" ID="PAG_00000174_ST000155" STYLEREFS="TXT_5" VPOS="1907" WC="1" WIDTH="113"/>
          </TextLine>
          <TextLine HEIGHT="55" HPOS="456" ID="PAG_00000174_TL000023" STYLEREFS="TXT_5" VPOS="1975" WIDTH="1230">
            <String CONTENT="Elle" HEIGHT="41" HPOS="456" ID="PAG_00000174_ST000156" STYLEREFS="TXT_5" VPOS="1976" WC="1" WIDTH="85"/>
            <SP HPOS="541" ID="PAG_00000174_SP000134" VPOS="1975" WIDTH="29"/>
            <String CONTENT="varie" HEIGHT="42" HPOS="570" ID="PAG_00000174_ST000157" STYLEREFS="TXT_5" VPOS="1975" WC="1" WIDTH="106"/>
            <SP HPOS="676" ID="PAG_00000174_SP000135" VPOS="1987" WIDTH="31"/>
            <String CONTENT="assez" HEIGHT="30" HPOS="707" ID="PAG_00000174_ST000158" STYLEREFS="TXT_5" VPOS="1987" WC="1" WIDTH="111"/>
            <SP HPOS="818" ID="PAG_00000174_SP000136" VPOS="1989" WIDTH="34"/>
            <String CONTENT="pour" HEIGHT="41" HPOS="852" ID="PAG_00000174_ST000159" STYLEREFS="TXT_5" VPOS="1989" WC="1" WIDTH="103"/>
            <SP HPOS="955" ID="PAG_00000174_SP000137" VPOS="1976" WIDTH="27"/>
            <String CONTENT="l'intensité" HEIGHT="41" HPOS="982" ID="PAG_00000174_ST000160" STYLEREFS="TXT_5" VPOS="1976" WC="1" WIDTH="220"/>
            <SP HPOS="1202" ID="PAG_00000174_SP000138" VPOS="1977" WIDTH="32"/>
            <String CONTENT="des" HEIGHT="40" HPOS="1234" ID="PAG_00000174_ST000161" STYLEREFS="TXT_5" VPOS="1977" WC="1" WIDTH="72"/>
            <SP HPOS="1306" ID="PAG_00000174_SP000139" VPOS="1976" WIDTH="32"/>
            <String CONTENT="bandes" HEIGHT="41" HPOS="1338" ID="PAG_00000174_ST000162" STYLEREFS="TXT_5" VPOS="1976" WC="0.97" WIDTH="154"/>
            <SP HPOS="1492" ID="PAG_00000174_SP000140" VPOS="1977" WIDTH="34"/>
            <String CONTENT="noires," HEIGHT="49" HPOS="1526" ID="PAG_00000174_ST000163" STYLEREFS="TXT_5" VPOS="1977" WC="1" WIDTH="160"/>
          </TextLine>
          <TextLine HEIGHT="54" HPOS="453" ID="PAG_00000174_TL000024" STYLEREFS="TXT_5" VPOS="2048" WIDTH="1233">
            <String CONTENT="ainsi" HEIGHT="40" HPOS="453" ID="PAG_00000174_ST000164" STYLEREFS="TXT_5" VPOS="2049" WC="1" WIDTH="106"/>
            <SP HPOS="559" ID="PAG_00000174_SP000141" VPOS="2060" WIDTH="14"/>
            <String CONTENT="que" HEIGHT="41" HPOS="573" ID="PAG_00000174_ST000165" STYLEREFS="TXT_5" VPOS="2060" WC="1" WIDTH="79"/>
            <SP HPOS="652" ID="PAG_00000174_SP000142" VPOS="2060" WIDTH="15"/>
            <String CONTENT="pour" HEIGHT="42" HPOS="667" ID="PAG_00000174_ST000166" STYLEREFS="TXT_5" VPOS="2060" WC="1" WIDTH="102"/>
            <SP HPOS="769" ID="PAG_00000174_SP000143" VPOS="2048" WIDTH="13"/>
            <String CONTENT="la" HEIGHT="41" HPOS="782" ID="PAG_00000174_ST000167" STYLEREFS="TXT_5" VPOS="2048" WC="1" WIDTH="38"/>
            <SP HPOS="820" ID="PAG_00000174_SP000144" VPOS="2049" WIDTH="11"/>
            <String CONTENT="taille" HEIGHT="41" HPOS="831" ID="PAG_00000174_ST000168" STYLEREFS="TXT_5" VPOS="2049" WC="1" WIDTH="108"/>
            <SP HPOS="939" ID="PAG_00000174_SP000145" VPOS="2050" WIDTH="16"/>
            <String CONTENT="quelques" HEIGHT="51" HPOS="955" ID="PAG_00000174_ST000169" STYLEREFS="TXT_5" VPOS="2050" WC="1" WIDTH="193"/>
            <SP HPOS="1148" ID="PAG_00000174_SP000146" VPOS="2049" WIDTH="14"/>
            <String CONTENT="femelles" HEIGHT="41" HPOS="1162" ID="PAG_00000174_ST000170" STYLEREFS="TXT_5" VPOS="2049" WC="1" WIDTH="178"/>
            <SP HPOS="1340" ID="PAG_00000174_SP000147" VPOS="2050" WIDTH="11"/>
            <String CONTENT="atteignent" HEIGHT="52" HPOS="1351" ID="PAG_00000174_ST000171" STYLEREFS="TXT_5" VPOS="2050" WC="1" WIDTH="223"/>
            <SP HPOS="1574" ID="PAG_00000174_SP000148" VPOS="2048" WIDTH="14"/>
            <String CONTENT="45m." HEIGHT="41" HPOS="1588" ID="PAG_00000174_ST000172" STYLEREFS="TXT_5" VPOS="2048" WC="0.96" WIDTH="98"/>
          </TextLine>
        </TextBlock>
        <TextBlock HEIGHT="49" HPOS="459" ID="PAG_00000174_TB000010" LANG="fr" STYLEREFS="TXT_5" VPOS="2143" WIDTH="424">
          <TextLine HEIGHT="49" HPOS="459" ID="PAG_00000174_TL000025" STYLEREFS="TXT_5" VPOS="2143" WIDTH="424">
            <String CONTENT="PHOEBE," HEIGHT="47" HPOS="459" ID="PAG_00000174_ST000173" STYLEREFS="TXT_7" VPOS="2145" WC="1" WIDTH="183"/>
            <SP HPOS="642" ID="PAG_00000174_SP000149" VPOS="2144" WIDTH="19"/>
            <String CONTENT="S." HEIGHT="40" HPOS="661" ID="PAG_00000174_ST000174" STYLEREFS="TXT_5" VPOS="2144" WC="1" WIDTH="42"/>
            <SP HPOS="703" ID="PAG_00000174_SP000150" VPOS="2144" WIDTH="16"/>
            <String CONTENT="V." HEIGHT="40" HPOS="719" ID="PAG_00000174_ST000175" STYLEREFS="TXT_5" VPOS="2144" WC="0.84" WIDTH="47"/>
            <SP HPOS="766" ID="PAG_00000174_SP000151" VPOS="2143" WIDTH="17"/>
            <String CONTENT="God." HEIGHT="41" HPOS="783" ID="PAG_00000174_ST000176" STYLEREFS="TXT_5" VPOS="2143" WC="1" WIDTH="100"/>
          </TextLine>
        </TextBlock>
        <TextBlock HEIGHT="345" HPOS="451" ID="PAG_00000174_TB000011" LANG="fr" STYLEREFS="TXT_5" VPOS="2237" WIDTH="1270">
          <TextLine HEIGHT="54" HPOS="504" ID="PAG_00000174_TL000026" STYLEREFS="TXT_5" VPOS="2237" WIDTH="1184">
            <String CONTENT="40" HEIGHT="41" HPOS="504" ID="PAG_00000174_ST000177" STYLEREFS="TXT_5" VPOS="2239" WC="1" WIDTH="53"/>
            <SP HPOS="557" ID="PAG_00000174_SP000152" VPOS="2248" WIDTH="19"/>
            <String CONTENT="m." HEIGHT="32" HPOS="576" ID="PAG_00000174_ST000178" STYLEREFS="TXT_5" VPOS="2248" WC="0.91" WIDTH="40"/>
            <SP HPOS="616" ID="PAG_00000174_SP000153" VPOS="2240" WIDTH="34"/>
            <String CONTENT="Ailes" HEIGHT="40" HPOS="650" ID="PAG_00000174_ST000179" STYLEREFS="TXT_5" VPOS="2240" WC="1" WIDTH="108"/>
            <SP HPOS="758" ID="PAG_00000174_SP000154" VPOS="2239" WIDTH="32"/>
            <String CONTENT="d'un" HEIGHT="40" HPOS="790" ID="PAG_00000174_ST000180" STYLEREFS="TXT_5" VPOS="2239" WC="1" WIDTH="97"/>
            <SP HPOS="887" ID="PAG_00000174_SP000155" VPOS="2240" WIDTH="27"/>
            <String CONTENT="fauve" HEIGHT="40" HPOS="914" ID="PAG_00000174_ST000181" STYLEREFS="TXT_5" VPOS="2240" WC="1" WIDTH="119"/>
            <SP HPOS="1033" ID="PAG_00000174_SP000156" VPOS="2241" WIDTH="25"/>
            <String CONTENT="jaunâtre," HEIGHT="50" HPOS="1058" ID="PAG_00000174_ST000182" STYLEREFS="TXT_5" VPOS="2241" WC="1" WIDTH="205"/>
            <SP HPOS="1263" ID="PAG_00000174_SP000157" VPOS="2237" WIDTH="30"/>
            <String CONTENT="variées" HEIGHT="43" HPOS="1293" ID="PAG_00000174_ST000183" STYLEREFS="TXT_5" VPOS="2237" WC="1" WIDTH="154"/>
            <SP HPOS="1447" ID="PAG_00000174_SP000158" VPOS="2238" WIDTH="24"/>
            <String CONTENT="de" HEIGHT="41" HPOS="1471" ID="PAG_00000174_ST000184" STYLEREFS="TXT_5" VPOS="2238" WC="1" WIDTH="47"/>
            <SP HPOS="1518" ID="PAG_00000174_SP000159" VPOS="2238" WIDTH="30"/>
            <String CONTENT="taches" HEIGHT="42" HPOS="1548" ID="PAG_00000174_ST000185" STYLEREFS="TXT_5" VPOS="2238" WC="1" WIDTH="140"/>
          </TextLine>
          <TextLine HEIGHT="53" HPOS="451" ID="PAG_00000174_TL000027" STYLEREFS="TXT_5" VPOS="2311" WIDTH="1267">
            <String CONTENT="d'un" HEIGHT="41" HPOS="451" ID="PAG_00000174_ST000186" STYLEREFS="TXT_5" VPOS="2311" WC="1" WIDTH="98"/>
            <SP HPOS="549" ID="PAG_00000174_SP000160" VPOS="2313" WIDTH="21"/>
            <String CONTENT="fauve" HEIGHT="41" HPOS="570" ID="PAG_00000174_ST000187" STYLEREFS="TXT_5" VPOS="2313" WC="1" WIDTH="121"/>
            <SP HPOS="691" ID="PAG_00000174_SP000161" VPOS="2324" WIDTH="28"/>
            <String CONTENT="roux" HEIGHT="29" HPOS="719" ID="PAG_00000174_ST000188" STYLEREFS="TXT_5" VPOS="2324" WC="1" WIDTH="102"/>
            <SP HPOS="821" ID="PAG_00000174_SP000162" VPOS="2316" WIDTH="29"/>
            <String CONTENT="et" HEIGHT="37" HPOS="850" ID="PAG_00000174_ST000189" STYLEREFS="TXT_5" VPOS="2316" WC="1" WIDTH="38"/>
            <SP HPOS="888" ID="PAG_00000174_SP000163" VPOS="2311" WIDTH="31"/>
            <String CONTENT="reticulées" HEIGHT="41" HPOS="919" ID="PAG_00000174_ST000190" STYLEREFS="TXT_5" VPOS="2311" WC="1" WIDTH="212"/>
            <SP HPOS="1131" ID="PAG_00000174_SP000164" VPOS="2311" WIDTH="19"/>
            <String CONTENT="de" HEIGHT="41" HPOS="1150" ID="PAG_00000174_ST000191" STYLEREFS="TXT_5" VPOS="2311" WC="1" WIDTH="49"/>
            <SP HPOS="1199" ID="PAG_00000174_SP000165" VPOS="2313" WIDTH="20"/>
            <String CONTENT="noir;" HEIGHT="51" HPOS="1219" ID="PAG_00000174_ST000192" STYLEREFS="TXT_5" VPOS="2313" WC="1" WIDTH="113"/>
            <SP HPOS="1332" ID="PAG_00000174_SP000166" VPOS="2311" WIDTH="24"/>
            <String CONTENT="supérieures" HEIGHT="53" HPOS="1356" ID="PAG_00000174_ST000193" STYLEREFS="TXT_5" VPOS="2311" WC="1" WIDTH="255"/>
            <SP HPOS="1611" ID="PAG_00000174_SP000167" VPOS="2313" WIDTH="20"/>
            <String CONTENT="si-" HEIGHT="39" HPOS="1631" ID="PAG_00000174_ST000194" STYLEREFS="TXT_5" SUBS_CONTENT="sinuées" SUBS_TYPE="HypPart1" VPOS="2313" WC="1" WIDTH="57"/>
            <HYP CONTENT="-" HPOS="1688" VPOS="2352" WIDTH="30"/>
          </TextLine>
          <TextLine HEIGHT="52" HPOS="451" ID="PAG_00000174_TL000028" STYLEREFS="TXT_5" VPOS="2384" WIDTH="1239">
            <String CONTENT="nuées" HEIGHT="41" HPOS="451" ID="PAG_00000174_ST000195" STYLEREFS="TXT_5" SUBS_CONTENT="sinuées" SUBS_TYPE="HypPart2" VPOS="2385" WC="1" WIDTH="128"/>
            <SP HPOS="579" ID="PAG_00000174_SP000168" VPOS="2396" WIDTH="32"/>
            <String CONTENT="au" HEIGHT="29" HPOS="611" ID="PAG_00000174_ST000196" STYLEREFS="TXT_5" VPOS="2396" WC="1" WIDTH="51"/>
            <SP HPOS="662" ID="PAG_00000174_SP000169" VPOS="2385" WIDTH="20"/>
            <String CONTENT="bord," HEIGHT="49" HPOS="682" ID="PAG_00000174_ST000197" STYLEREFS="TXT_5" VPOS="2385" WC="1" WIDTH="118"/>
            <SP HPOS="800" ID="PAG_00000174_SP000170" VPOS="2384" WIDTH="36"/>
            <String CONTENT="marginal," HEIGHT="52" HPOS="836" ID="PAG_00000174_ST000198" STYLEREFS="TXT_5" VPOS="2384" WC="1" WIDTH="215"/>
            <SP HPOS="1051" ID="PAG_00000174_SP000171" VPOS="2384" WIDTH="20"/>
            <String CONTENT="inférieures" HEIGHT="41" HPOS="1071" ID="PAG_00000174_ST000199" STYLEREFS="TXT_5" VPOS="2384" WC="1" WIDTH="236"/>
            <SP HPOS="1307" ID="PAG_00000174_SP000172" VPOS="2384" WIDTH="32"/>
            <String CONTENT="dentées" HEIGHT="41" HPOS="1339" ID="PAG_00000174_ST000200" STYLEREFS="TXT_5" VPOS="2384" WC="1" WIDTH="163"/>
            <SP HPOS="1502" ID="PAG_00000174_SP000173" VPOS="2396" WIDTH="29"/>
            <String CONTENT="avec" HEIGHT="29" HPOS="1531" ID="PAG_00000174_ST000201" STYLEREFS="TXT_5" VPOS="2396" WC="1" WIDTH="93"/>
            <SP HPOS="1624" ID="PAG_00000174_SP000174" VPOS="2385" WIDTH="30"/>
            <String CONTENT="le" HEIGHT="40" HPOS="1654" ID="PAG_00000174_ST000202" STYLEREFS="TXT_5" VPOS="2385" WC="1" WIDTH="36"/>
          </TextLine>
          <TextLine HEIGHT="53" HPOS="451" ID="PAG_00000174_TL000029" STYLEREFS="TXT_5" VPOS="2456" WIDTH="1270">
            <String CONTENT="bord" HEIGHT="41" HPOS="451" ID="PAG_00000174_ST000203" STYLEREFS="TXT_5" VPOS="2457" WC="1" WIDTH="103"/>
            <SP HPOS="554" ID="PAG_00000174_SP000175" VPOS="2459" WIDTH="20"/>
            <String CONTENT="terminal" HEIGHT="39" HPOS="574" ID="PAG_00000174_ST000204" STYLEREFS="TXT_5" VPOS="2459" WC="1" WIDTH="183"/>
            <SP HPOS="757" ID="PAG_00000174_SP000176" VPOS="2458" WIDTH="16"/>
            <String CONTENT="brun" HEIGHT="40" HPOS="773" ID="PAG_00000174_ST000205" STYLEREFS="TXT_5" VPOS="2458" WC="1" WIDTH="104"/>
            <SP HPOS="877" ID="PAG_00000174_SP000177" VPOS="2456" WIDTH="15"/>
            <String CONTENT="surmonté" HEIGHT="42" HPOS="892" ID="PAG_00000174_ST000206" STYLEREFS="TXT_5" VPOS="2456" WC="1" WIDTH="209"/>
            <SP HPOS="1101" ID="PAG_00000174_SP000178" VPOS="2457" WIDTH="21"/>
            <String CONTENT="d'une" HEIGHT="40" HPOS="1122" ID="PAG_00000174_ST000207" STYLEREFS="TXT_5" VPOS="2457" WC="1" WIDTH="122"/>
            <SP HPOS="1244" ID="PAG_00000174_SP000179" VPOS="2456" WIDTH="20"/>
            <String CONTENT="série" HEIGHT="42" HPOS="1264" ID="PAG_00000174_ST000208" STYLEREFS="TXT_5" VPOS="2456" WC="1" WIDTH="99"/>
            <SP HPOS="1363" ID="PAG_00000174_SP000180" VPOS="2457" WIDTH="16"/>
            <String CONTENT="de" HEIGHT="41" HPOS="1379" ID="PAG_00000174_ST000209" STYLEREFS="TXT_5" VPOS="2457" WC="1" WIDTH="48"/>
            <SP HPOS="1427" ID="PAG_00000174_SP000181" VPOS="2458" WIDTH="16"/>
            <String CONTENT="taches" HEIGHT="40" HPOS="1443" ID="PAG_00000174_ST000210" STYLEREFS="TXT_5" VPOS="2458" WC="1" WIDTH="136"/>
            <SP HPOS="1579" ID="PAG_00000174_SP000182" VPOS="2459" WIDTH="18"/>
            <String CONTENT="jau-" HEIGHT="50" HPOS="1597" ID="PAG_00000174_ST000211" STYLEREFS="TXT_5" SUBS_CONTENT="jaunâtres" SUBS_TYPE="HypPart1" VPOS="2459" WC="1" WIDTH="94"/>
            <HYP CONTENT="-" HPOS="1691" VPOS="2509" WIDTH="30"/>
          </TextLine>
          <TextLine HEIGHT="53" HPOS="453" ID="PAG_00000174_TL000030" STYLEREFS="TXT_5" VPOS="2529" WIDTH="1236">
            <String CONTENT="nâtres" HEIGHT="40" HPOS="453" ID="PAG_00000174_ST000212" STYLEREFS="TXT_5" SUBS_CONTENT="jaunâtres" SUBS_TYPE="HypPart2" VPOS="2532" WC="1" WIDTH="135"/>
            <SP HPOS="588" ID="PAG_00000174_SP000183" VPOS="2531" WIDTH="10"/>
            <String CONTENT="lunulées,et" HEIGHT="51" HPOS="598" ID="PAG_00000174_ST000213" STYLEREFS="TXT_5" VPOS="2531" WC="1" WIDTH="241"/>
            <SP HPOS="839" ID="PAG_00000174_SP000184" VPOS="2531" WIDTH="14"/>
            <String CONTENT="suivie" HEIGHT="41" HPOS="853" ID="PAG_00000174_ST000214" STYLEREFS="TXT_5" VPOS="2531" WC="1" WIDTH="127"/>
            <SP HPOS="980" ID="PAG_00000174_SP000185" VPOS="2529" WIDTH="19"/>
            <String CONTENT="d'une" HEIGHT="42" HPOS="999" ID="PAG_00000174_ST000215" STYLEREFS="TXT_5" VPOS="2529" WC="1" WIDTH="119"/>
            <SP HPOS="1118" ID="PAG_00000174_SP000186" VPOS="2534" WIDTH="20"/>
            <String CONTENT="autre" HEIGHT="37" HPOS="1138" ID="PAG_00000174_ST000216" STYLEREFS="TXT_5" VPOS="2534" WC="1" WIDTH="112"/>
            <SP HPOS="1250" ID="PAG_00000174_SP000187" VPOS="2530" WIDTH="13"/>
            <String CONTENT="série" HEIGHT="41" HPOS="1263" ID="PAG_00000174_ST000217" STYLEREFS="TXT_5" VPOS="2530" WC="1" WIDTH="102"/>
            <SP HPOS="1365" ID="PAG_00000174_SP000188" VPOS="2529" WIDTH="15"/>
            <String CONTENT="de" HEIGHT="42" HPOS="1380" ID="PAG_00000174_ST000218" STYLEREFS="TXT_5" VPOS="2529" WC="1" WIDTH="47"/>
            <SP HPOS="1427" ID="PAG_00000174_SP000189" VPOS="2530" WIDTH="17"/>
            <String CONTENT="taches" HEIGHT="41" HPOS="1444" ID="PAG_00000174_ST000219" STYLEREFS="TXT_5" VPOS="2530" WC="1" WIDTH="137"/>
            <SP HPOS="1581" ID="PAG_00000174_SP000190" VPOS="2530" WIDTH="13"/>
            <String CONTENT="d'un" HEIGHT="41" HPOS="1594" ID="PAG_00000174_ST000220" STYLEREFS="TXT_5" VPOS="2530" WC="1" WIDTH="95"/>
          </TextLine>
        </TextBlock>
      </PrintSpace>
    </Page>
  </Layout>
</alto>
