1816 3000
918 332 42 8 -
997 310 52 41 20
1077 332 53 7 —

403 413 87 40 vrai
510 424 77 40 que
607 424 103 41 pour
734 425 66 29 ces
816 413 130 41 larves
964 423 237 30 communes
1215 411 126 53 qu'un
1355 411 213 42 collecteur
1587 411 49 42 de

402 485 198 51 première
621 486 129 41 année
777 485 197 51 dédaigne
993 487 132 38 même
1146 488 169 38 souvent
1342 484 49 40 de
1418 484 213 43 recueillir.

404 556 60 41 Au
495 559 214 48 contraire,
745 570 104 40 pour
868 562 163 36 trouver
1060 558 58 40 les
1148 556 193 42 chenilles
1369 556 70 41 des
1471 557 161 52 espèces

403 640 123 39 rares,
562 641 53 29 on
634 634 97 47 peut
764 629 85 41 dire
881 629 232 41 hardiment
1145 628 98 52 qu'il
1273 633 60 36 est
1352 640 80 29 une
1460 629 107 41 foule
1587 629 49 40 de

405 700 171 52 qualités
604 700 339 54 indispensables,
964 701 99 41 dont
1099 702 57 39 les
1186 702 242 51 principales
1460 705 89 36 sont
1579 713 57 28 un

405 785 104 40 coup
545 773 109 41 d'œil
691 774 260 41 observateur
968 805 10 17 ,
1020 785 81 28 une
1146 772 148 51 longue
1336 772 192 41 habitude
1545 804 10 18 ,
1599 776 40 36 et

405 849 140 37 autant
569 857 78 40 que
676 844 205 54 possible,
913 845 40 41 la
984 846 291 40 connaissance
1305 845 185 53 pratique
1521 843 48 41 de
1600 842 38 41 la

402 917 222 52 botanique
643 917 135 42 rurale
800 917 78 55 (1).

456 995 134 40 Parmi
610 995 58 40 les
687 995 153 48 arbres,
860 1007 98 29 ceux
981 996 68 50 qui
1069 996 252 39 nourrissent
1341 994 38 42 le
1398 995 91 52 plus
1508 995 129 51 grand

402 1068 169 41 nombre
594 1068 48 41 de
659 1069 210 49 chenilles,
893 1072 92 37 sont
1004 1070 36 39 le
1055 1069 140 48 chêne,
1216 1069 157 49 l'orme,
1395 1069 37 41 le
1459 1069 176 41 bouleau

1335 1120 14 17 #

402 1146 38 36 et
459 1144 36 39 le
512 1144 196 51 peuplier.
724 1144 32 40 Il
776 1145 108 39 suffit
898 1145 50 40 de
968 1145 158 52 frapper
1144 1145 36 40 le
1197 1149 116 37 tronc
1329 1145 49 41 de
1393 1157 65 29 ces
1478 1146 156 49 arbres,

404 1215 71 41 des
497 1215 105 40 deux
620 1217 195 51 premiers
835 1220 188 45 surtout,
1043 1216 103 41 dans
1164 1217 57 40 les
1242 1217 181 40 derniers
1451 1220 116 49 jours
1588 1218 48 40 de

400 1289 97 48 mai,
539 1299 53 29 ou
630 1288 102 40 dans
764 1288 37 40 le
840 1293 349 36 commencement
1226 1289 49 40 de
1306 1290 109 51 juin,
1445 1302 101 40 pour
1586 1302 48 29 en

400 1360 100 40 faire
529 1360 157 40 tomber
721 1372 56 29 un
812 1360 128 51 grand
977 1360 171 42 nombre
1185 1360 51 42 de
1274 1361 129 41 larves
1436 1361 49 42 de
1515 1362 118 53 Lépi-

402 1432 202 53 doptères.

455 1506 135 48 Quant
619 1516 79 29 aux
719 1504 194 41 chenilles
944 1506 69 50 qui
1042 1505 133 41 vivent
1194 1505 25 41 à
1239 1505 214 42 découvert
1480 1519 70 29 sur
1576 1506 59 42 les

399 1577 157 53 plantes
575 1578 154 48 basses,
761 1588 80 29 une
861 1577 77 40 fois
966 1589 78 41 que
1072 1577 82 40 l'on
1188 1582 165 37 connaît
1381 1579 184 52 l'époque
1586 1580 48 41 de

398 1650 87 40 leur
516 1651 228 52 apparition
768 1653 38 36 et
824 1650 59 39 les
915 1649 196 51 végétaux
1143 1650 98 41 dont
1269 1652 95 40 elles
1388 1663 42 29 se
1449 1654 185 39 nourris-

400 1726 103 44 sent,
527 1722 28 39 il
576 1722 136 40 suffira
725 1733 102 41 pour
846 1722 58 40 les
925 1729 162 33 trouver
1105 1722 154 41 d'avoir
1279 1723 49 41 de
1348 1723 103 41 bons
1472 1737 104 39 yeux
1599 1731 39 34 et

400 1796 210 51 beaucoup
630 1794 49 41 de
712 1795 200 52 patience.
949 1793 230 44 Observons
1213 1796 223 40 seulement
1464 1808 78 40 que
1574 1797 63 40 s'il

401 1875 60 34 est
488 1880 58 27 un
578 1867 129 51 grand
736 1867 169 40 nombre
932 1867 51 40 de
1014 1866 194 41 chenilles
1236 1869 69 49 qui
1325 1880 42 28 se
1401 1869 182 40 tiennent
1614 1869 24 40 à

401 1940 238 42 l'extrémité
661 1940 70 41 des
752 1940 158 40 feuilles
927 1971 10 17 ,
959 1940 29 39 il
1008 1951 51 28 en
1079 1943 61 37 est
1159 1940 211 52 beaucoup
1390 1939 174 42 d'autres
1584 1952 50 29 au

399 2013 202 42 contraire
621 2013 70 51 qui
725 2023 42 29 se
788 2012 165 40 retirent
973 2011 181 53 pendant
1184 2012 35 40 le
1233 2014 98 51 jour
1351 2023 52 30 au
1423 2012 72 41 bas
1524 2012 49 41 de
1599 2013 38 40 la

400 2086 141 50 tige....
1023 2103 7 15 i,

452 2159 99 39 Mais
569 2159 39 39 la
636 2158 162 53 plupart
831 2157 70 41 des
933 2158 193 41 chenilles
1150 2157 49 42 de
1231 2157 238 42 noctuélites
1501 2158 135 40 vivent

445 2302 41 40 (1)
510 2302 50 32 En
580 2301 86 42 effet,
687 2302 174 43 lorsqu'un
890 2302 130 38 auteur,
1043 2301 104 33 même
1177 2308 79 25 sans
1285 2300 150 41 spécifier
1456 2300 38 33 de
1513 2299 126 42 plante,

401 2356 134 42 indique
553 2355 97 35 d'une
665 2357 144 33 manière
824 2356 151 41 générale
991 2364 62 32 que
1066 2355 78 32 telle
1158 2355 143 33 chenille
1314 2355 47 32 vit
1373 2363 57 24 sur
1443 2355 46 33 les
1504 2353 133 41 labiées,

400 2412 47 32 les
464 2411 259 41 caryophyllées,
745 2411 48 33 les
821 2410 255 42 légumineuses,
1092 2410 165 32 comment
1276 2411 211 38 pourra-t-on
1508 2409 129 40 espérer

399 2465 40 33 de
467 2464 126 34 réussir
622 2465 82 33 dans
735 2473 52 25 ses
811 2464 205 40 recherches,
1037 2463 28 33 si
1086 2463 64 34 l'on
1174 2472 39 25 ne
1234 2465 133 32 connaît
1388 2472 57 33 pas
1466 2472 42 25 au
1528 2462 107 36 moins

400 2521 48 34 les
468 2519 199 41 principales
687 2520 128 42 plantes
836 2519 79 36 dont
937 2527 35 25 se
991 2520 188 40 composent
1200 2527 54 25 ces
1276 2518 143 35 familles
1433 2521 15 34 ?
