1816 3000
912 342 54 8 —
995 319 79 42 214
1103 341 52 8 —

472 420 106 42 Elles
613 421 183 42 habitent
826 422 59 41 les
910 422 90 41 bois
1020 427 39 36 et
1091 423 58 40 les
1186 423 173 40 terrains
1392 423 171 40 incultes
1596 425 52 40 où

418 495 199 40 croissent
639 495 49 41 de
706 495 146 40 hautes
871 495 145 41 herbes
1036 497 115 51 (Dup.
1173 496 103 47 Cat.)

418 580 182 47 LYCAON,
624 581 109 39 Rott.
758 579 186 48 Eudora,
969 581 95 50 Esp.
1089 579 100 41 God.

470 673 93 40 42m.
587 673 107 42 Ailes
715 673 94 41 d'un
846 674 105 40 brun
973 675 73 51 jau
1081 678 99 45 àtre,
1213 675 255 53 supérieures
1497 687 94 30 avec
1612 677 36 40 le

417 744 142 53 disque
589 746 90 41 velu
715 750 38 36 et
784 746 168 52 marqué
984 746 121 41 d'une
1126 746 116 41 tache
1273 748 163 50 longue,
1471 749 177 51 oblique,

415 818 127 40 brune
562 823 38 35 et
620 830 95 29 sans
734 819 127 53 poils;
886 831 56 28 un
956 820 114 52 point
1085 820 91 40 noir
1196 831 78 29 non
1294 819 150 53 pupillé
1463 820 19 40 à
1504 820 146 52 l'angle

414 890 145 53 apical.
576 889 257 51 Inférieures,
844 890 180 50 dentées,
1036 891 96 40 d'un
1153 892 104 40 brun
1277 893 86 39 uni.
1387 894 177 39 Dessous
1579 893 72 41 des

415 963 256 51 supérieures
692 962 97 41 d'un
803 964 126 51 jaune
951 961 147 51 d'ocre,
1116 963 125 41 bordé
1258 963 49 40 de
1322 965 98 49 gris,
1437 976 96 29 avec
1554 965 92 41 l'œil

413 1034 167 54 pupillé.
609 1036 176 39 Dessous
818 1034 72 42 des
923 1035 238 41 inférieures
1182 1035 163 49 cendré,
1366 1048 56 28 un
1450 1048 75 41 peu
1551 1037 96 40 strié

414 1119 96 29 avec
526 1107 58 41 les
601 1107 130 51 lignes
750 1119 77 41 peu
848 1108 212 40 sensibles.

476 1179 34 56 9
537 1192 57 28 un
610 1191 76 41 peu
705 1180 90 52 plus
814 1181 138 52 petite,
984 1180 144 41 dessus
1163 1180 71 41 des
1255 1180 254 52 supérieures
1522 1182 126 51 jaune

413 1251 150 50 d'ocre,
585 1263 97 29 avec
701 1251 39 41 la
758 1252 97 40 base
875 1252 90 53 plus
979 1264 53 28 ou
1054 1252 132 40 moins
1205 1252 185 51 grisâtre,
1409 1251 169 53 jusqu'à
1610 1252 38 40 la

413 1324 107 50 ligne
556 1322 185 42 médiane
778 1324 91 52 plus
911 1323 156 48 foncée,
1112 1328 39 36 et
1184 1324 174 40 formant
1394 1336 81 28 une
1513 1323 135 41 bande

406 1397 128 51 jaune
554 1395 121 41 ornée
690 1395 48 41 de
759 1396 106 40 deux
880 1408 104 40 yeux
1004 1396 127 40 noirs.

466 1468 182 40 Chenille
664 1480 49 28 en
735 1467 80 42 mai
844 1472 37 36 et
896 1469 93 51 juin
1010 1480 70 28 sur
1095 1468 56 41 les
1172 1467 241 52 graminées.

466 1541 120 39 Assez
608 1552 195 29 commun
825 1539 99 41 dans
955 1552 80 29 une
1066 1541 127 50 partie
1223 1538 50 43 de
1298 1542 37 38 la
1356 1542 166 44 France,
1551 1539 91 53 dép.

411 1612 54 41 du
488 1614 77 38 Var
584 1616 39 37 et
651 1612 48 40 de
718 1612 38 40 la
776 1612 161 48 Lozère,
962 1613 207 51 B.-Alpes,
1193 1613 189 40 environs
1397 1611 49 42 de
1465 1613 125 51 Digne
1607 1617 40 35 et

411 1685 48 41 de
476 1684 397 52 Larche.Dauphiné,
895 1686 133 49 Bourg
1042 1684 203 49 d'Oisans,
1263 1686 221 49 Auvergne,
1501 1687 142 49 Koyat,

411 1758 260 47 (iravenoire,
693 1760 75 37 etc.
798 1759 58 38 En
873 1756 135 53 juillet
1037 1761 40 36 et
1108 1761 110 36 août.

409 1856 163 46 JANIRA,
591 1855 44 38 L.
654 1852 104 41 God.

462 1949 81 42 45ra
581 1950 107 40 Ailes
716 1949 165 47 brunes,
903 1949 256 52 supérieures
1178 1952 123 48 ayant
1326 1949 36 39 le
1389 1948 144 51 disque
1552 1949 89 52 plus

409 2022 117 42 foncé
540 2026 39 36 et
595 2022 104 47 velu,
732 2025 38 36 et
792 2033 55 27 un
870 2021 66 39 œil
959 2021 129 52 apical
1107 2021 24 40 à
1149 2021 72 39 iris
1241 2021 131 39 fauve.
1405 2020 241 41 Inférieures

410 2096 178 48 dentées,
611 2094 100 40 d'un
711 2094 121 40 brun
847 2095 87 38 uni.
959 2096 177 38 Dessous
1151 2092 70 41 des
1245 2091 256 53 supérieures
1514 2094 126 50 jaune

408 2170 132 45 fauve,
563 2166 168 42 entouré
753 2166 49 41 de
823 2168 81 49 gris
932 2168 206 50 jaunâtre,
1162 2177 95 29 avec
1293 2165 91 40 l'œil
1406 2165 54 39 du
1481 2164 159 42 dessus.

410 2242 175 39 Dessous
607 2238 71 42 des
698 2239 238 40 inférieures
956 2238 83 51 gris
1060 2239 205 50 jaunâtre,
1289 2237 90 51 plus
1405 2236 117 41 foncé
1548 2238 92 51 jus-

409 2313 93 51 qu'à
533 2312 36 39 la
596 2312 105 50 ligne
738 2311 184 41 médiane
943 2311 68 51 qui
1046 2314 61 37 est
1139 2311 128 40 suivie
1289 2310 48 40 de
1374 2314 10 35 1
1412 2310 23 40 à
1463 2313 23 38 3
1507 2314 134 48 points

410 2387 112 38 noirs
543 2399 11 25 c
567 2383 125 42 erclés
714 2383 49 41 de
778 2385 141 51 jaune.

472 2455 35 56 9
532 2456 90 52 plus
653 2456 168 50 grande,
841 2455 255 53 supérieures
1129 2466 96 29 avec
1255 2466 80 28 une
1367 2454 129 40 bande
1527 2453 114 40 anté-

411 2529 212 41 terminale
643 2529 131 47 fauve,
791 2527 226 42 s'étendant
1031 2527 89 53 plus
1131 2539 52 29 ou
1200 2527 130 41 moins
1347 2538 69 29 sur
1429 2527 36 40 le
1480 2526 157 52 disque,
