1776 2984
639 335 54 9 —
722 311 74 44 169
825 335 54 9 —

1189 2594 44 37 10

148 415 117 41 fauve
296 423 117 40 roux,
440 409 222 44 arrondies.
691 410 176 42 Dessous
900 408 70 43 des
1007 408 237 42 inférieures
1282 407 95 43 d'un

143 489 124 51 jaune
301 486 98 41 clair
421 497 94 30 avec
547 484 69 41 des
644 484 134 53 points
806 484 111 40 noirs
948 483 23 40 à
997 481 40 42 la
1066 482 99 41 base
1199 486 38 36 et
1273 481 103 41 deux

149 559 151 41 bandes
309 557 161 43 liserées
489 556 48 42 de
548 555 91 43 noir
655 556 99 41 dont
771 555 242 41 l'intérieure
1028 555 128 48 fauve,
1172 554 210 41 très-irré-

150 632 164 51 gulière,
348 632 36 39 la
411 629 247 55 postérieure
692 628 96 41 d'un
814 630 124 50 jaune
966 628 90 52 plus
1094 626 116 42 foncé
1242 639 76 41 que
1346 627 36 40 le

151 704 99 40 fond
275 708 39 36 et
339 701 190 54 marquée
562 702 48 41 de
637 713 159 40 grosses
824 701 138 41 taches
995 711 178 38 rousses,
1205 699 147 41 rondes
1370 714 10 38 ;

150 777 102 40 bord
282 775 190 42 terminal
496 774 120 52 longé
647 786 73 42 par
747 786 56 28 un
834 773 111 52 léger
974 773 84 43 filet
1083 771 105 51 noir,
1214 775 171 39 souvent

152 850 81 48 nul,
279 848 209 42 surmonté
516 848 120 40 d'une
676 847 104 41 série
820 846 131 41 d'arcs
985 845 49 41 de
1061 846 39 40 la
1133 848 129 40 même
1283 857 101 30 cou-

152 922 102 40 leur.

207 998 26 45 Ç
251 994 210 51 beaucoup
481 993 92 52 plus
594 991 149 52 grande
763 995 38 37 et
821 992 90 52 plus
931 991 204 42 arrondie.

208 1064 179 43 Chenille
407 1077 51 29 en
478 1066 80 39 mai
587 1067 37 38 et
646 1063 226 54 septembre
903 1075 70 29 sur
1000 1064 39 40 la
1054 1062 116 54 jacée
1189 1062 197 53 (Centau-

156 1137 77 55 rea
233 1137 154 55 jacea).

210 1212 107 39 Dans
349 1211 44 39 T.
426 1209 39 40 la
491 1209 45 39 F.
559 1209 103 40 mais
687 1207 91 55 plus
803 1219 215 30 commune
1038 1206 101 42 dans
1169 1208 37 40 le
1234 1206 98 42 midi
1349 1212 38 36 et

157 1295 110 28 assez
300 1280 208 42 localisée.
538 1280 152 53 Hyères
720 1292 50 28 en
788 1281 97 49 mai,
906 1281 210 52 B.-Alpes,
1158 1281 226 50 Auvergne,

157 1354 188 42 environs
365 1353 49 41 de
434 1354 129 49 Paris,
581 1353 122 41 forêts
721 1352 49 41 de
789 1352 143 41 Sénart
951 1356 39 37 et
1004 1351 48 42 de
1071 1352 316 41 Fontainebleau

162 1438 48 29 en
227 1427 92 52 juin
335 1429 38 38 et
383 1426 149 52 juillet.

210 1500 111 40 Cette
352 1497 158 42 mélitée
547 1495 109 43 varie
687 1496 210 54 beaucoup
938 1508 101 41 pour
1072 1497 38 40 la
1143 1497 166 40 couleur
1334 1496 52 39 du

158 1572 96 41 fond
273 1572 104 40 ainsi
396 1583 77 39 que
493 1581 104 42 pour
616 1568 218 42 l'intensité
861 1571 39 38 et
933 1568 39 41 la
992 1568 161 52 largeur
1170 1568 70 41 des
1260 1568 129 51 lignes

158 1645 149 41 noires.

157 1736 175 48 DIDYMA,
353 1735 95 52 Esp,
472 1733 101 41 God.
596 1733 65 53 (pl.
688 1732 65 51 12,
775 1732 67 51 fig.
866 1735 55 48 3.)

211 1828 120 39 Assez
350 1836 214 30 commune
587 1824 102 40 dans
720 1825 36 40 le
786 1823 113 50 midi,
923 1823 101 41 dans
1043 1824 37 40 le
1091 1827 135 38 centre
1246 1829 39 36 et
1301 1823 91 42 l'est

159 1899 48 41 de
227 1900 38 39 la
285 1900 167 45 France,
474 1896 152 53 Hyères
640 1909 49 28 en
704 1895 96 50 mai,
822 1897 209 52 B.-Alpes,
1049 1898 165 49 Vosges,
1231 1897 156 48 Alsace,

159 1972 227 49 Auvergne,
416 1968 277 54 département
721 1968 48 41 de
801 1969 156 49 l'Aube,
995 1970 310 50 Eure-et-Loir,
1339 1981 51 28 en

154 2045 107 51 juin,
277 2044 133 51 juillet
429 2046 38 37 et
484 2046 110 37 aout.
612 2044 75 39 Les
706 2043 179 40 femelles
896 2044 153 39 varient
1063 2043 209 52 beaucoup
1287 2055 103 40 pour

161 2119 39 39 la
218 2119 108 39 taille
356 2120 38 37 et
421 2117 39 40 la
489 2116 166 41 couleur
676 2115 69 52 qui
768 2119 59 38 est
856 2119 170 38 souvent
1063 2116 328 41 très-rembrunie

160 2191 93 42 chez
271 2191 58 40 les
349 2189 204 41 individus
586 2190 147 52 alpins,
766 2201 104 29 nous
891 2201 50 28 en
964 2189 182 50 figurons
1173 2189 216 52 plusieurs.

216 2263 179 41 Chenille
408 2274 50 29 en
478 2264 81 38 mai
574 2266 39 37 et
620 2263 93 51 juin
733 2262 113 40 selon
857 2262 58 40 les
928 2260 181 42 localités
1124 2272 70 30 sur
1207 2262 59 41 les
1281 2262 112 54 plan-

163 2330 121 47 tains,
304 2329 38 40 la
361 2328 143 41 linaire
522 2327 198 52 vulgaire,
743 2331 77 38 etc.

168 2426 175 41 DEIONE.
362 2425 76 40 Hb.
462 2426 101 52 Dup.
588 2424 65 53 (pl.
678 2424 65 49 13,
766 2424 67 51 fig.
855 2422 58 54 5.)

221 2525 98 40 38m.
346 2522 110 42 Cette
490 2520 140 56 espèce
659 2523 60 39 est
749 2520 184 52 toujours
962 2529 105 40 rare,
1099 2520 73 41 elle
1202 2520 134 44 habite
1359 2523 39 42 la
