1792 3012
926 358 50 7 —
1005 332 51 42 2G2
1086 358 50 7 —

472 436 30 41 Il
523 449 50 29 en
593 440 60 38 est
680 449 53 29 un
754 436 127 52 grand
907 437 168 41 nombre
1099 437 68 51 qui
1189 441 91 38 sont
1300 439 234 51 frugivores,
1558 450 89 31 sur-

419 512 88 37 tout
521 510 127 52 parmi
664 510 58 40 les
736 510 192 52 pyralites
946 514 38 36 et
1000 510 60 39 les
1075 508 160 43 tinéites
1249 524 10 38 ;
1282 510 95 42 elles
1393 512 136 41 vivent
1549 512 100 41 dans

419 582 220 41 l'intérieur
680 581 70 42 des
781 593 200 41 pommes,
1023 581 247 51 châtaignes,
1313 586 96 49 etc.;
1446 584 26 39 il
1508 596 49 28 en
1590 587 60 37 est

420 655 322 51 quelques-unes
763 655 109 40 aussi
892 654 68 51 qui
983 654 134 40 vivent
1137 653 100 41 dans
1251 655 37 39 la
1308 657 150 49 graisse
1478 667 52 31 ou
1548 656 102 42 dans

417 727 60 40 les
491 727 187 41 matières
703 725 196 42 animales
921 738 50 28 en
993 725 333 53 décomposition.

476 801 55 39 Le
561 797 65 42 blé
653 800 67 51 qui
742 811 104 29 nous
878 802 81 37 sert
989 798 228 49 d'aliment,
1241 799 39 39 la
1299 799 105 41 laine
1427 803 39 37 et
1495 799 39 41 la
1567 802 84 40 soie

422 872 71 52 qui
513 883 104 29 nous
636 872 208 48 vêtissent,
866 870 39 41 la
932 871 134 52 plume
1093 870 47 41 de
1168 882 75 30 nos
1263 869 81 51 lits,
1367 875 95 46 etc.,
1495 877 157 37 servent

422 943 48 40 de
490 947 142 49 pâture
653 943 23 41 à
696 955 82 29 une
797 943 108 40 foule
926 942 50 41 de
997 943 205 49 chenilles,
1226 943 98 41 dont
1344 944 308 41 l'énumération

422 1016 194 50 exigerait
647 1027 58 29 un
723 1015 160 42 volume
904 1014 62 42 s'il
987 1015 125 40 fallait
1140 1019 133 37 entrer
1302 1015 100 41 dans
1438 1016 36 41 le
1505 1016 147 54 champ

420 1087 49 42 de
490 1087 37 42 la
547 1087 215 54 spécialité.

628 1305 200 44 MANIÈRE
852 1307 210 42 D'ÉLEVER
1082 1314 77 35 LES
1183 1314 256 37 CHENILLES.

476 1440 263 43 L'éducation
754 1442 71 40 des
844 1452 89 31 vers
951 1441 25 41 à
993 1443 84 41 soie
1095 1445 98 50 peut
1211 1444 125 40 servir
1353 1455 50 29 en
1423 1443 159 53 général
1604 1443 48 41 de

424 1513 157 41 modèle
613 1514 24 40 à
670 1514 97 41 celle
794 1514 69 42 des
893 1520 133 35 autres
1059 1515 208 41 chenilles.
1302 1517 146 39 Toutes
1482 1516 57 40 les
1575 1516 78 41 fois

422 1586 104 41 donc
546 1586 124 51 qu'on
700 1590 187 38 trouvera
912 1599 80 29 une
1011 1587 172 41 chenille
1215 1599 70 29 sur
1303 1599 80 29 une
1413 1587 162 53 plante,
1599 1600 53 29 on

423 1661 59 38 est
511 1658 23 40 à
564 1671 76 41 peu
659 1658 91 54 près
772 1663 69 36 sûr
874 1659 48 40 de
951 1658 158 41 l'élever
1138 1670 50 29 en
1215 1659 57 39 lui
1303 1660 252 40 fournissant
1572 1672 81 30 une

422 1730 179 52 quantité
622 1732 203 40 suffisante
845 1731 49 41 de
918 1734 102 38 cette
1038 1730 146 53 plante,
1215 1731 123 53 qu'on
1360 1743 98 29 aura
1490 1734 90 39 soin
1602 1733 49 41 de

425 1804 104 40 tenir
545 1801 150 43 fraîche
722 1807 38 37 et
779 1803 48 41 de
847 1804 233 40 renouveler
1104 1807 179 47 souvent,
1311 1807 159 38 surtout
1489 1805 106 42 dans
1615 1806 35 40 le

423 1881 181 37 moment
622 1877 70 41 des
710 1877 168 51 grandes
897 1878 201 41 chaleurs.

479 1950 31 40 Il
531 1963 26 40 y
577 1962 24 29 a
627 1951 210 52 beaucoup
870 1949 50 42 de
950 1950 193 41 chenilles
1176 1951 69 51 qui
1272 1954 92 38 sont
1383 1952 268 54 polyphages.

422 2024 63 40 On
503 2035 150 41 pourra
671 2023 57 41 les
740 2023 161 41 nourrir
913 2023 349 41 indistinctement
1276 2035 94 31 avec
1386 2028 110 38 toute
1517 2027 139 52 espèce

424 2095 50 42 de
492 2095 211 52 végétaux.

424 2218 85 32 cette
529 2216 204 42 découverte,
755 2225 41 25 on
817 2225 80 25 aura
925 2216 72 34 soin
1026 2216 202 35 d'examiner
1256 2218 74 40 plus
1357 2218 301 41 particulièrement

425 2272 48 32 les
504 2272 130 33 feuilles
664 2274 119 31 mortes
812 2281 41 24 ou
875 2272 263 41 languissantes;
1161 2273 79 33 c'est
1263 2273 29 33 le
1312 2274 74 40 plus
1408 2275 59 32 sûr
1487 2274 107 34 indice
1614 2276 42 33 du

425 2326 167 42 voisinage
616 2327 56 33 des
697 2327 177 41 chenilles;
895 2336 55 24 car
971 2327 47 33 les
1040 2327 132 33 feuilles
1194 2327 80 33 dont
1295 2328 79 33 elles
1399 2330 56 31 ont
1476 2331 130 39 attaqué
1628 2331 30 32 la

425 2380 64 40 tige
509 2388 35 25 se
564 2380 187 34 décolorent
770 2385 29 29 et
820 2390 40 23 ne
890 2380 129 33 tardent
1040 2389 58 32 pas
1118 2382 17 31 à
1157 2381 144 40 mourir;
1330 2381 78 33 c'est
1438 2390 45 25 un
1513 2383 146 41 principe

428 2434 56 40 qui
508 2442 40 24 ne
570 2434 121 33 souffre
712 2443 57 32 pas
790 2434 222 42 d'exception;
1030 2435 65 32 fort
1116 2435 38 32 de
1174 2436 83 31 cette
1278 2436 246 42 connaissance,
1546 2437 112 33 l'ama-

426 2489 74 32 teur
522 2488 39 33 de
587 2488 229 42 Lépidoptères
841 2490 144 33 arrivera
1011 2489 187 34 facilement
1218 2490 17 31 à
1258 2488 31 33 la
1308 2489 191 34 découverte
1520 2491 43 34 du
1585 2494 70 32 trou

428 2542 149 42 pratiqué
597 2551 59 34 par
680 2543 29 34 la
734 2544 152 40 chenille,
907 2547 32 30 et
960 2543 129 35 ensuite
1108 2544 18 32 à
1147 2543 32 33 la
1198 2544 160 41 conquête
1376 2544 39 34 de
1436 2545 143 35 celle-ci.
