1780 3012
977 389 52 14 —
1062 371 75 44 166
1166 392 52 10 —

486 463 118 65 posés
624 468 49 45 de
690 469 178 44 manière
888 481 78 43 que
987 470 58 42 les
1062 469 98 43 ailes
1179 468 235 56 présentent
1435 482 69 31 sur
1522 470 87 44 leur
1626 479 94 35 sur-

488 546 85 41 face
593 542 48 44 de
661 543 142 55 petites
828 543 137 43 taches
995 555 50 30 en
1074 543 205 55 échiquier
1299 545 69 53 qui
1388 549 71 38 ont
1479 545 72 42 fait
1569 544 155 44 donner

487 620 24 40 à
530 630 66 30 ces
611 618 267 54 lépidoptères
903 618 36 40 le
959 628 97 30 nom
1079 617 49 43 de
1146 618 197 40 Damiers.

492 716 204 52 CYNTHIA,
713 716 42 39 S.
778 715 48 40 V.
844 714 105 52 Dup.
975 713 75 52 (pl.
1072 716 64 46 12,
1158 713 47 48 cf
1225 713 65 52 fig.
1313 717 37 47 1;
1371 722 27 43 9
1426 714 67 50 fi-.
1512 712 54 42 2.)

543 812 142 39 Habite
707 811 58 40 les
784 810 145 40 hautes
949 814 254 47 montagnes,
1227 810 308 51 Basses-Alpes,
1559 810 166 50 Larche;

490 887 217 46 montagne
723 882 49 41 de
787 882 223 48 Malmorte,
1037 882 319 48 Barcelonnette,
1374 882 224 53 Dauphiné,
1631 882 97 41 Lau-

490 959 118 48 taret,
632 959 94 46 etc.,
759 965 72 41 pas
864 954 207 40 très-rare.

550 1038 27 31 9
602 1026 318 41 très-différente
953 1026 54 40 du
1039 1026 119 48 mâle,
1194 1026 36 40 le
1261 1025 144 42 dessus
1436 1026 70 40 des
1537 1026 98 41 ailes
1668 1030 61 37 est

489 1100 106 40 brun
632 1100 189 47 noirâtre,
856 1098 240 53 entrecoupé
1112 1099 48 40 de
1175 1096 152 43 bandes
1347 1103 38 36 et
1405 1098 48 41 de
1474 1099 138 40 taches
1632 1098 97 41 d'un

489 1174 119 41 blanc
627 1175 91 52 plus
740 1186 50 28 ou
818 1175 132 40 moins
982 1174 181 52 mélangé
1196 1173 48 41 de
1277 1175 121 49 brun,
1424 1176 37 39 le
1482 1175 168 41 dessous
1679 1187 50 29 ne

492 1248 138 40 diffère
648 1248 52 40 du
725 1248 105 40 mâle
863 1260 78 39 que
976 1260 73 40 par
1077 1249 35 40 le
1133 1252 71 37 ton
1222 1262 57 28 un
1310 1262 78 41 peu
1427 1249 89 55 plus
1548 1250 178 41 enfumé.

492 1321 84 40 Elle
593 1332 42 29 se
655 1324 142 37 trouve
818 1333 50 28 en
888 1321 134 52 juillet
1037 1328 38 34 et
1094 1326 111 36 août.

544 1392 182 42 Chenille
745 1405 50 30 en
810 1394 92 52 juin
923 1405 69 30 sur
1009 1395 37 40 le
1063 1395 183 52 plantain
1265 1395 194 42 lancéole.

493 1501 217 48 MATURNA,
734 1501 45 38 L.
804 1500 103 52 Dup.
927 1500 66 52 (pl.
1022 1502 66 47 12,
1110 1499 69 51 fig.
1202 1501 53 51 4.)

547 1594 111 41 Cette
679 1593 138 53 espèce
829 1594 101 41 n'est
943 1605 74 41 pas
1030 1593 314 54 très-répandue
1365 1607 50 29 en
1437 1596 166 49 France,
1625 1596 106 41 voici

493 1667 24 41 à
536 1671 115 37 notre
674 1667 292 41 connaissance
997 1667 57 40 les
1086 1666 226 41 différentes
1340 1667 180 42 localités
1541 1670 52 39 où
1613 1669 73 40 elle
1708 1680 23 29 a

494 1738 60 42 été
574 1740 120 51 prise.
711 1740 139 39 Forêts
866 1738 48 41 de
928 1739 157 52 Bondy,
1103 1739 48 41 de
1165 1741 315 52 Montmorency,
1501 1740 49 41 de
1564 1742 167 40 Villers-

496 1814 212 46 Cotterets,
731 1813 189 39 environs
940 1812 243 53 d'Epernay,
1207 1813 279 53 département
1504 1813 55 41 du
1580 1815 150 52 Loiret,

496 1885 99 41 dans
607 1885 57 41 les
675 1885 90 40 bois
779 1885 167 49 touffus,
966 1897 49 29 en
1030 1887 105 50 juin.

548 1958 181 41 Chenille
749 1969 50 28 en
820 1959 80 39 mai
920 1970 69 28 sur
1012 1958 38 40 la
1070 1959 209 40 scabieuse
1296 1960 170 48 succise,
1478 1959 57 41 les
1550 1958 185 42 différen-

494 2033 60 37 tes
584 2030 163 52 espèces
778 2030 48 40 de
854 2031 182 51 plantain
1066 2035 38 36 et
1131 2031 137 40 dit-on
1288 2043 68 29 sur
1373 2031 36 41 le
1430 2030 169 42 tremble
1630 2034 38 38 et
1696 2030 37 42 le

493 2103 111 40 frêne
622 2101 169 55 (Bellier
803 2101 30 43 ).

494 2199 201 53 ÀRTElUIS,
713 2199 40 44 S.
776 2196 47 48 V.
844 2198 102 47 Cod.

546 2301 51 39 35
616 2306 39 33 m.
678 2298 106 42 Ailes
806 2299 96 41 d'un
921 2300 117 41 fauve
1058 2294 228 58 rougeàtre,
1313 2312 96 30 avec
1428 2312 80 28 une
1528 2299 133 42 bande
1681 2289 51 53 dé

494 2369 136 43 taches
644 2373 212 51 jaunâtres
876 2376 38 37 et
935 2377 264 49 transverses;
1222 2378 39 36 et
1280 2376 122 49 ayant
1420 2385 49 28 en
1489 2376 113 38 outre
1618 2373 115 51 quel-

494 2456 100 39 ques
614 2448 136 37 autres
763 2445 137 41 taches
922 2444 47 42 de
990 2449 101 38 cette
1111 2447 167 40 couleur
1293 2458 69 28 sur
1377 2446 36 40 le
1428 2444 156 53 disque.
1610 2443 123 54 Supé-

494 2517 153 41 rieures
676 2518 222 41 traversées
930 2530 73 42 par
1037 2522 87 50 sept
1155 2531 54 29 ou
1241 2518 89 41 huit
1358 2519 129 50 lignes
1518 2518 210 48 noirâtres,

495 2589 98 42 dont
607 2591 58 41 les
684 2592 90 53 plus
793 2591 266 55 rapprochées
1081 2592 48 42 de
1152 2593 39 40 la
1207 2592 99 42 base
1325 2591 249 52 légèrement
1594 2589 135 42 denti-
