1816 3000
895 338 52 9 —
977 320 80 37 212
1096 340 39 4 -

396 418 91 53 plus
507 417 110 52 large
640 429 71 29 sur
725 418 36 40 le
778 416 144 53 disque
936 420 39 37 et
992 429 59 28 un
1071 417 66 40 œil
1151 415 129 54 apical
1296 417 89 39 noir
1403 415 223 54 impupillé,.

398 489 209 42 surmonté
627 489 97 41 d'un
744 493 117 37 autre
880 490 82 41 très
979 490 101 55 petit.
1118 488 242 41 Inférieures
1386 488 246 51 légèrement

400 561 182 51 dentées,
604 562 92 53 plus
716 561 167 42 foncées
907 562 167 53 jusqu'à
1108 561 40 41 la
1176 560 109 54 ligne
1311 561 205 50 médiane,
1539 562 93 52 ppis

400 635 223 40 traversées
654 634 121 41 d'une
797 639 117 36 autre
940 634 108 53 ligne
1076 634 219 41 incertaine
1315 633 229 53 découpant
1562 631 71 43 des

400 707 139 41 taches
559 720 70 28 sur
648 707 216 52 lesquelles
893 714 95 34 sont
1007 707 25 40 4
1065 708 25 39 à
1128 713 24 35 à
1185 718 121 41 yeux,
1326 705 100 43 bord
1445 706 188 41 terminal

401 779 106 40 brun
525 779 177 42 traversé
721 791 74 41 par
813 791 79 29 une
910 780 110 51 ligne
1037 779 93 53 plus
1143 778 135 41 claire.
1302 780 55 38 Le
1376 778 169 41 dessous
1564 778 76 42 de&

401 851 240 41 inférieures
671 855 60 37 est
750 851 97 41 d'un
869 853 81 49 gris
964 852 206 52 jaunâtre,
1188 861 96 30 avec
1301 851 59 40 les
1379 850 130 51 lignes
1528 851 106 40 basi-

403 923 99 41 laire
523 928 38 36 et
591 923 188 42 médiane
796 924 95 40 bien
921 923 227 51 marquées,
1178 921 180 50 dentées,
1379 921 189 42 éclairées
1588 922 49 41 de

403 996 138 53 fauve;
573 1000 41 37 et
633 997 61 40 six
713 997 121 52 petits
854 1008 106 40 yeux
985 995 137 48 isolés,
1146 994 191 42 entourés
1369 995 49 41 de
1437 995 203 53 plusieurs

404 1068 150 40 cercles
571 1068 129 40 bruns
719 1072 39 37 et
769 1069 226 51 jaunâtres.

465 1139 34 55 9
527 1141 92 52 plus
639 1139 166 53 grande,
829 1140 89 53 plus
938 1139 88 54 pâle
1047 1141 39 39 et
1114 1138 233 54 dépourvue
1369 1137 50 43 de
1438 1139 38 39 la
1502 1134 137 46 bande

405 1213 90 52 plus
513 1213 111 50 large
644 1212 70 41 des
735 1213 272 51 supérieures.
1032 1213 178 39 Dessous
1233 1211 232 41 semblable.

457 1284 183 42 Chenille
661 1297 52 29 en
741 1296 126 36 mars,
896 1285 101 40 avril
1027 1288 39 36 et
1081 1283 92 54 juin
1202 1295 72 29 sur
1304 1284 59 40 les
1395 1281 243 52 graminées.

457 1358 204 41 Commun
681 1357 103 41 dans
805 1358 44 39 T.
875 1357 39 40 la
949 1358 43 39 F.
1030 1356 102 41 dans
1165 1357 59 40 les
1260 1356 106 49 bois,
1400 1356 35 40 le
1454 1356 97 51 long
1571 1356 71 42 des

405 1431 185 41 chemins
610 1434 39 36 et
665 1429 73 42 des
753 1441 129 39 murs,
902 1430 83 40 mai
1006 1433 38 36 et
1058 1429 148 52 juillet.

403 1546 191 47 ÆGERIA,
616 1546 46 38 L.
686 1543 101 42 God.

457 1646 94 40 40m.
574 1645 108 40 Ailes
703 1643 178 51 dentées,
904 1645 167 48 brunes,
1096 1654 96 30 avec
1213 1643 71 42 des
1315 1645 139 40 taches
1489 1656 148 31 arron-

404 1717 87 41 dies
511 1717 96 41 d'un
621 1719 127 50 jaune
768 1718 91 51 pâle
880 1721 39 36 et
945 1717 41 39 la
1017 1714 141 53 frange
1176 1716 189 50 blanche,
1388 1730 55 28 un
1465 1718 66 39 œil
1553 1720 92 39 noir

404 1790 23 40 à
445 1789 148 51 l'angle
609 1789 147 52 apical.
781 1788 245 41 Inférieures
1047 1792 124 49 ayant
1185 1790 100 40 trois
1306 1800 56 30 ou
1380 1794 142 47 quatre
1542 1800 101 43 yeux

404 1863 112 40 noirs
543 1861 172 54 pupillés
737 1873 68 29 sur
840 1861 59 41 les
919 1861 141 41 taches
1084 1863 151 51 jaunes
1264 1861 379 52 anté-marginales.

405 1936 176 38 Dessous
601 1933 71 41 des
692 1933 239 41 inférieurés
951 1945 95 29 avec
1080 1933 40 40 le
1150 1933 103 41 bord
1288 1934 197 51 marginal
1521 1933 125 45 teinté

407 2012 48 40 de
475 2012 82 50 gris
575 2011 169 41 violâtre
766 2013 39 36 et
837 2008 211 41 surmonté
1086 2008 50 41 de
1157 2015 144 45 quatre
1334 2009 25 39 à
1389 2009 94 51 cinq
1516 2009 129 53 points

399 2086 165 50 jaunes,
586 2081 150 42 cerclés
757 2081 49 41 de
825 2081 121 49 brun,
967 2081 108 40 mais
1093 2092 79 41 peu
1192 2084 237 38 nettement.

460 2157 27 45 9
529 2156 91 52 plus
655 2152 207 50 arrondie,
880 2153 142 41 taches
1049 2154 148 51 jaunes
1225 2153 90 53 plus
1345 2152 111 53 pâles
1489 2155 39 39 et
1555 2152 93 54 plus

406 2227 192 53 grandes.

461 2298 182 44 Chenille
663 2311 51 29 en
734 2298 82 41 mai
837 2301 40 38 et
902 2297 229 54 septembre
1152 2309 71 28 sur
1240 2297 63 41 les
1322 2296 245 52 graminées.

464 2373 319 40 Très-commun
804 2370 102 41 dans
917 2369 41 42 le
970 2369 107 44 nord
1099 2373 39 39 et
1155 2370 39 41 le
1210 2373 136 38 centre
1360 2369 50 42 de
1424 2370 41 41 la
1478 2371 169 48 France,

409 2446 103 41 dans
529 2445 60 41 les
620 2444 122 41 allées
776 2446 211 39 couvertes
1018 2445 40 37 et
1088 2442 239 54 ombragées
1355 2442 71 44 des
1458 2443 105 43 bois.
1587 2444 62 41 Eu

409 2518 83 41 mai
508 2521 39 37 et
558 2517 153 53 juillet.
