1708 3000
958 362 50 8 —
1037 341 51 40 62
1119 363 50 7 —

444 442 156 54 époque
619 441 102 42 dans
748 443 56 42 les
824 442 201 43 clairières
1046 441 51 43 de
1127 443 39 41 la
1200 443 101 40 forêt
1336 441 224 43 d'Orléans.
1585 443 32 41 Il
1640 456 40 27 se

446 516 128 53 prend
602 517 111 39 aussi
742 516 251 53 quelquefois
1020 515 25 41 à
1072 515 336 49 Fontainebleau,
1438 515 162 53 plateau
1628 516 54 39 du

447 592 113 37 mont
582 588 192 41 Chauvet.

500 664 111 37 INous
626 674 51 32 ne
705 662 153 40 devons
875 662 116 51 point
1013 662 131 52 parler
1164 662 52 40 ici
1236 661 70 41 des
1324 659 161 54 Satyres
1503 674 124 27 mœra
1646 667 38 35 et

445 746 190 39 megœJ'a,
658 735 70 50 qui
744 733 182 41 éclosent
945 745 104 41 pour
1066 734 38 40 la
1123 734 198 53 première
1341 734 77 40 fois
1437 745 53 30 au
1510 735 103 40 mois
1635 734 49 41 de

447 804 79 42 mai
560 810 38 36 et
619 807 69 50 qui
717 806 270 53 reparaissent
1017 808 158 39 ensuite
1195 818 51 29 en
1275 806 136 52 juillet
1439 810 39 36 et
1502 810 110 37 août.
1635 805 50 41 Ce

446 883 92 36 sont
557 879 70 40 des
647 879 162 52 espèces
830 883 90 48 trop
940 890 238 29 communes
1194 890 108 41 pour
1323 878 99 51 qu'il
1441 879 80 40 soit
1540 878 140 41 néces-

445 951 103 39 saire
568 949 91 42 d'en
680 950 99 39 faire
809 952 197 39 mention.
1024 950 29 40 A
1075 951 40 42 la
1142 953 131 38 même
1302 950 155 53 époque
1476 950 209 52 l'Hepe)-ia

447 1022 167 41 Actœon
642 1033 79 40 que
750 1021 84 41 l'on
862 1034 24 29 a
914 1034 97 29 crue
1041 1023 35 39 si
1108 1022 228 53 longtemps
1366 1022 208 50 étrangère
1606 1033 79 29 aux

445 1096 189 39 environs
666 1093 49 42 de
743 1095 126 50 Paris,
914 1095 90 40 vole
1043 1106 111 30 assez
1191 1094 298 52 fréquemment
1525 1105 70 29 sur
1627 1094 58 41 les

445 1170 167 42 collines
632 1170 173 40 incultes
825 1170 48 40 de
888 1170 151 53 Lardy.

498 1244 62 39 Du
588 1242 52 41 10
667 1254 53 29 au
750 1242 50 42 15
821 1243 159 52 juillet,
1015 1244 40 41 la
1086 1243 185 52 Zygœna
1300 1243 239 53 onobrychis
1570 1255 114 30 com-

444 1327 143 29 mence
608 1316 25 40 à
652 1319 189 49 paraitre.
876 1317 111 39 Cette
1019 1316 236 40 charmante
1284 1317 140 51 espèce
1454 1316 98 40 était
1577 1316 108 51 jadis

444 1388 326 43 très-commune
797 1387 101 41 dans
922 1388 58 40 les
1016 1388 187 41 environs
1233 1387 48 42 de
1304 1386 138 43 Sèvres
1464 1392 38 36 et
1533 1401 70 27 sur
1630 1389 55 40 les

443 1461 121 40 hauts
584 1461 107 40 talus
712 1461 74 51 qui
808 1460 211 41 dominent
1038 1461 37 39 la
1088 1460 121 53 berge
1229 1460 54 40 du
1299 1460 115 40 canal
1437 1460 47 41 de
1504 1461 178 52 l'Ourcq,

443 1533 92 52 près
556 1532 53 41 du
631 1536 100 49 pont
754 1532 48 41 de
819 1532 173 53 Sévran;
1018 1533 103 39 mais
1142 1544 54 29 on
1214 1532 52 52 l'y
1288 1532 249 41 chercherait
1557 1533 125 39 inuti-

443 1606 152 40 lement
613 1603 283 55 aujourd'hui.
912 1604 60 41 En
987 1604 211 48 revanche,
1215 1605 73 39 elle
1307 1608 61 36 est
1380 1604 305 53 très-répandue

445 1690 69 28 sur
533 1678 59 40 les
604 1681 171 37 coteaux
792 1677 133 41 arides
946 1678 71 50 qui
1038 1677 211 41 dominent
1268 1676 131 52 Lardy
1421 1679 264 46 (notamment

445 1750 102 40 dans
573 1749 39 42 la
636 1751 129 51 partie
786 1750 153 50 gauche
966 1749 54 40 du
1040 1750 161 41 chemin
1229 1749 49 40 de
1298 1750 59 39 fer
1384 1760 51 29 en
1460 1754 148 35 venant
1635 1749 48 41 de

445 1824 141 50 Paris),
611 1823 93 52 près
726 1823 212 42 d'Itteville
959 1828 38 36 et
1017 1822 101 41 dans
1137 1823 58 40 les
1225 1822 187 41 environs
1434 1821 48 40 de
1501 1822 40 40 la
1558 1823 126 39 ferme

445 1895 49 42 de
511 1897 232 51 Poquency.

498 1968 37 41 A
552 1968 38 40 la
611 1970 133 38 même
776 1967 157 54 époque
954 1972 39 36 et
1023 1966 103 42 dans
1149 1968 59 40 les
1239 1969 152 38 mêmes
1412 1966 194 49 localités,
1629 1979 53 29 on

447 2044 140 38 trouve
601 2052 51 28 en
667 2040 250 51 très-grande
932 2039 180 52 quantité
1123 2040 39 39 la
1171 2040 182 52 Zygœna
1366 2039 314 53 hippocrepidh,

443 2113 39 40 la
512 2112 183 53 Zygœna
716 2112 230 54 peucedani
962 2117 60 36 est
1042 2114 289 39 extrêmement
1345 2123 216 29 commune
1582 2111 100 41 dans

443 2185 37 40 le
499 2185 91 40 bois
612 2184 49 41 de
681 2186 244 48 Vincennes,
944 2185 91 53 près
1055 2184 48 41 de
1123 2185 38 40 la
1180 2189 114 48 porte
1325 2184 48 40 de
1396 2184 245 40 Charenton.

498 2258 63 39 Un
587 2269 79 41 peu
685 2258 91 53 plus
796 2257 151 41 tardive
968 2269 78 39 que
1067 2270 63 28 ses
1153 2256 262 51 congénères,
1442 2257 39 38 la
1499 2256 182 53 Zygœna

440 2331 141 50 fausla
601 2334 132 48 parait
766 2330 313 41 ordinairement
1108 2329 53 40 du
1197 2332 47 37 15
1265 2340 51 28 au
1348 2332 51 36 20
1429 2328 142 53 juillet.
1595 2327 85 41 Elle

442 2405 60 36 est
523 2403 318 40 excessivement
860 2413 216 30 commune
1096 2413 69 27 sur
1185 2401 38 39 la
1242 2404 88 36 côte
1355 2400 71 40 des
1449 2400 228 52 Mauduyts,

440 2474 91 51 près
555 2473 48 39 de
632 2475 170 48 Mantes,
823 2475 24 40 à
866 2487 55 27 un
955 2477 117 49 quart
1099 2473 47 40 de
1180 2473 104 40 lieue
1311 2473 48 39 de
1391 2473 37 39 la
1455 2473 147 39 station
1624 2472 55 40 du

439 2546 163 42 chemin
622 2545 49 41 de
690 2546 74 44 fer.
787 2547 87 41 Elle
893 2547 105 41 n'est
1021 2557 74 42 pas
1114 2557 89 30 rare
1229 2557 83 29 non
1330 2545 90 52 plus
1444 2556 69 29 sur
1532 2545 35 40 le
1589 2556 89 30 ver-
