1740 2996
648 350 49 8 -
730 323 71 47 131
834 348 53 10 -

209 442 44 43 T.
275 443 26 41 1.
317 443 43 41 F.
386 454 192 30 commun
600 442 99 42 dans
719 444 58 40 les
797 443 89 42 bois
907 447 39 38 et
962 444 58 41 les
1036 444 168 53 champs
1222 457 49 28 en
1288 442 99 43 avril

154 524 97 37 août
265 524 38 36 et
319 519 241 53 septembre.

209 593 111 39 Nous
338 590 222 53 possédons
593 590 38 40 la
662 603 85 28 var.
780 591 164 50 figurée
962 603 72 41 par
1066 592 104 40 Hub.
1201 599 61 35 nos
1285 594 100 41 736-

157 662 74 43 737
249 664 52 40 où
317 664 37 39 le
374 662 104 41 brun
499 665 60 37 est
577 665 201 50 remplacé
796 677 72 40 par
884 664 54 40 du
955 665 132 40 blanc.
1102 666 110 40 Prise
1233 667 22 40 à
1276 668 110 38 Fon-

154 735 244 41 tainebleau.

599 843 120 35 Genre
741 845 197 34 LYCŒNA.

205 922 206 41 Antennes
428 925 113 38 aussi
556 923 170 52 longues
742 937 77 39 que
839 924 101 41 dans
962 926 34 39 le
1014 937 122 39 genre
1153 923 228 54 précédent,

150 996 219 42 terminées
405 1008 74 37 par
508 1009 80 28 une
627 1009 163 29 massue
825 998 220 52 pyriforme
1079 998 145 52 aplatie
1258 998 22 40 à
1310 1009 74 30 son

154 1068 222 49 extrémité,
403 1069 138 52 palpes
573 1070 195 50 courbes;
806 1070 37 40 le
870 1070 149 68 second
1039 1071 139 40 article
1201 1071 114 50 garni
1336 1069 48 40 de

150 1140 103 52 poils
280 1143 136 38 courts
448 1145 38 36 et
516 1141 156 50 serrés;
696 1142 35 39 le
760 1141 207 40 troisième
980 1154 68 27 nu-
1079 1142 106 50 grèle
1215 1145 39 37 et
1280 1140 103 41 fusi-

149 1212 142 41 forme.
316 1214 143 41 Tarses
479 1215 148 40 minces
648 1216 38 38 èt
704 1214 122 40 d'une
846 1214 109 41 seule
977 1215 177 40 couleur.
1172 1214 105 41 Bord
1298 1226 87 41 pos-

150 1286 151 40 térieur
332 1286 71 40 des
434 1286 195 40 secondes
660 1287 98 40 ailes
788 1286 164 41 arrondi
972 1287 101 40 dans
1091 1288 36 39 le
1147 1288 90 51 plus
1258 1286 125 51 grand

150 1356 166 40 nombre
336 1356 70 41 des
426 1357 176 52 espèces,
624 1357 199 51 échangré
837 1358 23 40 à
873 1357 147 51 l'angle
1039 1358 90 40 anal
1147 1358 101 40 dans
1264 1357 116 51 quel-

151 1438 247 42 ques-unes,
432 1432 38 36 et
492 1439 94 30 avec
612 1440 80 29 une
709 1430 124 51 petite
862 1441 130 40 queue
1022 1429 164 41 linéaire
1215 1441 53 29 ou
1300 1429 80 40 fili-

148 1498 129 41 forme
305 1500 93 52 près
424 1499 53 40 du
516 1503 130 37 même
675 1501 132 50 angle,
850 1501 100 40 dans
993 1502 195 51 quelques
1228 1506 151 36 autres.

149 1570 150 40 Dessus
316 1571 69 40 des
401 1571 97 40 ailes
517 1582 173 41 presque
711 1573 186 51 toujours
915 1572 93 41 bleu
1028 1573 100 40 dans
1148 1574 58 39 les
1230 1573 125 40 mâles
1368 1588 10 34 ;

149 1641 169 42 dessous
339 1643 83 51 gris
451 1655 52 28 ou
522 1643 121 49 brun,
676 1655 96 30 avec
793 1643 72 43 des
884 1646 137 52 points
1037 1645 145 41 ocellés
1203 1645 100 41 dans
1323 1646 58 40 les

148 1714 107 41 deux
274 1726 130 29 sexes.

200 1787 202 40 Chenilles
422 1798 158 29 comme
599 1787 99 41 celle
717 1787 55 41 du
791 1799 121 39 genre
930 1789 319 52 Polyommatus,
1271 1792 106 38 mais

146 1859 92 52 plus
256 1859 192 52 épaisses,
463 1860 137 40 vivant
618 1871 69 28 sur
700 1860 57 40 les
774 1861 157 52 plantes
945 1860 314 52 légumineuses,
1283 1863 96 41 her-

147 1931 159 49 bacées,
343 1943 53 28 ou
425 1931 222 50 ligneuses,
680 1931 57 41 les
766 1944 102 31 unes
897 1933 102 41 dans
1030 1934 57 40 les
1115 1935 166 50 siliques
1301 1947 79 28 aux

144 1997 150 52 dépens
316 1997 49 40 de
386 1997 38 39 la
445 1998 154 50 graine,
622 1998 57 40 les
694 2004 134 35 autres
850 2011 80 29 aux
949 2000 152 53 dépens
1122 2001 70 40 des
1222 2002 157 40 feuilles

145 2073 40 36 et
204 2069 71 41 des
289 2069 136 40 fleurs.
448 2068 256 52 Chrysalides
724 2071 238 51 oblongues,
983 2085 57 27 un
1057 2085 79 40 peu
1156 2072 223 53 déprimées

145 2151 70 29 sur
234 2140 37 39 le
291 2139 89 48 dos,
404 2139 249 52 (Duponchel
670 2139 97 53 Cat.)

198 2212 48 39 A.
267 2210 111 41 Ailes
398 2211 239 53 inférieures
658 2216 155 38 munies
833 2215 121 41 d'une
971 2226 123 42 queue
1114 2216 181 40 linéaire.

142 2295 184 49 RffiTICÀ,
348 2297 46 38 L.

195 2382 97 41 34m.
316 2382 108 41 Ailes
438 2380 96 43 d'un
552 2384 121 40 violet
700 2384 131 50 foncé,
847 2396 96 29 avec
961 2396 82 29 une
1061 2384 175 42 bordure
1250 2387 127 40 brune

143 2460 38 36 et
205 2455 103 43 deux
330 2468 92 39 gros
442 2458 135 50 points
597 2460 111 39 noirs
729 2459 24 40 à
771 2459 147 50 l'angle
946 2459 108 39 anal.
1077 2460 179 39 Dessous
1279 2459 98 41 d'un

143 2528 149 42 cendré
317 2530 204 52 jaunâtre,
553 2542 94 31 avec
671 2531 73 42 des
762 2531 130 53 lignes
911 2532 195 41 blanches
1132 2533 242 50 flexueuses,
