1780 3012
989 346 53 5 —
1073 324 48 39 48
1150 346 53 7 —

489 426 255 42 Smerinthus
766 427 110 39 Tiliœ
895 429 61 37 est
987 437 191 29 commun
1199 436 69 29 sur
1287 426 36 40 le
1350 430 114 37 tronc
1484 426 71 40 des
1580 438 130 30 ormes

477 499 70 51 qui
574 498 174 41 bordent
766 499 59 40 les
844 501 135 38 routes
999 502 39 36 et
1057 497 57 41 les
1133 498 252 40 boulevards.

533 573 75 38 Les
641 569 129 42 Sésies
802 569 181 42 éclosent
1000 581 103 42 pour
1135 568 39 42 la
1201 570 160 52 plupart
1390 570 54 40 du
1477 572 47 39 15
1546 570 79 40 mai
1658 583 51 28 au

480 644 49 39 15
553 643 103 52 juin.
692 645 57 37 La
778 641 113 43 Sésia
927 642 263 52 tipuliformis
1227 646 60 36 est
1322 640 317 43 ordinairement
1673 642 38 41 la

478 715 196 53 première
699 716 69 50 qui
796 713 181 54 paraisse
994 727 11 39 ;
1037 714 72 40 elle
1128 714 87 40 vole
1242 714 101 41 dans
1374 716 58 39 les
1461 715 158 51 jardins
1641 715 70 40 des

480 788 188 40 environs
687 787 49 40 de
764 787 128 49 Paris,
916 789 148 38 autour
1083 786 70 41 des
1174 787 241 51 groseilliers
1435 787 99 40 dont
1562 789 37 39 la
1618 788 91 41 che-

479 858 95 42 nille
604 872 43 28 se
675 861 182 51 nourrit;
882 860 39 40 la
938 861 115 40 Sésia
1071 860 278 52 spheciformis
1375 858 228 43 infiniment
1624 861 88 52 plus

480 947 105 37 rare,
610 936 88 40 vole
731 934 102 41 dans
867 935 59 40 les
957 933 201 41 clairières
1188 934 305 51 marécageuses
1525 934 71 40 des
1624 934 89 41 bois

479 1007 156 53 plantés
674 1006 194 42 d'aulnes.
906 1007 285 52 L'asiliformis
1228 1018 42 29 se
1303 1018 142 41 repose
1481 1010 137 37 contre
1656 1007 57 39 les

480 1091 206 29 crevasses
707 1079 70 40 des
797 1079 202 53 peupliers
1014 1094 10 37 -,
1045 1078 27 40 il
1094 1090 48 28 en
1159 1082 60 37 est
1238 1078 49 40 de
1306 1081 130 38 même
1457 1077 47 42 de
1525 1078 185 52 Yapifor-

481 1155 90 46 mis,
597 1152 71 51 qui
689 1155 60 37 est
767 1151 211 52 beaucoup
1005 1151 90 53 plus
1121 1162 228 30 commune.
1375 1152 57 39 La
1452 1150 260 52 mlttillœ{ur-

481 1227 75 37 mis
575 1235 42 29 se
637 1224 99 52 plaît
755 1222 370 53 particulièrement
1144 1222 100 41 dans
1263 1223 58 40 les
1335 1222 175 53 jardins,
1533 1222 90 52 près
1643 1221 70 40 des

474 1295 227 54 pommiers
722 1295 97 41 dont
846 1295 168 41 l'écorce
1033 1299 82 37 sert
1146 1295 49 41 de
1215 1294 231 42 nourriture
1465 1298 39 37 et
1523 1294 49 40 de
1600 1294 111 51 loge-

481 1372 111 36 ment
613 1369 23 40 à
657 1369 37 39 la
721 1367 188 42 chenille.
932 1368 85 41 Elle
1044 1368 140 40 butine
1204 1370 182 46 souvent,
1410 1378 48 29 en
1477 1367 237 52 compagnie

482 1440 50 40 de
554 1440 36 40 la
611 1441 114 40 Sesia
750 1441 279 52 tipuliformis,
1053 1452 69 29 sur
1140 1440 59 40 les
1217 1440 121 40 ileurs
1353 1439 55 41 du
1422 1440 178 49 seringat
1619 1438 95 40 odo-

482 1516 92 37 rant
597 1513 254 41 Coronarius
864 1513 327 53 philadelphius.

539 1586 61 39 Un
621 1596 79 41 peu
719 1585 92 52 plus
831 1585 154 40 tardive
1006 1596 77 40 que
1105 1597 62 29 ses
1197 1583 258 52 congénères,
1488 1584 37 39 la
1558 1584 156 51 chrysi-

483 1657 188 53 diformis
694 1656 87 42 vole
802 1657 101 40 dans
922 1657 57 41 les
998 1658 109 40 lieux
1128 1657 147 49 arides,
1293 1661 38 36 et
1353 1669 42 28 se
1414 1668 140 41 repose
1575 1668 69 28 sur
1656 1656 58 40 les

481 1730 124 40 fleurs
625 1730 70 39 des
716 1729 271 42 ombellifères
1007 1735 39 36 et
1075 1730 70 41 des
1165 1729 239 54 euphorbes.
1430 1731 110 38 Nous
1560 1729 153 40 l'avons

477 1801 122 53 prise,
629 1802 202 52 plusieurs
852 1801 149 42 années
1022 1802 48 41 de
1091 1803 119 48 suite,
1233 1813 52 30 au
1306 1802 137 40 milieu
1473 1801 48 40 de
1552 1802 36 38 la
1606 1802 106 50 jetée

479 1874 53 40 du
555 1878 100 49 pont
681 1873 48 40 de
749 1874 206 52 Grenelle;
980 1875 73 40 elle
1077 1880 61 35 est
1159 1874 203 53 répandue
1382 1874 22 40 à
1414 1885 77 42 peu
1507 1874 90 52 près
1617 1885 94 41 par-

476 1951 103 44 tout,
605 1947 102 39 mais
732 1958 215 29 commune
967 1948 109 40 nulle
1096 1952 103 49 part.

536 2021 87 38 Une
645 2019 109 40 seule
778 2019 172 52 Zygène,
972 2021 92 51 plus
1083 2021 134 40 hâtive
1237 2033 78 39 que
1335 2023 131 38 toutes
1480 2020 56 40 les
1557 2022 150 46 autres,

476 2091 104 41 éclot
611 2091 100 40 dans
747 2092 57 39 les
825 2092 183 40 derniers
1022 2094 117 50 jours
1155 2092 55 41 du
1230 2094 105 40 mois
1357 2093 49 40 de
1425 2091 95 41 mai.
1546 2093 107 39 C'est
1672 2092 38 39 la

476 2163 184 53 Zygœna
681 2163 210 51 achillcx),
915 2164 140 52 espèce
1075 2165 93 40 bien
1191 2167 80 38 mal
1293 2164 200 49 nommée,
1516 2164 54 39 du
1588 2168 118 44 reste,

476 2236 243 52 puisqu'elle
753 2237 56 39 vit
843 2237 316 41 exclusivement
1197 2250 70 29 sur
1296 2239 35 39 le
1368 2239 125 38 Lotus
1523 2240 185 37 cornicu-

474 2306 126 54 latus,
634 2309 39 39 la
712 2307 206 42 Corcnilla
950 2312 184 46 minuna,
1159 2313 94 45 etc.,
1276 2315 39 35 et
1336 2310 175 40 d'autres
1533 2309 171 50 légumi-

473 2392 165 37 neuses,
662 2385 37 37 et
726 2393 83 29 non
830 2393 69 29 sur
925 2382 58 40 les
1010 2382 284 41 ombellifères.
1320 2384 111 40 Cette
1474 2382 154 52 Zygène
1648 2387 60 34 est

473 2465 218 29 commune
710 2454 91 52 près
822 2454 55 41 du
906 2455 170 51 Raincy,
1099 2456 51 39 où
1182 2455 74 40 elle
1288 2455 187 53 présente
1506 2455 198 51 quelque-

465 2526 79 39 fois
577 2537 78 29 une
692 2525 147 42 variété
874 2528 78 39 fort
992 2526 278 53 remarquable
1315 2528 93 40 chez
1457 2528 174 52 laquelle
1663 2527 36 41 le
