1752 2996
671 311 49 7 --
756 276 75 53 113
866 311 45 6 --

175 400 142 38 iorme.
339 393 142 53 Palpes
500 393 144 51 grêles,
667 392 166 49 écartés,
861 391 137 50 garnis
1021 389 48 42 de
1080 390 117 52 longs
1208 392 104 53 poils
1332 394 80 40 rai-

175 468 72 42 des
267 471 40 37 et
337 478 78 41 peu
445 466 160 40 fournis
621 479 10 29 ;
665 465 37 41 le
737 464 160 41 dernier
926 463 141 41 article
1098 463 96 41 bien
1221 464 186 52 distinct,

174 544 142 52 pointu
337 547 37 36 et
392 552 172 42 presque
592 551 72 29 nu.
700 541 112 39 Yeux
838 538 171 51 glabres.
1041 537 108 42 Ailes
1182 539 224 49 arrondies,

173 615 241 40 faiblement
429 611 176 42 dentées.
624 613 179 39 Nervure
823 610 151 41 costale
995 609 70 41 des
1085 610 98 40 ailes
1197 611 211 52 supérieu-

173 699 79 38 res,
275 686 125 49 seule,
417 684 232 41 faiblement
668 682 145 41 dilatée
832 682 24 40 à
881 692 45 30 sa
954 681 111 50 base,
1088 685 88 37 tant
1195 693 49 30 en
1266 682 143 42 dessus

175 759 121 51 qu'en
317 757 182 41 dessous.
525 754 113 42 Fond
672 754 71 41 des
762 754 99 41 ailes
879 753 121 42 blanc
1031 764 95 31 avec
1155 753 70 42 des
1254 754 155 42 bandes

175 836 39 37 et
233 831 71 41 des
321 829 139 42 taches
480 829 151 40 noires.

229 902 203 41 Chenilles
452 901 282 53 pubescentes,
751 910 96 30 avec
862 898 71 42 des
952 899 104 40 raies
1075 898 330 51 longitudinales,

172 977 37 40 le
229 988 117 40 corps
362 987 77 41 peu
459 973 157 51 allongé
634 976 38 37 et
690 972 39 41 la
758 975 79 41 tête
862 971 253 51 globuleuse.
1148 971 259 52 Chrysalides

173 1053 175 45 courtes,
370 1045 225 53 arrondies,
613 1049 204 45 ventrues,
835 1056 84 29 non
934 1042 267 55 suspendues,
1219 1048 191 50 reposant

175 1123 24 40 à
218 1132 57 30 nu
295 1132 70 29 sur
383 1119 40 40 la
444 1122 121 38 terre.

172 1219 237 41 GALATHEA.
432 1217 50 40 L.
503 1213 104 43 God.

227 1316 96 39 47m.
341 1313 107 40 Ailes
466 1310 210 49 blanches,
697 1320 96 30 avec
810 1307 71 42 des
896 1309 138 40 taches
1048 1307 136 43 noires
1200 1312 40 37 et
1254 1308 154 42 la-base

174 1386 50 41 de
243 1386 39 39 la
302 1387 130 38 même
452 1382 166 42 couleur
636 1384 214 37 entourant
868 1380 37 41 le
934 1384 349 37 commencement
1302 1381 49 41 de
1371 1382 39 39 la

173 1458 143 41 cellule
336 1457 68 51 qui
423 1459 62 37 est
501 1452 190 54 blanche,
709 1452 117 41 tache
845 1453 210 40 annulaire
1087 1455 50 49 (1)
1166 1451 154 43 n'étant
1340 1454 68 51 ja-

172 1531 104 41 mais
296 1526 190 44 arrondie
505 1527 40 40 ni
569 1525 135 41 évidée
723 1536 53 30 au
805 1525 153 41 milieu.
991 1525 63 41 Un
1086 1525 115 52 point
1231 1526 93 39 noir
1355 1536 52 29 au

173 1606 173 38 sommet
366 1600 72 41 des
467 1597 254 54 supérieures
754 1600 171 38 souvent
945 1597 145 41 confus
1110 1608 50 30 en
1195 1596 143 41 dessus
1370 1601 39 36 et

171 1669 153 54 parfois
343 1665 126 43 ocellé
497 1677 52 28 en
568 1663 189 42 dessous.
779 1662 183 42 Bordure
989 1661 116 42 noire
1124 1662 71 41 des
1213 1661 196 42 inférieu-

174 1753 64 29 res
258 1740 95 41 bien
380 1735 208 54 marquée,
627 1738 224 38 nettement
879 1733 153 54 coupée
1063 1733 347 54 supérieurement

173 1818 39 36 et
231 1812 247 41 renfermant
498 1808 72 41 des
588 1819 105 41 yeux
711 1818 79 41 peu
808 1806 165 42 visibles
991 1817 50 30 en
1055 1805 159 51 dessus,
1237 1805 171 42 très-vi-

173 1886 137 47 sibles,
331 1883 104 40 mais
450 1892 80 42 peu
551 1878 111 55 épais
681 1891 51 29 en
764 1878 186 42 dessous.
973 1878 139 41 Bande
1143 1877 188 43 médiane
1352 1878 54 41 du

173 1959 170 40 dessous
362 1953 72 42 des
452 1952 239 42 inférieures
708 1951 275 53 interrompue
1003 1962 53 30 au
1076 1950 153 42 milieu.

236 2030 35 57 ç
299 2030 92 53 plus
411 2026 168 53 grande,
600 2029 39 37 et
663 2029 123 49 ayant
817 2025 39 40 le
888 2024 167 42 dessous
1077 2024 73 43 des
1170 2025 237 41 inférieures

173 2109 39 36 et
230 2104 39 40 la
286 2106 89 37 côte
401 2099 71 42 des
496 2097 255 55 supérieures
765 2096 107 43 lavés
898 2096 49 42 de
972 2099 126 51 jaune
1118 2096 134 43 d'ocre
1272 2109 121 29 rous-

174 2183 105 38 sâtre
295 2175 204 54 (Guénée).

215 2330 45 41 (1)
279 2327 43 35 M.
341 2326 155 40 Lefebyze
512 2334 20 25 a
550 2324 106 34 donné
684 2323 31 34 le
742 2330 75 26 nom
838 2321 39 34 de
896 2321 94 34 tache
1017 2320 172 35 annulaire
1207 2322 19 33 à
1246 2321 83 34 celle
1351 2323 55 40 qui

173 2387 51 31 est
241 2385 20 32 à
278 2381 192 35 l'extrémité
489 2380 40 33 de
548 2380 32 33 la
610 2378 119 34 cellule
746 2376 58 35 des
824 2375 209 42 supérieures
1053 2377 33 31 et
1105 2375 56 42 qui
1183 2374 146 42 s'appuie
1348 2384 58 25 sur

175 2446 64 27 une
257 2439 92 32 autre
377 2434 93 34 tache
505 2433 141 33 souvent
674 2429 124 36 carrée.
830 2427 204 35 L'ensemble
1053 2427 40 34 de
1117 2436 53 25 ces
1190 2427 86 34 deux
1294 2428 110 34 taches

173 2498 65 39 est,
257 2501 81 36 pour
355 2492 44 34 M.
418 2489 144 40 Guenée,
581 2487 33 35 la
632 2486 95 36 tache
746 2483 190 37 discoïdale.
