1780 3012
949 362 54 7 —
1036 336 74 44 140,
1141 365 51 6 —

512 444 27 44 9
572 439 160 49 Brune,
764 445 171 35 souvent
966 442 253 51 saupoudrée
1251 443 49 41 de
1332 446 133 48 violet,
1495 457 95 31 avec
1619 448 70 40 des

458 508 138 40 taches
624 511 231 40 terminales
875 513 138 40 fauves
1037 525 51 28 en
1111 514 158 49 dessus,
1293 521 39 35 et
1352 518 34 39 le
1406 517 170 42 dessous
1595 519 96 40 d'un

460 580 82 48 gris
562 584 218 38 roussàtre.

517 653 179 42 Chenille
726 668 49 28 en
795 658 81 39 mai
896 661 39 36 et
956 659 148 51 juillet,
1128 671 69 28 sur
1217 660 39 40 la
1273 663 177 39 Luzerne
1470 661 222 54 (Medicago

462 728 165 48 saliva),
650 727 39 40 la
713 730 187 49 Bugrane
921 731 165 49 (Ononis
1110 734 196 50 spinosa),
1329 734 36 39 le
1383 735 176 41 Fraisier
1578 736 118 48 (Fra-

462 800 121 47 garia
603 811 134 37 vesca,
760 805 77 36 etc.

518 871 43 38 T.
583 871 39 39 la
642 873 62 47 F.,
731 874 295 42 très-commun
1046 876 101 40 dans
1165 877 59 40 les
1244 877 105 52 prés,
1369 878 59 42 les
1449 880 168 52 champs
1645 880 49 40 de

463 942 160 42 luzerne
636 945 178 52 pendant
833 952 112 37 toute
964 950 39 39 la
1020 950 105 40 belle,
1143 951 151 40 saison.

464 1029 59 39 Ab
561 1030 203 50 Icarinus,
785 1033 153 40 Scriba.
964 1033 212 51 Thersites,
1203 1034 100 40 Bdv.

519 1115 327 42 Ordinairement
863 1118 91 52 plus
981 1120 113 51 petit,
1117 1131 52 28 ne
1190 1118 139 41 diffère
1351 1119 48 40 de
1428 1119 171 53 l'espèce
1620 1132 79 41 que

464 1197 73 40 par
566 1187 201 42 l'absence
799 1189 69 40 des
895 1190 137 51 points
1061 1189 146 41 ocellés
1235 1190 24 40 à
1286 1190 39 39 la
1356 1190 97 40 base
1484 1190 71 41 des
1576 1190 123 53 supé-

465 1260 152 40 rieures
639 1272 49 28 en
710 1261 183 49 dessous,
914 1263 135 39 moins
1077 1274 193 29 commun
1289 1274 76 40 que
1392 1264 37 39 le
1449 1267 108 48 type.
1582 1264 120 40 Envi-

467 1341 96 29 rons
584 1331 48 40 de
659 1331 130 41 Paris.

466 1430 210 48 AGESTOR,
697 1430 164 40 Godart.
888 1429 178 49 Escheri,
1093 1429 77 42 Hb.
1190 1430 104 51 Dup.

521 1529 95 38 38ra.
638 1527 95 40 Plus
761 1527 129 50 grand
918 1539 79 41 que
1027 1529 139 38 Icarus
1193 1526 98 40 dont
1321 1526 28 39 il
1382 1538 51 31 ne
1455 1526 140 41 diffère
1625 1538 78 39 que

466 1610 74 40 par
566 1599 198 41 l'absence
795 1600 69 40 des
894 1601 136 52 points
1062 1599 146 42 ocellés
1234 1601 24 39 à
1290 1600 39 40 la
1361 1600 97 40 base
1489 1600 69 40 des
1580 1600 124 52 supé-

469 1672 153 38 rieures
644 1683 49 28 en
713 1672 171 39 dessous
904 1683 158 29 comme
1083 1672 101 40 dans
1203 1673 78 39 Tab
1302 1672 255 52 précédente.

520 1750 29 43 9
570 1741 228 41 Semblable
817 1743 24 39 à
857 1742 99 40 celle
976 1742 240 41 d'Icarinus.

522 1813 97 40 Midi
639 1813 48 41 de
705 1814 39 39 la
770 1816 168 47 France,
961 1814 89 53 dép.
1075 1815 54 39 du
1160 1816 88 48 Var,
1274 1826 50 28 en
1352 1815 96 48 mai,
1471 1813 91 53 dép.
1593 1814 49 40 de
1667 1815 39 39 la

470 1885 160 49 Lozère,
665 1886 205 50 Pyr.-Or.,
904 1886 38 39 le
979 1887 162 46 Vernet,
1175 1884 266 53 Montpellier,
1476 1897 46 27 en
1546 1884 93 52 juin
1668 1889 39 34 et

464 1953 150 52 juillet,
635 1964 110 28 assez
765 1963 192 29 commun
984 1952 102 40 dans
1106 1952 196 51 quelques
1322 1950 196 41 localités.
1544 1953 51 37 Le
1616 1955 91 47 type

471 2026 49 40 de
544 2026 39 41 la
612 2027 201 39 Provence
845 2029 59 36 est
922 2026 90 52 plus
1041 2024 130 51 grand
1191 2036 77 39 que
1288 2024 104 40 celui
1413 2024 49 40 de
1482 2025 38 39 la
1545 2024 158 40 Lozère.

473 2122 178 49 CHIRON,
676 2124 108 38 Rott.
806 2121 227 48 Eumedon,
1058 2122 95 51 Esp.
1176 2120 101 40 God.

526 2223 96 37 31m.
643 2218 111 41 Ailes
773 2218 96 40 d'un
883 2218 108 40 brun
1009 2218 194 48 noirâtre,
1219 2228 95 29 avec
1332 2228 82 28 une
1428 2217 123 51 petite
1570 2216 140 39 lunule

473 2293 90 51 plus
598 2291 141 41 foncée
774 2303 69 28 sur
877 2292 37 39 le
952 2290 142 51 disque
1131 2288 69 41 des
1233 2289 268 52 supérieures.
1532 2289 179 40 Dessous

473 2366 94 39 d'un
589 2364 149 40 cendré
753 2367 207 49 jaunâtre,
982 2375 95 29 avec
1099 2363 69 40 des
1187 2363 135 51 points
1343 2361 145 42 ocellés
1515 2362 96 40 bien
1630 2361 80 40 ali-

474 2437 98 50 gnés
596 2448 70 28 sur
690 2436 59 40 les
770 2435 254 53 supérieures
1044 2437 39 38 et
1100 2434 59 40 les
1186 2433 238 41 inférieures
1445 2437 40 37 et
1508 2444 82 29 une
1610 2431 103 41 série

472 2510 92 51 plus
585 2520 54 29 ou
665 2509 134 40 moins
817 2507 193 53 marquée
1029 2507 50 41 de
1099 2508 145 53 petites
1262 2508 140 40 taches
1420 2508 155 49 fauves,
1597 2518 116 41 repo-
