1756 3000
1012 318 53 11 —
1091 295 54 44 74
1173 320 52 8 -

562 398 41 46 L'
611 402 281 54 Asteroscopus
922 400 177 44 cassinia
1127 400 97 43 était
1253 413 206 42 commun,
1485 401 30 44 il
1534 414 26 42 y
1577 413 23 30 a
1622 400 114 54 quel-

510 487 99 41 ques
635 475 163 51 années,
821 487 52 29 au
902 480 349 37 commencement
1278 476 47 40 de
1352 475 233 50 novembre,
1607 487 68 29 sur
1701 475 38 41 le

508 553 115 36 tronc
648 548 69 41 des
748 560 134 29 ormes
903 547 48 41 de
971 560 76 28 nos
1067 548 240 41 boulevards
1325 562 10 39 ;
1358 549 103 39 mais
1488 547 141 53 depuis
1661 558 78 40 que

510 632 66 29 ces
595 620 138 41 arbres
755 626 71 35 ont
845 620 61 40 été
925 620 239 53 remblayés,
1187 624 102 37 cette
1310 621 140 52 espèce
1469 623 40 37 et
1526 619 212 53 beaucoup

518 692 174 41 d'autres
716 692 246 41 Noctuélites
996 693 197 40 semblent
1223 690 112 43 avoir
1362 703 173 41 presque
1566 691 173 41 entière-

514 768 113 37 ment
647 764 165 53 disparu
833 764 50 41 de
902 768 102 37 cette
1022 764 172 41 localité.

564 837 76 39 Les
660 835 195 42 Hibernia
869 838 262 40 aurantiaria
1146 842 40 36 et
1204 836 220 55 defoliaria
1443 835 179 43 éclosent
1640 835 103 41 dans

509 908 58 40 les
589 909 63 39 dix
669 909 196 51 premiers
874 909 117 51 jours
1007 909 53 40 du
1080 910 104 40 mois
1201 909 49 41 de
1265 908 235 43 novembre.
1523 908 107 40 Elles
1651 912 92 36 sont

511 992 238 30 communes
770 981 101 40 dans
890 982 58 40 les
966 982 122 40 taillis
1104 982 49 41 de
1172 986 92 37 tous
1283 983 59 40 les
1361 982 91 40 bois
1468 981 70 41 des
1555 982 188 41 environs

513 1052 49 40 de
581 1054 129 40 Paris.

565 1125 250 41 L'Hibernia
834 1128 199 46 aceraria,
1055 1127 90 52 plus
1166 1125 168 51 tardive,
1357 1126 107 41 éclot
1480 1137 57 29 un
1554 1137 79 43 peu
1653 1126 92 53 plus

512 1198 92 39 tard
634 1202 39 36 et
699 1198 98 40 dure
822 1198 166 52 jusqu'à
1016 1199 39 39 la
1088 1198 56 40 fin
1177 1198 48 40 de
1256 1198 241 49 novembre,
1527 1209 50 31 en
1611 1201 134 37 même

514 1273 131 49 temps
666 1281 77 39 que
762 1271 60 39 les
854 1271 204 40 Hibernia
1093 1271 163 51 bajaria
1287 1274 40 37 et
1344 1269 288 55 rupicapraria
1652 1272 39 39 et
1708 1271 39 39 la

517 1342 279 42 Cheimatobia
822 1341 193 42 Boreata.

517 1559 204 43 MANIÈRE
750 1569 55 35 DE
838 1564 238 40 PRÉPARER
1097 1569 27 34 &
1146 1568 55 35 DE
1225 1567 253 36 CONSERVER
1501 1567 78 36 LES
1601 1568 149 36 PAPIL-

674 1634 110 36 LONS
807 1635 25 34 &
854 1636 56 33 DE
933 1637 76 34 LES
1032 1636 180 35 RANGER
1235 1635 57 35 EN
1317 1634 281 36 COLLECTION.

577 1783 75 39 Les
684 1785 204 38 amateurs
927 1781 48 41 de
1013 1780 286 56 Lépidoptères
1339 1785 93 38 sont
1465 1782 100 42 dans
1601 1782 152 52 l'usage

524 1853 163 41 d'étaler
706 1855 57 40 les
778 1855 199 52 papillons
999 1855 119 51 qu'ils
1147 1859 71 36 ont
1233 1856 84 51 pris
1336 1854 100 41 dans
1449 1856 109 40 leurs
1573 1856 178 49 chasses,

524 1939 52 28 ou
597 1938 103 29 ceux
719 1927 119 51 qu'ils
866 1930 71 37 ont
963 1939 116 39 reçus
1100 1927 48 40 de
1167 1927 109 40 leurs
1298 1927 354 53 correspondants,
1676 1927 77 40 afin

526 1998 48 41 de
608 1999 151 40 donner
790 2000 23 38 à
844 2011 65 28 ces
942 2000 172 39 insectes
1145 2000 38 39 le
1216 2003 91 48 port
1337 2003 40 37 et
1404 1999 200 41 l'attitude
1636 2000 117 51 qu'ils

528 2071 166 41 devront
715 2082 212 30 conserver
951 2071 100 39 dans
1072 2072 58 39 les
1149 2071 131 40 boîtes
1304 2071 49 41 de
1373 2072 229 40 collections
1618 2086 10 40 ;
1650 2072 103 40 mais

527 2145 81 48 ici,
641 2144 101 40 trois
779 2144 298 40 circonstances
1112 2143 233 41 différentes
1378 2148 176 49 peuvent
1588 2157 43 28 se
1654 2145 99 53 pré-

529 2221 133 35 senter
693 2231 8 24 :
739 2220 38 34 1°
798 2227 52 28 ou
877 2216 59 39 les
963 2215 199 53 papillons
1190 2217 84 50 pris
1308 2217 23 39 à
1357 2217 39 39 la
1425 2218 141 40 chasse
1594 2225 159 42 auront,

528 2290 177 49 quoique
723 2300 50 28 ne
794 2288 182 40 donnant
993 2289 91 51 plus
1107 2298 133 30 aucun
1261 2289 114 50 signe
1395 2288 49 40 de
1463 2288 78 51 vie,
1565 2288 188 44 conservé

527 2361 243 40 néanmoins
802 2372 112 28 assez
942 2360 49 40 de
1021 2361 205 51 souplesse
1256 2373 102 40 pour
1377 2362 122 50 qu'on
1530 2364 137 51 puisse
1697 2362 56 42 les

528 2434 156 39 manier
708 2444 157 29 comme
897 2433 83 40 s'ils
1006 2432 148 41 étaient
1179 2434 157 40 vivants
1355 2448 10 38 ;
1399 2433 102 44 dans
1534 2446 45 29 ce
1607 2445 67 30 cas
1704 2447 49 30 on

525 2516 150 44 pourra
703 2505 194 53 procéda
918 2500 48 45 cTe
988 2506 104 40 suite
1112 2506 24 39 à
1155 2505 37 40 la
1222 2507 281 53 préparation;
1537 2510 44 39 2°
1612 2518 52 30 ou
1691 2518 62 30 ces
