1792 3012
1006 384 50 6 —
1084 361 51 41 28
1165 383 51 7 —

497 472 106 42 peau
623 473 50 29 eu
705 462 38 40 la
774 461 147 50 vidant,
948 462 57 40 les
1026 463 166 52 piqûres
1226 461 306 41 d'ichneumons
1564 461 165 41 laissent

499 533 49 41 de
567 535 119 52 petits
707 538 113 37 trous
838 546 73 41 par
937 534 176 52 lesquels
1133 534 89 40 l'air
1242 533 211 53 s'échappe
1471 565 9 17 ,
1505 545 45 29 ce
1570 535 69 49 qui
1659 531 71 42 fait

505 612 170 35 souvent
711 618 196 40 manquer
936 605 252 54 l'opération.
1230 605 135 49 Enfin,
1399 606 27 39 il
1457 617 47 28 ne
1539 606 86 39 faut
1661 616 71 41 pas

499 679 155 40 vouloir
683 679 162 40 souffler
864 690 80 29 une
964 676 171 43 chenille
1154 677 178 53 pendant
1352 677 143 52 qu'elle
1515 689 115 37 mue,
1652 677 81 40 état

502 751 123 51 qu'on
642 754 206 37 reconnaît
861 751 229 40 facilement
1110 761 53 29 au
1190 750 244 51 gonflement
1455 749 71 41 des
1551 760 183 29 anneaux

502 826 39 38 et
560 823 24 40 à
603 823 38 39 la
661 822 159 42 tension
836 822 48 43 de
902 823 39 40 la
961 826 95 46 tète,
1080 834 120 41 parce
1219 834 78 40 que
1315 821 101 42 dans
1437 834 43 28 ce
1499 824 180 38 moment
1697 822 40 39 la

504 895 169 41 chenille
692 895 101 53 perd
822 895 314 42 ordinairement
1157 906 44 29 sa
1220 895 128 40 forme
1369 898 39 37 et
1440 894 39 40 la
1501 893 167 42 vivacité
1689 893 48 40 de

505 979 63 29 ses
588 968 201 40 couleurs.

561 1041 86 39 Une
676 1039 180 42 dernière
876 1039 257 42 observation
1153 1041 68 51 qui
1241 1039 223 54 s'applique
1484 1040 24 40 à
1524 1042 131 37 toutes
1683 1038 58 39 les

509 1112 235 41 collections
774 1112 348 51 entomologiques
1141 1124 47 29 en
1209 1112 175 51 général,
1417 1112 103 40 mais
1540 1111 94 40 bien
1652 1110 90 53 plus

511 1183 288 54 spécialement
830 1185 24 40 à
883 1184 98 41 celle
1014 1183 71 41 des
1118 1185 206 48 chenilles,
1347 1184 98 41 c'est
1475 1184 49 39 de
1554 1183 105 40 tenir
1678 1194 65 29 ses

508 1257 131 40 boites
672 1255 100 42 dans
802 1269 57 28 un
888 1257 82 40 lieu
1000 1256 94 41 bien
1122 1269 79 28 sec.
1234 1258 41 39 Si
1303 1255 227 41 l'humidité
1558 1255 136 40 venait
1721 1254 24 40 à

510 1323 186 58 pénétrer
716 1328 100 41 dans
837 1329 57 40 les
914 1333 189 45 cartons,
1125 1330 57 39 les
1202 1329 192 41 chenilles
1413 1327 185 41 soufflées
1627 1326 119 52 qu'ils

513 1402 328 40 renfermeraient
867 1414 42 28 se
940 1400 309 43 déformeraient
1271 1400 348 41 immédiatement
1652 1406 38 33 et
1709 1399 39 39 la

515 1474 215 40 collection
761 1475 123 39 serait
902 1473 173 41 détruite
1090 1488 9 38 ;
1125 1485 68 29 car
1221 1473 58 41 les
1300 1473 192 40 chenilles
1521 1471 229 53 perdraient

514 1546 96 40 bien
630 1549 78 38 vite
740 1550 102 36 cette
863 1557 225 42 apparence
1123 1545 48 41 de
1189 1547 61 40 vie
1270 1546 122 51 qu'on
1412 1545 181 52 parvient
1613 1544 24 39 à
1664 1544 86 39 leur

518 1617 170 49 donner,
722 1629 94 30 avec
855 1617 245 50 l'habitude,
1136 1617 136 52 quand
1302 1630 52 27 on
1390 1617 57 40 les
1478 1615 168 53 prépare
1678 1626 73 41 par

517 1690 40 40 la
594 1690 186 41 méthode
817 1689 289 42 d'insufflation
1142 1702 77 40 que
1253 1701 104 29 nous
1393 1700 152 30 venons
1582 1687 169 52 d'expli-

523 1774 112 40 quer.
