1732 3000
970 365 48 10 -
1047 344 52 43 38
1128 365 53 9 —

459 451 155 37 rement
645 446 102 42 ainsi
778 458 78 42 que
885 447 86 42 cela
998 458 25 30 a
1044 459 50 32 eu
1126 448 80 40 lieu
1240 446 90 53 déjà
1358 458 103 42 pour
1489 446 202 54 plusieurs

460 522 160 52 espèces
641 522 70 50 qui
730 520 147 42 étaient
902 533 237 30 communes
1164 521 207 48 autrefois,
1402 532 76 29 aux
1507 522 187 40 environs

461 595 49 39 de
530 596 114 38 Paris
664 598 39 36 et
721 594 124 51 qu'on
859 607 25 39 y
897 594 252 40 chercherait
1166 595 230 39 vainement
1416 593 272 53 aujourd'hui.

457 668 57 37 La
533 666 184 40 Zonaria
732 666 98 40 dont
846 666 39 39 la
904 666 159 40 femelle
1087 669 60 38 est
1163 666 134 52 aptère
1318 669 105 37 reste
1441 670 88 36 tout
1548 666 36 40 le
1598 666 96 51 jour

456 738 208 41 immobile
684 749 70 29 sur
772 739 37 39 le
830 749 140 40 gazon.
1707 746 13 40 1

510 812 98 39 Vers
629 811 36 40 le
680 810 53 41 20
751 822 124 38 mars,
890 812 37 39 la
941 811 183 53 Brephos
1134 810 246 53 parthenias
1394 813 60 38 est
1472 809 223 53 remplacée

456 896 73 40 par
549 896 44 28 sa
614 883 226 50 congénère
862 885 51 38 B.
935 884 143 40 notha.
1116 885 108 40 Cette
1242 883 183 41 dernière
1442 882 139 40 habite
1601 893 92 29 sur-

456 960 89 36 tout
578 956 58 40 les
656 954 152 52 grands
834 955 104 50 bois,
976 968 100 28 ceux
1105 955 49 41 de
1173 956 314 51 Ville-d'Avray,
1521 955 172 40 Fausse-

457 1030 173 51 Repose,
654 1028 72 40 des
754 1029 185 40 Gonards
959 1029 92 52 près
1085 1028 49 41 de
1167 1027 224 50 Versailles,
1426 1028 58 40 les
1504 1028 122 40 forêts
1646 1026 49 42 de

457 1101 159 52 Bondy,
651 1101 50 39 de
735 1102 339 48 Saint-Germain,
1097 1101 49 40 de
1182 1101 160 50 Sénart,
1366 1105 76 36 etc.
1473 1101 85 40 Elle
1589 1101 103 50 vole,

458 1173 145 53 depuis
624 1177 23 37 8
678 1173 148 41 heures
846 1177 38 37 et
904 1173 130 41 demie
1057 1173 54 40 du
1130 1175 124 38 matin
1275 1172 161 54 jusqu'à
1456 1171 116 50 midi,
1594 1172 101 40 dans

458 1246 58 39 les
563 1245 122 41 allées
719 1246 70 40 des
829 1246 104 48 bois,
974 1250 39 36 et
1044 1246 74 40 elle
1155 1257 43 28 se
1226 1256 141 41 repose
1396 1256 70 29 sur
1502 1244 39 40 la
1572 1244 122 50 boue,

460 1329 160 29 comme
651 1318 38 40 la
727 1318 257 52 parthenias.
1032 1317 184 41 Pendant
1261 1318 37 39 le
1333 1317 111 40 mois'
1485 1316 49 41 de
1571 1327 123 38 mars,

459 1390 295 52 l'Arnphidasis
774 1391 175 40 hirtaria
968 1394 96 49 peut
1086 1403 43 28 se
1160 1393 234 38 rencontrer
1426 1401 68 28 sur
1515 1390 35 39 le
1583 1393 114 36 tronc

461 1461 79 45 des,
553 1474 135 29 ormes
707 1463 69 53 qui
795 1462 173 41 bordent
987 1464 59 39 les
1060 1470 136 33 routes
1211 1466 38 37 et
1264 1463 58 40 les
1342 1461 281 53 promenades.
1708 1463 12 40 i

517 1536 76 39 Dès
621 1536 58 39 les
699 1536 195 52 premiers
920 1537 117 50 jours
1070 1534 53 40 du
1151 1536 106 39 mois
1289 1535 155 48 d'avril,
1466 1535 163 51 lorsque
1658 1535 41 38 la

461 1608 272 53 température
762 1611 61 37 est
854 1608 174 51 chaude,
1059 1609 36 40 le
1125 1609 277 51 Polyommate
1432 1607 49 40 de
1509 1608 40 39 la
1578 1619 120 29 ronce

465 1681 43 40 P.
537 1681 91 39 rubi
659 1683 233 38 commencé
914 1681 24 40 à
963 1681 112 41 voler
1096 1681 98 39 dans
1222 1680 58 41 les
1305 1691 118 41 parcs
1446 1685 38 36 et
1508 1680 100 41 dans
1640 1680 59 41 les

462 1754 151 51 parties
632 1752 264 53 verdoyantes
915 1752 70 41 des
1014 1753 104 41 bois.
1153 1754 31 39 Il
1204 1765 43 29 se
1272 1765 98 41 pose
1404 1753 296 52 fréquemment

466 1837 69 29 sur
562 1826 59 40 les
649 1828 159 49 genêts;
841 1837 49 29 en
919 1826 191 52 frappant
1140 1826 57 41 les
1228 1837 192 30 rameaux
1450 1826 54 40 du
1531 1829 118 48 genêt
1678 1826 23 39 à

464 1898 108 40 balai
608 1898 211 52 Sportium
849 1900 234 50 scopariwn
1120 1898 106 41 dans
1257 1899 59 40 les
1353 1899 108 39 lieux
1495 1899 132 40 arides
1663 1903 39 35 et

467 1970 266 50 sablonneux,
756 1982 54 29 on
831 1982 50 29 en
899 1970 72 40 fait
991 1971 127 51 partir
1137 1970 38 40 la
1192 1969 163 42 Chesias
1375 1971 222 53 obliquata.
1624 1973 77 38 Les

466 2042 121 40 allées
604 2046 39 36 et
661 2043 57 40 les
738 2042 202 41 clairières
960 2042 71 41 des
1049 2042 90 41 bois
1160 2046 92 37 sont
1268 2043 179 41 animées
1466 2055 73 40 par
1557 2044 39 39 la
1612 2043 91 52 pré-

466 2125 121 30 sence
608 2114 49 41 de
676 2116 196 51 quelques
889 2114 161 53 espèces
1070 2127 240 29 communes
1324 2116 48 40 de
1386 2115 314 53 Rhopalocères,

467 2187 77 40 tels
575 2199 78 40 que
685 2188 37 40 le
753 2187 304 53 Polyommatus
1081 2187 175 53 phlœas,
1283 2188 238 52 YArgynnis
1550 2188 93 50 Dia,
1665 2189 37 40 le

467 2257 177 54 Satyrus
663 2261 167 51 ægeria,
859 2264 76 37 etc.
955 2261 135 39 Parmi
1111 2261 58 40 les
1194 2260 273 50 Hétérocères,
1494 2262 38 39 la
1549 2259 153 43 Satur-

466 2331 73 43 nia
558 2336 158 49 carpini
747 2345 43 29 se
810 2336 160 39 montre
988 2332 102 41 dans
1122 2333 58 41 les
1200 2333 179 41 endroits
1406 2333 294 49 buissonneux,

468 2404 101 41 dans
589 2405 59 39 les
668 2416 216 39 garennes,
911 2410 75 36 etc.
1011 2406 97 40 Vers
1128 2406 39 40 la
1186 2406 197 48 mi-avril,
1400 2406 302 41 YAnthocharis

466 2477 257 40 cardamines
756 2479 130 49 mâle,
921 2489 236 30 commence
1190 2479 24 40 à
1244 2483 197 49 paraître;
1474 2480 39 39 la
1548 2480 155 40 femelle

460 2550 97 45 Plus
577 2550 167 48 tardive,
770 2550 149 42 n'éclot
937 2551 121 51 guère
1078 2555 119 38 avant
1216 2552 13 40 1
1241 2563 33 30 ,,s
1300 2552 195 52 premiers
1510 2552 119 52 jours
1655 2551 48 42 de
