1756 3000
950 329 54 7 —
1035 305 77 43 116
1141 328 55 8 —

452 408 95 41 Var.
571 407 195 53 Erysimi,
786 408 122 41 Bork.

507 497 27 45 9
555 491 195 41 Différant
770 492 53 40 du
843 497 90 47 type
961 504 49 28 en
1040 503 45 29 ce
1106 492 145 51 qu'elle
1270 502 177 42 manque
1462 491 102 43 delà
1579 494 112 41 tache

456 565 156 52 apicale
628 565 129 40 noire.

509 638 44 38 T.
577 637 27 39 1.
627 638 43 38 F.
696 638 108 47 Bois,
826 636 107 54 prés,
949 636 161 53 jardins
1131 648 49 29 en
1200 638 96 48 mai,
1316 637 134 53 juillet
1469 640 39 40 et
1528 642 111 37 août.

512 708 180 41 Chenille
712 721 49 28 en
776 710 93 51 juin
890 714 38 35 et
947 709 241 52 septembre,
1205 721 70 29 sur
1293 710 58 40 les
1371 708 127 42 Lotus
1518 714 180 38 cornicu-

458 783 123 48 latus,
604 783 39 39 la
660 781 111 42 Vicia
792 794 154 40 cracca,
970 783 56 40 les
1052 782 203 52 Lathyrus
1275 785 39 37 et
1336 781 170 42 Orobus.

463 867 94 40 Var.
580 865 222 49 Diniensis,
822 866 99 41 Bdv.

514 952 57 38 Ne
592 950 138 40 diffère
744 950 48 40 de
808 951 161 51 Sinapis
987 962 78 39 que
1084 962 72 40 par
1174 950 36 40 le
1223 950 170 41 dessous
1407 952 70 40 des
1491 952 98 40 ailes
1602 952 100 39 infé-

459 1023 172 48 rieures,
653 1023 209 48 blanches,
884 1034 96 31 sans
1003 1023 158 40 taches.

464 1107 94 38 Var.
582 1105 187 54 Lathyri,
790 1107 78 39 Hb.

518 1193 76 39 Les
615 1192 97 40 ailes
734 1192 255 52 supérieures
1004 1195 92 38 sont
1111 1191 171 54 coupées
1293 1194 91 52 plus
1407 1194 242 53 carrément,
1664 1195 40 41 la

464 1264 117 40 tache
602 1264 153 52 apicale
775 1269 60 36 est
854 1265 265 50 triangulaire
1148 1269 40 36 et
1215 1265 176 42 descend
1411 1278 175 41 presque
1610 1269 96 51 jus-

466 1336 121 51 qu'au
610 1337 102 39 bord
732 1339 172 47 interne,
928 1337 169 41 dessous
1113 1337 69 41 des
1204 1338 237 42 inférieures
1461 1341 81 50 gris
1561 1340 145 41 cendré

466 1409 144 41 décoré
626 1409 49 41 de
693 1410 107 41 deux
816 1410 138 41 taches
975 1409 208 50 blanches,
1204 1410 108 42 l'une
1326 1413 137 51 petite,
1485 1413 92 51 près
1599 1413 48 40 de
1667 1414 40 39 la

465 1482 113 48 base,
600 1482 142 41 l'autre
756 1484 91 51 plus
866 1483 166 51 grande,
1050 1483 279 51 triangulaire,
1338 1485 192 52 joignant
1549 1486 37 40 le
1605 1485 103 41 bord

468 1553 202 41 terminal.

523 1629 219 47 Provence,
766 1629 261 50 Languedoc,
1051 1629 160 49 Lozère,
1238 1632 153 40 mêmes
1420 1629 180 54 époques
1632 1642 77 40 que

469 1701 37 40 le
528 1704 108 48 type.

882 1859 119 35 Cenre
1026 1859 171 43 COLIAS,
1223 1859 85 35 Fab.

528 1997 204 42 Chenilles
751 1997 250 52 chagrinées,
1022 1999 243 52 légèrement
1276 2000 267 53 pub.escentes
1558 2016 10 39 ;
1590 2002 124 56 chry-

475 2071 148 41 salides
642 2071 184 49 bossues,
846 2083 83 28 non
949 2071 186 52 arquées.

534 2146 82 38 Ins.
641 2144 101 52 parf.
774 2144 144 52 Palpes
941 2144 258 52 comprimés,
1232 2145 128 50 velus,
1387 2146 159 43 dernier
1576 2146 140 44 article

478 2218 135 39 moins
644 2215 96 52 long
761 2227 77 40 que
868 2216 36 40 le
936 2216 235 54 précédent;
1201 2222 196 37 antennes
1418 2219 164 51 droites,
1606 2232 113 32 assez

479 2292 161 38 courtes
672 2301 42 28 se
740 2289 219 40 terminant
980 2301 72 40 par
1082 2302 58 28 un
1173 2293 100 38 cône
1303 2291 118 41 obtus
1452 2294 180 40 naissant
1665 2306 52 28 au

481 2365 117 49 quart
619 2362 49 40 de
696 2362 88 40 leur
806 2362 212 50 longueur,
1040 2374 115 42 corps
1176 2363 179 50 robuste,
1376 2365 222 52 prothorax
1615 2366 105 41 très-

482 2437 130 45 court,
634 2433 204 42 abdomen
865 2446 57 28 un
955 2446 79 40 peu
1058 2436 90 52 plus
1176 2440 116 36 court
1312 2448 76 40 que
1408 2437 59 41 les
1493 2437 100 42 ailes
1613 2438 105 41 infé-

482 2507 171 49 rieures,
681 2506 98 41 ailes
811 2506 186 42 robustes
1017 2519 202 41 pourvues
1249 2520 52 29 au
1325 2509 100 42 bord
1445 2511 158 41 interne
1623 2510 95 42 d'un
