<?xml version="1.0" encoding="utf-8"?>
<alto SCHEMAVERSION="alto_bnf-v2_0" xmlns="http://www.loc.gov/standards/alto/ns-v3#" xmlns:xlink="http://www.w3.org/TR/xlink" xmlns:xsi="http://www.w3.org/2001/XMLSchema-instance" xsi:schemaLocation="http://www.loc.gov/standards/alto/ns-v3# http://bibnum.bnf.fr/schema/alto_bnf-v2_0.xsd">
  <Description>
    <MeasurementUnit>pixel</MeasurementUnit>
    <sourceImageInformation>
      <fileName>00000105.jp2</fileName>
      <documentIdentifier documentIdentifierLocation="IFN">9612399</documentIdentifier>
    </sourceImageInformation>
    <OCRProcessing ID="OCR_1">
      <ocrProcessingStep>
        <processingDateTime>2015-10-09</processingDateTime>
        <processingStepDescription>[001_OCR_BRUT]OCR BRUT 99.66 %</processingStepDescription>
        <processingStepDescription>[002_CHARS]{974}</processingStepDescription>
        <processingStepDescription>[003_CHARS_USED]{937}</processingStepDescription>
        <processingStepDescription>[004_CHARS_SUSPECTS_USED]{0}</processingStepDescription>
        <processingStepDescription>[005_CHARS_UNUSED]{37}</processingStepDescription>
        <processingStepDescription>[006_CHARS_SUSPECTS_UNUSED]{0}</processingStepDescription>
        <processingStepDescription>[007_STRINGS]{196}</processingStepDescription>
        <processingStepDescription>[008_STRINGS_USED]{196}</processingStepDescription>
        <processingStepDescription>[009_STRINGS_SUSPECTS_UNUSED]{0}</processingStepDescription>
        <processingStepDescription>[010_CHARS_LETTERS]{937}</processingStepDescription>
        <processingStepDescription>[011_CHARS_PUNCTUATION]{33}</processingStepDescription>
        <processingStepDescription>[012_CHARS_DIGITS]{2}</processingStepDescription>
        <processingStepDescription>[013_CHARS_SUSPECT]{0}</processingStepDescription>
        <processingStepDescription>[022_CHARS_UNUSED_BY_BLOCK]{0}</processingStepDescription>
        <processingStepDescription>[023_BLOCKS_SUSPECTS]{0}</processingStepDescription>
        <processingStepDescription>[111_LIGS_DETECTED_CURV]{0}</processingStepDescription>
      </ocrProcessingStep>
    </OCRProcessing>
  </Description>
  <Styles>
    <TextStyle FONTFAMILY="Times" FONTSIZE="9" ID="TXT_5"/>
    <TextStyle FONTFAMILY="Times" FONTSIZE="8" ID="TXT_7"/>
  </Styles>
  <Tags>
    <OtherTag ID="TAG_importantEN" LABEL="important" TYPE="EN"/>
    <OtherTag ID="TAG_important" LABEL="important"/>
  </Tags>
  <Layout>
    <Page ACCURACY="99.66" HEIGHT="2996" ID="PAG_00000105" PHYSICAL_IMG_NR="105" PRINTED_IMG_NR="99" QUALITY="OK" WIDTH="1704">
      <TopMargin HEIGHT="432" HPOS="0" ID="PAG_00000105_TopMargin" VPOS="0" WIDTH="1704">
        <TextBlock HEIGHT="38" HPOS="580" ID="PAG_00000105_TB000001" LANG="fr" STYLEREFS="TXT_5" VPOS="333" WIDTH="214">
          <TextLine HEIGHT="38" HPOS="580" ID="PAG_00000105_TL000001" STYLEREFS="TXT_5" VPOS="333" WIDTH="214">
            <String CONTENT="—" HEIGHT="7" HPOS="580" ID="PAG_00000105_ST000001" STYLEREFS="TXT_5" VPOS="353" WC="1" WIDTH="49"/>
            <SP HPOS="629" ID="PAG_00000105_SP000001" VPOS="333" WIDTH="32"/>
            <String CONTENT="99" HEIGHT="38" HPOS="661" ID="PAG_00000105_ST000002" STYLEREFS="TXT_5" VPOS="333" WC="1" WIDTH="53"/>
            <SP HPOS="714" ID="PAG_00000105_SP000002" VPOS="352" WIDTH="34"/>
            <String CONTENT="—" HEIGHT="7" HPOS="748" ID="PAG_00000105_ST000003" STYLEREFS="TXT_5" VPOS="352" WC="1" WIDTH="46"/>
          </TextLine>
        </TextBlock>
      </TopMargin>
      <PrintSpace HEIGHT="1644" HPOS="61" ID="PAG_00000105_PrintSpace" VPOS="432" WIDTH="1268">
        <TextBlock HEIGHT="264" HPOS="73" ID="PAG_00000105_TB000002" LANG="fr" STYLEREFS="TXT_5" VPOS="432" WIDTH="1227">
          <TextLine HEIGHT="53" HPOS="125" ID="PAG_00000105_TL000002" STYLEREFS="TXT_5" VPOS="432" WIDTH="1173">
            <String CONTENT="Parmi" HEIGHT="42" HPOS="125" ID="PAG_00000105_ST000004" STYLEREFS="TXT_5" VPOS="436" WC="1" WIDTH="134"/>
            <SP HPOS="259" ID="PAG_00000105_SP000003" VPOS="436" WIDTH="17"/>
            <String CONTENT="les" HEIGHT="40" HPOS="276" ID="PAG_00000105_ST000005" STYLEREFS="TXT_5" VPOS="436" WC="1" WIDTH="58"/>
            <SP HPOS="334" ID="PAG_00000105_SP000004" VPOS="433" WIDTH="20"/>
            <String CONTENT="chenilles" HEIGHT="42" HPOS="354" ID="PAG_00000105_ST000006" STYLEREFS="TXT_5" VPOS="433" WC="1" WIDTH="192"/>
            <SP HPOS="546" ID="PAG_00000105_SP000005" VPOS="434" WIDTH="20"/>
            <String CONTENT="qui" HEIGHT="50" HPOS="566" ID="PAG_00000105_ST000007" STYLEREFS="TXT_5" VPOS="434" WC="1" WIDTH="70"/>
            <SP HPOS="636" ID="PAG_00000105_SP000006" VPOS="444" WIDTH="17"/>
            <String CONTENT="se" HEIGHT="29" HPOS="653" ID="PAG_00000105_ST000008" STYLEREFS="TXT_5" VPOS="444" WC="1" WIDTH="43"/>
            <SP HPOS="696" ID="PAG_00000105_SP000007" VPOS="432" WIDTH="18"/>
            <String CONTENT="métamorphosent" HEIGHT="53" HPOS="714" ID="PAG_00000105_ST000009" STYLEREFS="TXT_5" VPOS="432" WC="1" WIDTH="370"/>
            <SP HPOS="1084" ID="PAG_00000105_SP000008" VPOS="444" WIDTH="28"/>
            <String CONTENT="en" HEIGHT="30" HPOS="1112" ID="PAG_00000105_ST000010" STYLEREFS="TXT_5" VPOS="444" WC="1" WIDTH="50"/>
            <SP HPOS="1162" ID="PAG_00000105_SP000009" VPOS="435" WIDTH="18"/>
            <String CONTENT="terre," HEIGHT="46" HPOS="1180" ID="PAG_00000105_ST000011" STYLEREFS="TXT_5" VPOS="435" WC="1" WIDTH="118"/>
          </TextLine>
          <TextLine HEIGHT="55" HPOS="73" ID="PAG_00000105_TL000003" STYLEREFS="TXT_5" VPOS="505" WIDTH="1227">
            <String CONTENT="un" HEIGHT="30" HPOS="73" ID="PAG_00000105_ST000012" STYLEREFS="TXT_5" VPOS="520" WC="1" WIDTH="57"/>
            <SP HPOS="130" ID="PAG_00000105_SP000010" VPOS="507" WIDTH="28"/>
            <String CONTENT="grand" HEIGHT="53" HPOS="158" ID="PAG_00000105_ST000013" STYLEREFS="TXT_5" VPOS="507" WC="1" WIDTH="129"/>
            <SP HPOS="287" ID="PAG_00000105_SP000011" VPOS="506" WIDTH="27"/>
            <String CONTENT="nombre" HEIGHT="41" HPOS="314" ID="PAG_00000105_ST000014" STYLEREFS="TXT_5" VPOS="506" WC="1" WIDTH="169"/>
            <SP HPOS="483" ID="PAG_00000105_SP000012" VPOS="517" WIDTH="27"/>
            <String CONTENT="ne" HEIGHT="29" HPOS="510" ID="PAG_00000105_ST000015" STYLEREFS="TXT_5" VPOS="517" WC="1" WIDTH="51"/>
            <SP HPOS="561" ID="PAG_00000105_SP000013" VPOS="517" WIDTH="31"/>
            <String CONTENT="se" HEIGHT="29" HPOS="592" ID="PAG_00000105_ST000016" STYLEREFS="TXT_5" VPOS="517" WC="1" WIDTH="41"/>
            <SP HPOS="633" ID="PAG_00000105_SP000014" VPOS="505" WIDTH="30"/>
            <String CONTENT="donnent" HEIGHT="40" HPOS="663" ID="PAG_00000105_ST000017" STYLEREFS="TXT_5" VPOS="505" WC="1" WIDTH="180"/>
            <SP HPOS="843" ID="PAG_00000105_SP000015" VPOS="516" WIDTH="27"/>
            <String CONTENT="pas" HEIGHT="41" HPOS="870" ID="PAG_00000105_ST000018" STYLEREFS="TXT_5" VPOS="516" WC="1" WIDTH="73"/>
            <SP HPOS="943" ID="PAG_00000105_SP000016" VPOS="505" WIDTH="25"/>
            <String CONTENT="la" HEIGHT="40" HPOS="968" ID="PAG_00000105_ST000019" STYLEREFS="TXT_5" VPOS="505" WC="1" WIDTH="40"/>
            <SP HPOS="1008" ID="PAG_00000105_SP000017" VPOS="505" WIDTH="25"/>
            <String CONTENT="peine" HEIGHT="52" HPOS="1033" ID="PAG_00000105_ST000020" STYLEREFS="TXT_5" VPOS="505" WC="1" WIDTH="118"/>
            <SP HPOS="1151" ID="PAG_00000105_SP000018" VPOS="505" WIDTH="27"/>
            <String CONTENT="de" HEIGHT="40" HPOS="1178" ID="PAG_00000105_ST000021" STYLEREFS="TXT_5" VPOS="505" WC="1" WIDTH="48"/>
            <SP HPOS="1226" ID="PAG_00000105_SP000019" VPOS="517" WIDTH="32"/>
            <String CONTENT="se" HEIGHT="28" HPOS="1258" ID="PAG_00000105_ST000022" STYLEREFS="TXT_5" VPOS="517" WC="1" WIDTH="42"/>
          </TextLine>
          <TextLine HEIGHT="54" HPOS="74" ID="PAG_00000105_TL000004" STYLEREFS="TXT_5" VPOS="576" WIDTH="1226">
            <String CONTENT="construire" HEIGHT="41" HPOS="74" ID="PAG_00000105_ST000023" STYLEREFS="TXT_5" VPOS="581" WC="1" WIDTH="225"/>
            <SP HPOS="299" ID="PAG_00000105_SP000020" VPOS="590" WIDTH="17"/>
            <String CONTENT="une" HEIGHT="29" HPOS="316" ID="PAG_00000105_ST000024" STYLEREFS="TXT_5" VPOS="590" WC="1" WIDTH="81"/>
            <SP HPOS="397" ID="PAG_00000105_SP000021" VPOS="589" WIDTH="28"/>
            <String CONTENT="coque," HEIGHT="41" HPOS="425" ID="PAG_00000105_ST000025" STYLEREFS="TXT_5" VPOS="589" WC="1" WIDTH="145"/>
            <SP HPOS="570" ID="PAG_00000105_SP000022" VPOS="578" WIDTH="21"/>
            <String CONTENT="il" HEIGHT="39" HPOS="591" ID="PAG_00000105_ST000026" STYLEREFS="TXT_5" VPOS="578" WC="1" WIDTH="30"/>
            <SP HPOS="621" ID="PAG_00000105_SP000023" VPOS="578" WIDTH="29"/>
            <String CONTENT="leur" HEIGHT="40" HPOS="650" ID="PAG_00000105_ST000027" STYLEREFS="TXT_5" VPOS="578" WC="1" WIDTH="88"/>
            <SP HPOS="738" ID="PAG_00000105_SP000024" VPOS="578" WIDTH="20"/>
            <String CONTENT="suffit" HEIGHT="40" HPOS="758" ID="PAG_00000105_ST000028" STYLEREFS="TXT_5" VPOS="578" WC="1" WIDTH="107"/>
            <SP HPOS="865" ID="PAG_00000105_SP000025" VPOS="576" WIDTH="29"/>
            <String CONTENT="d'être" HEIGHT="41" HPOS="894" ID="PAG_00000105_ST000029" STYLEREFS="TXT_5" VPOS="576" WC="1" WIDTH="122"/>
            <SP HPOS="1016" ID="PAG_00000105_SP000026" VPOS="576" WIDTH="20"/>
            <String CONTENT="environnées" HEIGHT="42" HPOS="1036" ID="PAG_00000105_ST000030" STYLEREFS="TXT_5" VPOS="576" WC="1" WIDTH="264"/>
          </TextLine>
          <TextLine HEIGHT="45" HPOS="75" ID="PAG_00000105_TL000005" STYLEREFS="TXT_5" VPOS="651" WIDTH="643">
            <String CONTENT="de" HEIGHT="40" HPOS="75" ID="PAG_00000105_ST000031" STYLEREFS="TXT_5" VPOS="654" WC="1" WIDTH="52"/>
            <SP HPOS="127" ID="PAG_00000105_SP000027" VPOS="656" WIDTH="17"/>
            <String CONTENT="tous" HEIGHT="40" HPOS="144" ID="PAG_00000105_ST000032" STYLEREFS="TXT_5" VPOS="656" WC="1" WIDTH="91"/>
            <SP HPOS="235" ID="PAG_00000105_SP000028" VPOS="651" WIDTH="19"/>
            <String CONTENT="côtés" HEIGHT="41" HPOS="254" ID="PAG_00000105_ST000033" STYLEREFS="TXT_5" VPOS="651" WC="1" WIDTH="108"/>
            <SP HPOS="362" ID="PAG_00000105_SP000029" VPOS="651" WIDTH="21"/>
            <String CONTENT="de" HEIGHT="41" HPOS="383" ID="PAG_00000105_ST000034" STYLEREFS="TXT_5" VPOS="651" WC="1" WIDTH="48"/>
            <SP HPOS="431" ID="PAG_00000105_SP000030" VPOS="653" WIDTH="19"/>
            <String CONTENT="terre" HEIGHT="38" HPOS="450" ID="PAG_00000105_ST000035" STYLEREFS="TXT_5" VPOS="653" WC="1" WIDTH="104"/>
            <SP HPOS="554" ID="PAG_00000105_SP000031" VPOS="651" WIDTH="25"/>
            <String CONTENT="ferme." HEIGHT="40" HPOS="579" ID="PAG_00000105_ST000036" STYLEREFS="TXT_5" VPOS="651" WC="1" WIDTH="139"/>
          </TextLine>
        </TextBlock>
        <TextBlock HEIGHT="486" HPOS="66" ID="PAG_00000105_TB000003" LANG="fr" STYLEREFS="TXT_5" VPOS="721" WIDTH="1235">
          <TextLine HEIGHT="56" HPOS="126" ID="PAG_00000105_TL000006" STYLEREFS="TXT_5" VPOS="721" WIDTH="1174">
            <String CONTENT="Le" HEIGHT="39" HPOS="126" ID="PAG_00000105_ST000037" STYLEREFS="TXT_5" VPOS="727" WC="1" WIDTH="57"/>
            <SP HPOS="183" ID="PAG_00000105_SP000032" VPOS="728" WIDTH="17"/>
            <String CONTENT="temps" HEIGHT="49" HPOS="200" ID="PAG_00000105_ST000038" STYLEREFS="TXT_5" VPOS="728" WC="1" WIDTH="131"/>
            <SP HPOS="331" ID="PAG_00000105_SP000033" VPOS="735" WIDTH="30"/>
            <String CONTENT="que" HEIGHT="42" HPOS="361" ID="PAG_00000105_ST000039" STYLEREFS="TXT_5" VPOS="735" WC="1" WIDTH="76"/>
            <SP HPOS="437" ID="PAG_00000105_SP000034" VPOS="722" WIDTH="29"/>
            <String CONTENT="l'insecte" HEIGHT="41" HPOS="466" ID="PAG_00000105_ST000040" STYLEREFS="TXT_5" VPOS="722" WC="1" WIDTH="182"/>
            <SP HPOS="648" ID="PAG_00000105_SP000035" VPOS="734" WIDTH="26"/>
            <String CONTENT="passe" HEIGHT="41" HPOS="674" ID="PAG_00000105_ST000041" STYLEREFS="TXT_5" VPOS="734" WC="1" WIDTH="118"/>
            <SP HPOS="792" ID="PAG_00000105_SP000036" VPOS="725" WIDTH="20"/>
            <String CONTENT="à" HEIGHT="38" HPOS="812" ID="PAG_00000105_ST000042" STYLEREFS="TXT_5" VPOS="725" WC="1" WIDTH="24"/>
            <SP HPOS="836" ID="PAG_00000105_SP000037" VPOS="721" WIDTH="17"/>
            <String CONTENT="l'état" HEIGHT="42" HPOS="853" ID="PAG_00000105_ST000043" STYLEREFS="TXT_5" VPOS="721" WC="1" WIDTH="110"/>
            <SP HPOS="963" ID="PAG_00000105_SP000038" VPOS="722" WIDTH="31"/>
            <String CONTENT="de" HEIGHT="41" HPOS="994" ID="PAG_00000105_ST000044" STYLEREFS="TXT_5" VPOS="722" WC="1" WIDTH="49"/>
            <SP HPOS="1043" ID="PAG_00000105_SP000039" VPOS="721" WIDTH="30"/>
            <String CONTENT="chrysalide" HEIGHT="54" HPOS="1073" ID="PAG_00000105_ST000045" STYLEREFS="TXT_5" VPOS="721" WC="1" WIDTH="227"/>
          </TextLine>
          <TextLine HEIGHT="52" HPOS="69" ID="PAG_00000105_TL000007" STYLEREFS="TXT_5" VPOS="795" WIDTH="1231">
            <String CONTENT="varie" HEIGHT="40" HPOS="69" ID="PAG_00000105_ST000046" STYLEREFS="TXT_5" VPOS="799" WC="1" WIDTH="109"/>
            <SP HPOS="178" ID="PAG_00000105_SP000040" VPOS="798" WIDTH="23"/>
            <String CONTENT="ordinairement" HEIGHT="41" HPOS="201" ID="PAG_00000105_ST000047" STYLEREFS="TXT_5" VPOS="798" WC="1" WIDTH="313"/>
            <SP HPOS="514" ID="PAG_00000105_SP000041" VPOS="796" WIDTH="25"/>
            <String CONTENT="de" HEIGHT="40" HPOS="539" ID="PAG_00000105_ST000048" STYLEREFS="TXT_5" VPOS="796" WC="1" WIDTH="50"/>
            <SP HPOS="589" ID="PAG_00000105_SP000042" VPOS="796" WIDTH="28"/>
            <String CONTENT="quinze" HEIGHT="51" HPOS="617" ID="PAG_00000105_ST000049" STYLEREFS="TXT_5" VPOS="796" WC="1" WIDTH="141"/>
            <SP HPOS="758" ID="PAG_00000105_SP000043" VPOS="797" WIDTH="30"/>
            <String CONTENT="jours" HEIGHT="50" HPOS="788" ID="PAG_00000105_ST000050" STYLEREFS="TXT_5" VPOS="797" WC="1" WIDTH="116"/>
            <SP HPOS="904" ID="PAG_00000105_SP000044" VPOS="795" WIDTH="21"/>
            <String CONTENT="à" HEIGHT="40" HPOS="925" ID="PAG_00000105_ST000051" STYLEREFS="TXT_5" VPOS="795" WC="1" WIDTH="22"/>
            <SP HPOS="947" ID="PAG_00000105_SP000045" VPOS="796" WIDTH="19"/>
            <String CONTENT="trois" HEIGHT="39" HPOS="966" ID="PAG_00000105_ST000052" STYLEREFS="TXT_5" VPOS="796" WC="1" WIDTH="100"/>
            <SP HPOS="1066" ID="PAG_00000105_SP000046" VPOS="796" WIDTH="32"/>
            <String CONTENT="semaines" HEIGHT="39" HPOS="1098" ID="PAG_00000105_ST000053" STYLEREFS="TXT_5" VPOS="796" WC="1" WIDTH="202"/>
          </TextLine>
          <TextLine HEIGHT="54" HPOS="73" ID="PAG_00000105_TL000008" STYLEREFS="TXT_5" VPOS="867" WIDTH="1228">
            <String CONTENT="chez" HEIGHT="40" HPOS="73" ID="PAG_00000105_ST000054" STYLEREFS="TXT_5" VPOS="871" WC="1" WIDTH="94"/>
            <SP HPOS="167" ID="PAG_00000105_SP000047" VPOS="870" WIDTH="18"/>
            <String CONTENT="les" HEIGHT="40" HPOS="185" ID="PAG_00000105_ST000055" STYLEREFS="TXT_5" VPOS="870" WC="1" WIDTH="60"/>
            <SP HPOS="245" ID="PAG_00000105_SP000048" VPOS="868" WIDTH="27"/>
            <String CONTENT="Rhopalocères," HEIGHT="53" HPOS="272" ID="PAG_00000105_ST000056" STYLEREFS="TXT_5" TAGREFS="TAG_importantEN" VPOS="868" WC="1" WIDTH="307"/>
            <SP HPOS="579" ID="PAG_00000105_SP000049" VPOS="869" WIDTH="30"/>
            <String CONTENT="mais" HEIGHT="38" HPOS="609" ID="PAG_00000105_ST000057" STYLEREFS="TXT_5" VPOS="869" WC="1" WIDTH="104"/>
            <SP HPOS="713" ID="PAG_00000105_SP000050" VPOS="868" WIDTH="26"/>
            <String CONTENT="il" HEIGHT="38" HPOS="739" ID="PAG_00000105_ST000058" STYLEREFS="TXT_5" VPOS="868" WC="1" WIDTH="29"/>
            <SP HPOS="768" ID="PAG_00000105_SP000051" VPOS="868" WIDTH="27"/>
            <String CONTENT="n'en" HEIGHT="40" HPOS="795" ID="PAG_00000105_ST000059" STYLEREFS="TXT_5" VPOS="868" WC="1" WIDTH="94"/>
            <SP HPOS="889" ID="PAG_00000105_SP000052" VPOS="870" WIDTH="29"/>
            <String CONTENT="est" HEIGHT="37" HPOS="918" ID="PAG_00000105_ST000060" STYLEREFS="TXT_5" VPOS="870" WC="1" WIDTH="61"/>
            <SP HPOS="979" ID="PAG_00000105_SP000053" VPOS="878" WIDTH="29"/>
            <String CONTENT="pas" HEIGHT="42" HPOS="1008" ID="PAG_00000105_ST000061" STYLEREFS="TXT_5" VPOS="878" WC="1" WIDTH="72"/>
            <SP HPOS="1080" ID="PAG_00000105_SP000054" VPOS="867" WIDTH="22"/>
            <String CONTENT="de" HEIGHT="40" HPOS="1102" ID="PAG_00000105_ST000062" STYLEREFS="TXT_5" VPOS="867" WC="1" WIDTH="48"/>
            <SP HPOS="1150" ID="PAG_00000105_SP000055" VPOS="870" WIDTH="18"/>
            <String CONTENT="même" HEIGHT="38" HPOS="1168" ID="PAG_00000105_ST000063" STYLEREFS="TXT_5" VPOS="870" WC="1" WIDTH="133"/>
          </TextLine>
          <TextLine HEIGHT="53" HPOS="74" ID="PAG_00000105_TL000009" STYLEREFS="TXT_5" VPOS="939" WIDTH="1227">
            <String CONTENT="chez" HEIGHT="41" HPOS="74" ID="PAG_00000105_ST000064" STYLEREFS="TXT_5" VPOS="943" WC="1" WIDTH="94"/>
            <SP HPOS="168" ID="PAG_00000105_SP000056" VPOS="942" WIDTH="18"/>
            <String CONTENT="les" HEIGHT="42" HPOS="186" ID="PAG_00000105_ST000065" STYLEREFS="TXT_5" VPOS="942" WC="1" WIDTH="59"/>
            <SP HPOS="245" ID="PAG_00000105_SP000057" VPOS="940" WIDTH="19"/>
            <String CONTENT="Hétérocères," HEIGHT="48" HPOS="264" ID="PAG_00000105_ST000066" STYLEREFS="TXT_5" TAGREFS="TAG_importantEN" VPOS="940" WC="1" WIDTH="271"/>
            <SP HPOS="535" ID="PAG_00000105_SP000058" VPOS="951" WIDTH="28"/>
            <String CONTENT="car" HEIGHT="29" HPOS="563" ID="PAG_00000105_ST000067" STYLEREFS="TXT_5" VPOS="951" WC="1" WIDTH="68"/>
            <SP HPOS="631" ID="PAG_00000105_SP000059" VPOS="941" WIDTH="25"/>
            <String CONTENT="le" HEIGHT="39" HPOS="656" ID="PAG_00000105_ST000068" STYLEREFS="TXT_5" VPOS="941" WC="1" WIDTH="36"/>
            <SP HPOS="692" ID="PAG_00000105_SP000060" VPOS="942" WIDTH="32"/>
            <String CONTENT="temps" HEIGHT="50" HPOS="724" ID="PAG_00000105_ST000069" STYLEREFS="TXT_5" VPOS="942" WC="1" WIDTH="129"/>
            <SP HPOS="853" ID="PAG_00000105_SP000061" VPOS="943" WIDTH="18"/>
            <String CONTENT="peut" HEIGHT="49" HPOS="871" ID="PAG_00000105_ST000070" STYLEREFS="TXT_5" VPOS="943" WC="1" WIDTH="98"/>
            <SP HPOS="969" ID="PAG_00000105_SP000062" VPOS="941" WIDTH="24"/>
            <String CONTENT="varier" HEIGHT="39" HPOS="993" ID="PAG_00000105_ST000071" STYLEREFS="TXT_5" VPOS="941" WC="1" WIDTH="131"/>
            <SP HPOS="1124" ID="PAG_00000105_SP000063" VPOS="939" WIDTH="18"/>
            <String CONTENT="de" HEIGHT="40" HPOS="1142" ID="PAG_00000105_ST000072" STYLEREFS="TXT_5" VPOS="939" WC="1" WIDTH="50"/>
            <SP HPOS="1192" ID="PAG_00000105_SP000064" VPOS="940" WIDTH="18"/>
            <String CONTENT="huit" HEIGHT="40" HPOS="1210" ID="PAG_00000105_ST000073" STYLEREFS="TXT_5" VPOS="940" WC="1" WIDTH="91"/>
          </TextLine>
          <TextLine HEIGHT="55" HPOS="66" ID="PAG_00000105_TL000010" STYLEREFS="TXT_5" VPOS="1011" WIDTH="1234">
            <String CONTENT="jours" HEIGHT="50" HPOS="66" ID="PAG_00000105_ST000074" STYLEREFS="TXT_5" VPOS="1016" WC="1" WIDTH="117"/>
            <SP HPOS="183" ID="PAG_00000105_SP000065" VPOS="1014" WIDTH="32"/>
            <String CONTENT="à" HEIGHT="39" HPOS="215" ID="PAG_00000105_ST000075" STYLEREFS="TXT_5" VPOS="1014" WC="1" WIDTH="24"/>
            <SP HPOS="239" ID="PAG_00000105_SP000066" VPOS="1025" WIDTH="20"/>
            <String CONTENT="un" HEIGHT="29" HPOS="259" ID="PAG_00000105_ST000076" STYLEREFS="TXT_5" VPOS="1025" WC="1" WIDTH="58"/>
            <SP HPOS="317" ID="PAG_00000105_SP000067" VPOS="1023" WIDTH="31"/>
            <String CONTENT="an," HEIGHT="37" HPOS="348" ID="PAG_00000105_ST000077" STYLEREFS="TXT_5" VPOS="1023" WC="1" WIDTH="68"/>
            <SP HPOS="416" ID="PAG_00000105_SP000068" VPOS="1012" WIDTH="24"/>
            <String CONTENT="quelquefois" HEIGHT="52" HPOS="440" ID="PAG_00000105_ST000078" STYLEREFS="TXT_5" VPOS="1012" WC="1" WIDTH="249"/>
            <SP HPOS="689" ID="PAG_00000105_SP000069" VPOS="1011" WIDTH="34"/>
            <String CONTENT="deux," HEIGHT="49" HPOS="723" ID="PAG_00000105_ST000079" STYLEREFS="TXT_5" VPOS="1011" WC="1" WIDTH="119"/>
            <SP HPOS="842" ID="PAG_00000105_SP000070" VPOS="1023" WIDTH="30"/>
            <String CONTENT="on" HEIGHT="28" HPOS="872" ID="PAG_00000105_ST000080" STYLEREFS="TXT_5" VPOS="1023" WC="1" WIDTH="53"/>
            <SP HPOS="925" ID="PAG_00000105_SP000071" VPOS="1013" WIDTH="27"/>
            <String CONTENT="cite" HEIGHT="39" HPOS="952" ID="PAG_00000105_ST000081" STYLEREFS="TXT_5" VPOS="1013" WC="1" WIDTH="77"/>
            <SP HPOS="1029" ID="PAG_00000105_SP000072" VPOS="1014" WIDTH="29"/>
            <String CONTENT="même" HEIGHT="38" HPOS="1058" ID="PAG_00000105_ST000082" STYLEREFS="TXT_5" VPOS="1014" WC="1" WIDTH="130"/>
            <SP HPOS="1188" ID="PAG_00000105_SP000073" VPOS="1020" WIDTH="33"/>
            <String CONTENT="une" HEIGHT="32" HPOS="1221" ID="PAG_00000105_ST000083" STYLEREFS="TXT_5" VPOS="1020" WC="1" WIDTH="79"/>
          </TextLine>
          <TextLine HEIGHT="54" HPOS="72" ID="PAG_00000105_TL000011" STYLEREFS="TXT_5" VPOS="1083" WIDTH="1228">
            <String CONTENT="chrysalide" HEIGHT="52" HPOS="72" ID="PAG_00000105_ST000084" STYLEREFS="TXT_5" VPOS="1085" WC="0.99" WIDTH="225"/>
            <SP HPOS="297" ID="PAG_00000105_SP000074" VPOS="1085" WIDTH="21"/>
            <String CONTENT="du" HEIGHT="40" HPOS="318" ID="PAG_00000105_ST000085" STYLEREFS="TXT_5" VPOS="1085" WC="1" WIDTH="56"/>
            <SP HPOS="374" ID="PAG_00000105_SP000075" VPOS="1083" WIDTH="16"/>
            <String CONTENT="Bombyx" HEIGHT="52" HPOS="390" ID="PAG_00000105_ST000086" STYLEREFS="TXT_5" TAGREFS="TAG_important" VPOS="1083" WC="1" WIDTH="181"/>
            <SP HPOS="571" ID="PAG_00000105_SP000076" VPOS="1084" WIDTH="19"/>
            <String CONTENT="Lanestris" HEIGHT="40" HPOS="590" ID="PAG_00000105_ST000087" STYLEREFS="TXT_5" TAGREFS="TAG_important" VPOS="1084" WC="1" WIDTH="204"/>
            <SP HPOS="794" ID="PAG_00000105_SP000077" VPOS="1083" WIDTH="18"/>
            <String CONTENT="qui" HEIGHT="52" HPOS="812" ID="PAG_00000105_ST000088" STYLEREFS="TXT_5" VPOS="1083" WC="1" WIDTH="69"/>
            <SP HPOS="881" ID="PAG_00000105_SP000078" VPOS="1086" WIDTH="20"/>
            <String CONTENT="est" HEIGHT="38" HPOS="901" ID="PAG_00000105_ST000089" STYLEREFS="TXT_5" VPOS="1086" WC="1" WIDTH="60"/>
            <SP HPOS="961" ID="PAG_00000105_SP000079" VPOS="1083" WIDTH="13"/>
            <String CONTENT="restée" HEIGHT="41" HPOS="974" ID="PAG_00000105_ST000090" STYLEREFS="TXT_5" VPOS="1083" WC="1" WIDTH="129"/>
            <SP HPOS="1103" ID="PAG_00000105_SP000080" VPOS="1088" WIDTH="18"/>
            <String CONTENT="sept" HEIGHT="49" HPOS="1121" ID="PAG_00000105_ST000091" STYLEREFS="TXT_5" VPOS="1088" WC="1" WIDTH="87"/>
            <SP HPOS="1208" ID="PAG_00000105_SP000081" VPOS="1095" WIDTH="18"/>
            <String CONTENT="ans" HEIGHT="30" HPOS="1226" ID="PAG_00000105_ST000092" STYLEREFS="TXT_5" VPOS="1095" WC="1" WIDTH="74"/>
          </TextLine>
          <TextLine HEIGHT="52" HPOS="68" ID="PAG_00000105_TL000012" STYLEREFS="TXT_5" VPOS="1155" WIDTH="742">
            <String CONTENT="avant" HEIGHT="39" HPOS="68" ID="PAG_00000105_ST000093" STYLEREFS="TXT_5" VPOS="1159" WC="0.99" WIDTH="120"/>
            <SP HPOS="188" ID="PAG_00000105_SP000082" VPOS="1157" WIDTH="21"/>
            <String CONTENT="de" HEIGHT="40" HPOS="209" ID="PAG_00000105_ST000094" STYLEREFS="TXT_5" VPOS="1157" WC="1" WIDTH="47"/>
            <SP HPOS="256" ID="PAG_00000105_SP000083" VPOS="1156" WIDTH="22"/>
            <String CONTENT="donner" HEIGHT="41" HPOS="278" ID="PAG_00000105_ST000095" STYLEREFS="TXT_5" VPOS="1156" WC="1" WIDTH="154"/>
            <SP HPOS="432" ID="PAG_00000105_SP000084" VPOS="1155" WIDTH="17"/>
            <String CONTENT="l'insecte" HEIGHT="41" HPOS="449" ID="PAG_00000105_ST000096" STYLEREFS="TXT_5" VPOS="1155" WC="1" WIDTH="180"/>
            <SP HPOS="629" ID="PAG_00000105_SP000085" VPOS="1156" WIDTH="19"/>
            <String CONTENT="parfait." HEIGHT="51" HPOS="648" ID="PAG_00000105_ST000097" STYLEREFS="TXT_5" VPOS="1156" WC="1" WIDTH="162"/>
          </TextLine>
        </TextBlock>
        <TextBlock HEIGHT="849" HPOS="61" ID="PAG_00000105_TB000004" LANG="fr" STYLEREFS="TXT_5" VPOS="1227" WIDTH="1268">
          <TextLine HEIGHT="53" HPOS="125" ID="PAG_00000105_TL000013" STYLEREFS="TXT_5" VPOS="1227" WIDTH="1176">
            <String CONTENT="Nous" HEIGHT="40" HPOS="125" ID="PAG_00000105_ST000098" STYLEREFS="TXT_5" VPOS="1230" WC="1" WIDTH="111"/>
            <SP HPOS="236" ID="PAG_00000105_SP000086" VPOS="1229" WIDTH="26"/>
            <String CONTENT="aurions" HEIGHT="40" HPOS="262" ID="PAG_00000105_ST000099" STYLEREFS="TXT_5" VPOS="1229" WC="1" WIDTH="165"/>
            <SP HPOS="427" ID="PAG_00000105_SP000087" VPOS="1239" WIDTH="27"/>
            <String CONTENT="encore" HEIGHT="29" HPOS="454" ID="PAG_00000105_ST000100" STYLEREFS="TXT_5" VPOS="1239" WC="1" WIDTH="141"/>
            <SP HPOS="595" ID="PAG_00000105_SP000088" VPOS="1227" WIDTH="28"/>
            <String CONTENT="beaucoup" HEIGHT="53" HPOS="623" ID="PAG_00000105_ST000101" STYLEREFS="TXT_5" VPOS="1227" WC="1" WIDTH="211"/>
            <SP HPOS="834" ID="PAG_00000105_SP000089" VPOS="1228" WIDTH="20"/>
            <String CONTENT="à" HEIGHT="40" HPOS="854" ID="PAG_00000105_ST000102" STYLEREFS="TXT_5" VPOS="1228" WC="1" WIDTH="24"/>
            <SP HPOS="878" ID="PAG_00000105_SP000090" VPOS="1227" WIDTH="27"/>
            <String CONTENT="dire" HEIGHT="41" HPOS="905" ID="PAG_00000105_ST000103" STYLEREFS="TXT_5" VPOS="1227" WC="1" WIDTH="84"/>
            <SP HPOS="989" ID="PAG_00000105_SP000091" VPOS="1239" WIDTH="33"/>
            <String CONTENT="sur" HEIGHT="29" HPOS="1022" ID="PAG_00000105_ST000104" STYLEREFS="TXT_5" VPOS="1239" WC="1" WIDTH="70"/>
            <SP HPOS="1092" ID="PAG_00000105_SP000092" VPOS="1240" WIDTH="21"/>
            <String CONTENT="un" HEIGHT="28" HPOS="1113" ID="PAG_00000105_ST000105" STYLEREFS="TXT_5" VPOS="1240" WC="1" WIDTH="54"/>
            <SP HPOS="1167" ID="PAG_00000105_SP000093" VPOS="1229" WIDTH="28"/>
            <String CONTENT="sujet" HEIGHT="51" HPOS="1195" ID="PAG_00000105_ST000106" STYLEREFS="TXT_5" VPOS="1229" WC="1" WIDTH="106"/>
          </TextLine>
          <TextLine HEIGHT="54" HPOS="72" ID="PAG_00000105_TL000014" STYLEREFS="TXT_5" VPOS="1298" WIDTH="1228">
            <String CONTENT="si" HEIGHT="40" HPOS="72" ID="PAG_00000105_ST000107" STYLEREFS="TXT_5" VPOS="1301" WC="1" WIDTH="36"/>
            <SP HPOS="108" ID="PAG_00000105_SP000094" VPOS="1299" WIDTH="18"/>
            <String CONTENT="fécond" HEIGHT="42" HPOS="126" ID="PAG_00000105_ST000108" STYLEREFS="TXT_5" VPOS="1299" WC="1" WIDTH="145"/>
            <SP HPOS="271" ID="PAG_00000105_SP000095" VPOS="1304" WIDTH="21"/>
            <String CONTENT="et" HEIGHT="36" HPOS="292" ID="PAG_00000105_ST000109" STYLEREFS="TXT_5" VPOS="1304" WC="1" WIDTH="39"/>
            <SP HPOS="331" ID="PAG_00000105_SP000096" VPOS="1301" WIDTH="18"/>
            <String CONTENT="si" HEIGHT="39" HPOS="349" ID="PAG_00000105_ST000110" STYLEREFS="TXT_5" VPOS="1301" WC="1" WIDTH="34"/>
            <SP HPOS="383" ID="PAG_00000105_SP000097" VPOS="1300" WIDTH="20"/>
            <String CONTENT="digne" HEIGHT="50" HPOS="403" ID="PAG_00000105_ST000111" STYLEREFS="TXT_5" VPOS="1300" WC="1" WIDTH="116"/>
            <SP HPOS="519" ID="PAG_00000105_SP000098" VPOS="1299" WIDTH="17"/>
            <String CONTENT="d'intérêt," HEIGHT="49" HPOS="536" ID="PAG_00000105_ST000112" STYLEREFS="TXT_5" VPOS="1299" WC="1" WIDTH="197"/>
            <SP HPOS="733" ID="PAG_00000105_SP000099" VPOS="1300" WIDTH="17"/>
            <String CONTENT="mais" HEIGHT="41" HPOS="750" ID="PAG_00000105_ST000113" STYLEREFS="TXT_5" VPOS="1300" WC="1" WIDTH="103"/>
            <SP HPOS="853" ID="PAG_00000105_SP000100" VPOS="1298" WIDTH="16"/>
            <String CONTENT="bornés" HEIGHT="42" HPOS="869" ID="PAG_00000105_ST000114" STYLEREFS="TXT_5" VPOS="1298" WC="1" WIDTH="148"/>
            <SP HPOS="1017" ID="PAG_00000105_SP000101" VPOS="1311" WIDTH="19"/>
            <String CONTENT="par" HEIGHT="41" HPOS="1036" ID="PAG_00000105_ST000115" STYLEREFS="TXT_5" VPOS="1311" WC="1" WIDTH="73"/>
            <SP HPOS="1109" ID="PAG_00000105_SP000102" VPOS="1299" WIDTH="19"/>
            <String CONTENT="l'espace" HEIGHT="53" HPOS="1128" ID="PAG_00000105_ST000116" STYLEREFS="TXT_5" VPOS="1299" WC="1" WIDTH="172"/>
          </TextLine>
          <TextLine HEIGHT="55" HPOS="71" ID="PAG_00000105_TL000015" STYLEREFS="TXT_5" VPOS="1369" WIDTH="1228">
            <String CONTENT="qui" HEIGHT="50" HPOS="71" ID="PAG_00000105_ST000117" STYLEREFS="TXT_5" VPOS="1374" WC="1" WIDTH="70"/>
            <SP HPOS="141" ID="PAG_00000105_SP000103" VPOS="1384" WIDTH="14"/>
            <String CONTENT="nous" HEIGHT="29" HPOS="155" ID="PAG_00000105_ST000118" STYLEREFS="TXT_5" VPOS="1384" WC="1" WIDTH="102"/>
            <SP HPOS="257" ID="PAG_00000105_SP000104" VPOS="1376" WIDTH="15"/>
            <String CONTENT="est" HEIGHT="37" HPOS="272" ID="PAG_00000105_ST000119" STYLEREFS="TXT_5" VPOS="1376" WC="1" WIDTH="61"/>
            <SP HPOS="333" ID="PAG_00000105_SP000105" VPOS="1370" WIDTH="19"/>
            <String CONTENT="mesuré," HEIGHT="53" HPOS="352" ID="PAG_00000105_ST000120" STYLEREFS="TXT_5" VPOS="1370" WC="1" WIDTH="171"/>
            <SP HPOS="523" ID="PAG_00000105_SP000106" VPOS="1383" WIDTH="22"/>
            <String CONTENT="nous" HEIGHT="30" HPOS="545" ID="PAG_00000105_ST000121" STYLEREFS="TXT_5" VPOS="1383" WC="1" WIDTH="103"/>
            <SP HPOS="648" ID="PAG_00000105_SP000107" VPOS="1371" WIDTH="21"/>
            <String CONTENT="devons" HEIGHT="43" HPOS="669" ID="PAG_00000105_ST000122" STYLEREFS="TXT_5" VPOS="1371" WC="0.98" WIDTH="151"/>
            <SP HPOS="820" ID="PAG_00000105_SP000108" VPOS="1383" WIDTH="28"/>
            <String CONTENT="nous" HEIGHT="29" HPOS="848" ID="PAG_00000105_ST000123" STYLEREFS="TXT_5" VPOS="1383" WC="1" WIDTH="104"/>
            <SP HPOS="952" ID="PAG_00000105_SP000109" VPOS="1374" WIDTH="20"/>
            <String CONTENT="arrêter" HEIGHT="38" HPOS="972" ID="PAG_00000105_ST000124" STYLEREFS="TXT_5" VPOS="1374" WC="1" WIDTH="150"/>
            <SP HPOS="1122" ID="PAG_00000105_SP000110" VPOS="1373" WIDTH="18"/>
            <String CONTENT="ici." HEIGHT="39" HPOS="1140" ID="PAG_00000105_ST000125" STYLEREFS="TXT_5" VPOS="1373" WC="1" WIDTH="68"/>
            <SP HPOS="1208" ID="PAG_00000105_SP000111" VPOS="1369" WIDTH="14"/>
            <String CONTENT="Les" HEIGHT="42" HPOS="1222" ID="PAG_00000105_ST000126" STYLEREFS="TXT_5" VPOS="1369" WC="1" WIDTH="77"/>
          </TextLine>
          <TextLine HEIGHT="53" HPOS="61" ID="PAG_00000105_TL000016" STYLEREFS="TXT_5" VPOS="1443" WIDTH="1238">
            <String CONTENT="jeunes" HEIGHT="49" HPOS="61" ID="PAG_00000105_ST000127" STYLEREFS="TXT_5" VPOS="1447" WC="1" WIDTH="146"/>
            <SP HPOS="207" ID="PAG_00000105_SP000112" VPOS="1448" WIDTH="21"/>
            <String CONTENT="amateurs" HEIGHT="37" HPOS="228" ID="PAG_00000105_ST000128" STYLEREFS="TXT_5" VPOS="1448" WC="1" WIDTH="202"/>
            <SP HPOS="430" ID="PAG_00000105_SP000113" VPOS="1445" WIDTH="21"/>
            <String CONTENT="auxquels" HEIGHT="50" HPOS="451" ID="PAG_00000105_ST000129" STYLEREFS="TXT_5" VPOS="1445" WC="1" WIDTH="189"/>
            <SP HPOS="640" ID="PAG_00000105_SP000114" VPOS="1448" WIDTH="21"/>
            <String CONTENT="cet" HEIGHT="37" HPOS="661" ID="PAG_00000105_ST000130" STYLEREFS="TXT_5" VPOS="1448" WC="1" WIDTH="61"/>
            <SP HPOS="722" ID="PAG_00000105_SP000115" VPOS="1456" WIDTH="25"/>
            <String CONTENT="ouvrage" HEIGHT="40" HPOS="747" ID="PAG_00000105_ST000131" STYLEREFS="TXT_5" VPOS="1456" WC="1" WIDTH="173"/>
            <SP HPOS="920" ID="PAG_00000105_SP000116" VPOS="1447" WIDTH="30"/>
            <String CONTENT="est" HEIGHT="38" HPOS="950" ID="PAG_00000105_ST000132" STYLEREFS="TXT_5" VPOS="1447" WC="1" WIDTH="60"/>
            <SP HPOS="1010" ID="PAG_00000105_SP000117" VPOS="1443" WIDTH="27"/>
            <String CONTENT="destiné," HEIGHT="50" HPOS="1037" ID="PAG_00000105_ST000133" STYLEREFS="TXT_5" VPOS="1443" WC="1" WIDTH="166"/>
            <SP HPOS="1203" ID="PAG_00000105_SP000118" VPOS="1445" WIDTH="26"/>
            <String CONTENT="qui" HEIGHT="50" HPOS="1229" ID="PAG_00000105_ST000134" STYLEREFS="TXT_5" VPOS="1445" WC="1" WIDTH="70"/>
          </TextLine>
          <TextLine HEIGHT="51" HPOS="69" ID="PAG_00000105_TL000017" STYLEREFS="TXT_5" VPOS="1520" WIDTH="1228">
            <String CONTENT="voudraient" HEIGHT="45" HPOS="69" ID="PAG_00000105_ST000135" STYLEREFS="TXT_5" VPOS="1521" WC="1" WIDTH="238"/>
            <SP HPOS="307" ID="PAG_00000105_SP000119" VPOS="1521" WIDTH="17"/>
            <String CONTENT="s'instruire" HEIGHT="41" HPOS="324" ID="PAG_00000105_ST000136" STYLEREFS="TXT_5" VPOS="1521" WC="1" WIDTH="220"/>
            <SP HPOS="544" ID="PAG_00000105_SP000120" VPOS="1520" WIDTH="20"/>
            <String CONTENT="davantage," HEIGHT="51" HPOS="564" ID="PAG_00000105_ST000137" STYLEREFS="TXT_5" VPOS="1520" WC="1" WIDTH="237"/>
            <SP HPOS="801" ID="PAG_00000105_SP000121" VPOS="1520" WIDTH="21"/>
            <String CONTENT="devront" HEIGHT="41" HPOS="822" ID="PAG_00000105_ST000138" STYLEREFS="TXT_5" VPOS="1520" WC="1" WIDTH="172"/>
            <SP HPOS="994" ID="PAG_00000105_SP000122" VPOS="1520" WIDTH="20"/>
            <String CONTENT="consulter" HEIGHT="40" HPOS="1014" ID="PAG_00000105_ST000139" STYLEREFS="TXT_5" VPOS="1520" WC="1" WIDTH="205"/>
            <SP HPOS="1219" ID="PAG_00000105_SP000123" VPOS="1520" WIDTH="19"/>
            <String CONTENT="les" HEIGHT="40" HPOS="1238" ID="PAG_00000105_ST000140" STYLEREFS="TXT_7" VPOS="1520" WC="1" WIDTH="59"/>
          </TextLine>
          <TextLine HEIGHT="53" HPOS="70" ID="PAG_00000105_TL000018" STYLEREFS="TXT_5" VPOS="1592" WIDTH="1259">
            <String CONTENT="savants" HEIGHT="38" HPOS="70" ID="PAG_00000105_ST000141" STYLEREFS="TXT_5" VPOS="1598" WC="0.98" WIDTH="162"/>
            <SP HPOS="232" ID="PAG_00000105_SP000124" VPOS="1605" WIDTH="22"/>
            <String CONTENT="ouvrages" HEIGHT="40" HPOS="254" ID="PAG_00000105_ST000142" STYLEREFS="TXT_5" VPOS="1605" WC="1" WIDTH="195"/>
            <SP HPOS="449" ID="PAG_00000105_SP000125" VPOS="1593" WIDTH="34"/>
            <String CONTENT="de" HEIGHT="39" HPOS="483" ID="PAG_00000105_ST000143" STYLEREFS="TXT_5" VPOS="1593" WC="1" WIDTH="46"/>
            <SP HPOS="529" ID="PAG_00000105_SP000126" VPOS="1594" WIDTH="25"/>
            <String CONTENT="MM." HEIGHT="39" HPOS="554" ID="PAG_00000105_ST000144" STYLEREFS="TXT_5" VPOS="1594" WC="1" WIDTH="92"/>
            <SP HPOS="646" ID="PAG_00000105_SP000127" VPOS="1593" WIDTH="35"/>
            <String CONTENT="Boisduval," HEIGHT="49" HPOS="681" ID="PAG_00000105_ST000145" STYLEREFS="TXT_5" TAGREFS="TAG_importantEN" VPOS="1593" WC="1" WIDTH="231"/>
            <SP HPOS="912" ID="PAG_00000105_SP000128" VPOS="1592" WIDTH="23"/>
            <String CONTENT="Guénée," HEIGHT="49" HPOS="935" ID="PAG_00000105_ST000146" STYLEREFS="TXT_5" TAGREFS="TAG_importantEN" VPOS="1592" WC="1" WIDTH="177"/>
            <SP HPOS="1112" ID="PAG_00000105_SP000129" VPOS="1592" WIDTH="24"/>
            <String CONTENT="Dupon-" HEIGHT="52" HPOS="1136" ID="PAG_00000105_ST000147" STYLEREFS="TXT_5" SUBS_CONTENT="Duponchel" SUBS_TYPE="HypPart1" TAGREFS="TAG_importantEN" VPOS="1592" WC="1" WIDTH="163"/>
            <HYP CONTENT="-" HPOS="1299" VPOS="1644" WIDTH="30"/>
          </TextLine>
          <TextLine HEIGHT="54" HPOS="71" ID="PAG_00000105_TL000019" STYLEREFS="TXT_5" VPOS="1664" WIDTH="1227">
            <String CONTENT="chel" HEIGHT="41" HPOS="71" ID="PAG_00000105_ST000148" STYLEREFS="TXT_5" SUBS_CONTENT="Duponchel" SUBS_TYPE="HypPart2" TAGREFS="TAG_importantEN" VPOS="1666" WC="0.86" WIDTH="86"/>
            <SP HPOS="157" ID="PAG_00000105_SP000130" VPOS="1669" WIDTH="33"/>
            <String CONTENT="et" HEIGHT="38" HPOS="190" ID="PAG_00000105_ST000149" STYLEREFS="TXT_5" VPOS="1669" WC="1" WIDTH="39"/>
            <SP HPOS="229" ID="PAG_00000105_SP000131" VPOS="1669" WIDTH="30"/>
            <String CONTENT="surtout" HEIGHT="41" HPOS="259" ID="PAG_00000105_ST000150" STYLEREFS="TXT_5" VPOS="1669" WC="1" WIDTH="160"/>
            <SP HPOS="419" ID="PAG_00000105_SP000132" VPOS="1677" WIDTH="34"/>
            <String CONTENT="pour" HEIGHT="41" HPOS="453" ID="PAG_00000105_ST000151" STYLEREFS="TXT_5" VPOS="1677" WC="1" WIDTH="100"/>
            <SP HPOS="553" ID="PAG_00000105_SP000133" VPOS="1665" WIDTH="33"/>
            <String CONTENT="les" HEIGHT="40" HPOS="586" ID="PAG_00000105_ST000152" STYLEREFS="TXT_5" VPOS="1665" WC="1" WIDTH="57"/>
            <SP HPOS="643" ID="PAG_00000105_SP000134" VPOS="1664" WIDTH="33"/>
            <String CONTENT="généralités" HEIGHT="51" HPOS="676" ID="PAG_00000105_ST000153" STYLEREFS="TXT_5" VPOS="1664" WC="1" WIDTH="238"/>
            <SP HPOS="914" ID="PAG_00000105_SP000135" VPOS="1666" WIDTH="32"/>
            <String CONTENT="le" HEIGHT="39" HPOS="946" ID="PAG_00000105_ST000154" STYLEREFS="TXT_5" VPOS="1666" WC="1" WIDTH="37"/>
            <SP HPOS="983" ID="PAG_00000105_SP000136" VPOS="1665" WIDTH="34"/>
            <String CONTENT="remarquable" HEIGHT="51" HPOS="1017" ID="PAG_00000105_ST000155" STYLEREFS="TXT_5" VPOS="1665" WC="1" WIDTH="281"/>
          </TextLine>
          <TextLine HEIGHT="51" HPOS="69" ID="PAG_00000105_TL000020" STYLEREFS="TXT_5" VPOS="1737" WIDTH="1225">
            <String CONTENT="travail" HEIGHT="41" HPOS="69" ID="PAG_00000105_ST000156" STYLEREFS="TXT_5" VPOS="1739" WC="1" WIDTH="141"/>
            <SP HPOS="210" ID="PAG_00000105_SP000137" VPOS="1738" WIDTH="14"/>
            <String CONTENT="de" HEIGHT="41" HPOS="224" ID="PAG_00000105_ST000157" STYLEREFS="TXT_5" VPOS="1738" WC="1" WIDTH="49"/>
            <SP HPOS="273" ID="PAG_00000105_SP000138" VPOS="1740" WIDTH="21"/>
            <String CONTENT="M." HEIGHT="39" HPOS="294" ID="PAG_00000105_ST000158" STYLEREFS="TXT_5" VPOS="1740" WC="1" WIDTH="52"/>
            <SP HPOS="346" ID="PAG_00000105_SP000139" VPOS="1737" WIDTH="19"/>
            <String CONTENT="Lacordaire" HEIGHT="42" HPOS="365" ID="PAG_00000105_ST000159" STYLEREFS="TXT_5" TAGREFS="TAG_importantEN" VPOS="1737" WC="1" WIDTH="236"/>
            <SP HPOS="601" ID="PAG_00000105_SP000140" VPOS="1737" WIDTH="17"/>
            <String CONTENT="(Introduction" HEIGHT="51" HPOS="618" ID="PAG_00000105_ST000160" STYLEREFS="TXT_5" TAGREFS="TAG_important" VPOS="1737" WC="1" WIDTH="296"/>
            <SP HPOS="914" ID="PAG_00000105_SP000141" VPOS="1737" WIDTH="19"/>
            <String CONTENT="à" HEIGHT="40" HPOS="933" ID="PAG_00000105_ST000161" STYLEREFS="TXT_5" VPOS="1737" WC="1" WIDTH="23"/>
            <SP HPOS="956" ID="PAG_00000105_SP000142" VPOS="1737" WIDTH="12"/>
            <String CONTENT="l'Entomologie." HEIGHT="50" HPOS="968" ID="PAG_00000105_ST000162" STYLEREFS="TXT_5" TAGREFS="TAG_important" VPOS="1737" WC="1" WIDTH="326"/>
          </TextLine>
          <TextLine HEIGHT="44" HPOS="66" ID="PAG_00000105_TL000021" STYLEREFS="TXT_5" VPOS="1808" WIDTH="1260">
            <String CONTENT="Nous" HEIGHT="39" HPOS="66" ID="PAG_00000105_ST000163" STYLEREFS="TXT_5" VPOS="1813" WC="1" WIDTH="114"/>
            <SP HPOS="180" ID="PAG_00000105_SP000143" VPOS="1821" WIDTH="15"/>
            <String CONTENT="avouons" HEIGHT="31" HPOS="195" ID="PAG_00000105_ST000164" STYLEREFS="TXT_5" VPOS="1821" WC="1" WIDTH="180"/>
            <SP HPOS="375" ID="PAG_00000105_SP000144" VPOS="1809" WIDTH="20"/>
            <String CONTENT="humblement" HEIGHT="41" HPOS="395" ID="PAG_00000105_ST000165" STYLEREFS="TXT_5" VPOS="1809" WC="1" WIDTH="276"/>
            <SP HPOS="671" ID="PAG_00000105_SP000145" VPOS="1810" WIDTH="13"/>
            <String CONTENT="avoir" HEIGHT="39" HPOS="684" ID="PAG_00000105_ST000166" STYLEREFS="TXT_5" VPOS="1810" WC="1" WIDTH="113"/>
            <SP HPOS="797" ID="PAG_00000105_SP000146" VPOS="1809" WIDTH="17"/>
            <String CONTENT="fait" HEIGHT="39" HPOS="814" ID="PAG_00000105_ST000167" STYLEREFS="TXT_5" VPOS="1809" WC="1" WIDTH="73"/>
            <SP HPOS="887" ID="PAG_00000105_SP000147" VPOS="1809" WIDTH="20"/>
            <String CONTENT="de" HEIGHT="39" HPOS="907" ID="PAG_00000105_ST000168" STYLEREFS="TXT_5" VPOS="1809" WC="1" WIDTH="49"/>
            <SP HPOS="956" ID="PAG_00000105_SP000148" VPOS="1808" WIDTH="15"/>
            <String CONTENT="nombreux" HEIGHT="41" HPOS="971" ID="PAG_00000105_ST000169" STYLEREFS="TXT_5" VPOS="1808" WC="1" WIDTH="225"/>
            <SP HPOS="1196" ID="PAG_00000105_SP000149" VPOS="1821" WIDTH="19"/>
            <String CONTENT="em-" HEIGHT="29" HPOS="1215" ID="PAG_00000105_ST000170" STYLEREFS="TXT_5" SUBS_CONTENT="emprunts" SUBS_TYPE="HypPart1" VPOS="1821" WC="1" WIDTH="81"/>
            <HYP CONTENT="-" HPOS="1296" VPOS="1850" WIDTH="30"/>
          </TextLine>
          <TextLine HEIGHT="54" HPOS="67" ID="PAG_00000105_TL000022" STYLEREFS="TXT_5" VPOS="1880" WIDTH="1227">
            <String CONTENT="prunts" HEIGHT="46" HPOS="67" ID="PAG_00000105_ST000171" STYLEREFS="TXT_5" SUBS_CONTENT="emprunts" SUBS_TYPE="HypPart2" VPOS="1888" WC="1" WIDTH="142"/>
            <SP HPOS="209" ID="PAG_00000105_SP000150" VPOS="1884" WIDTH="19"/>
            <String CONTENT="à" HEIGHT="37" HPOS="228" ID="PAG_00000105_ST000172" STYLEREFS="TXT_5" VPOS="1884" WC="1" WIDTH="23"/>
            <SP HPOS="251" ID="PAG_00000105_SP000151" VPOS="1893" WIDTH="20"/>
            <String CONTENT="ces" HEIGHT="29" HPOS="271" ID="PAG_00000105_ST000173" STYLEREFS="TXT_5" VPOS="1893" WC="1" WIDTH="63"/>
            <SP HPOS="334" ID="PAG_00000105_SP000152" VPOS="1884" WIDTH="21"/>
            <String CONTENT="savants" HEIGHT="39" HPOS="355" ID="PAG_00000105_ST000174" STYLEREFS="TXT_5" VPOS="1884" WC="1" WIDTH="158"/>
            <SP HPOS="513" ID="PAG_00000105_SP000153" VPOS="1881" WIDTH="22"/>
            <String CONTENT="entomologistes," HEIGHT="49" HPOS="535" ID="PAG_00000105_ST000175" STYLEREFS="TXT_5" VPOS="1881" WC="1" WIDTH="342"/>
            <SP HPOS="877" ID="PAG_00000105_SP000154" VPOS="1893" WIDTH="25"/>
            <String CONTENT="sans" HEIGHT="28" HPOS="902" ID="PAG_00000105_ST000176" STYLEREFS="TXT_5" VPOS="1893" WC="1" WIDTH="93"/>
            <SP HPOS="995" ID="PAG_00000105_SP000155" VPOS="1882" WIDTH="25"/>
            <String CONTENT="cela," HEIGHT="47" HPOS="1020" ID="PAG_00000105_ST000177" STYLEREFS="TXT_5" VPOS="1882" WC="1" WIDTH="100"/>
            <SP HPOS="1120" ID="PAG_00000105_SP000156" VPOS="1880" WIDTH="23"/>
            <String CONTENT="réduits" HEIGHT="42" HPOS="1143" ID="PAG_00000105_ST000178" STYLEREFS="TXT_5" VPOS="1880" WC="1" WIDTH="151"/>
          </TextLine>
          <TextLine HEIGHT="56" HPOS="70" ID="PAG_00000105_TL000023" STYLEREFS="TXT_5" VPOS="1951" WIDTH="1224">
            <String CONTENT="à" HEIGHT="36" HPOS="70" ID="PAG_00000105_ST000179" STYLEREFS="TXT_5" VPOS="1958" WC="0.98" WIDTH="23"/>
            <SP HPOS="93" ID="PAG_00000105_SP000157" VPOS="1965" WIDTH="24"/>
            <String CONTENT="nos" HEIGHT="29" HPOS="117" ID="PAG_00000105_ST000180" STYLEREFS="TXT_5" VPOS="1965" WC="1" WIDTH="74"/>
            <SP HPOS="191" ID="PAG_00000105_SP000158" VPOS="1965" WIDTH="27"/>
            <String CONTENT="propres" HEIGHT="42" HPOS="218" ID="PAG_00000105_ST000181" STYLEREFS="TXT_5" VPOS="1965" WC="1" WIDTH="166"/>
            <SP HPOS="384" ID="PAG_00000105_SP000159" VPOS="1954" WIDTH="29"/>
            <String CONTENT="forces" HEIGHT="40" HPOS="413" ID="PAG_00000105_ST000182" STYLEREFS="TXT_5" VPOS="1954" WC="1" WIDTH="126"/>
            <SP HPOS="539" ID="PAG_00000105_SP000160" VPOS="1952" WIDTH="18"/>
            <String CONTENT="il" HEIGHT="40" HPOS="557" ID="PAG_00000105_ST000183" STYLEREFS="TXT_5" VPOS="1952" WC="1" WIDTH="30"/>
            <SP HPOS="587" ID="PAG_00000105_SP000161" VPOS="1964" WIDTH="30"/>
            <String CONTENT="ne" HEIGHT="29" HPOS="617" ID="PAG_00000105_ST000184" STYLEREFS="TXT_5" VPOS="1964" WC="1" WIDTH="50"/>
            <SP HPOS="667" ID="PAG_00000105_SP000162" VPOS="1964" WIDTH="25"/>
            <String CONTENT="nous" HEIGHT="29" HPOS="692" ID="PAG_00000105_ST000185" STYLEREFS="TXT_5" VPOS="1964" WC="1" WIDTH="104"/>
            <SP HPOS="796" ID="PAG_00000105_SP000163" VPOS="1955" WIDTH="20"/>
            <String CONTENT="eût" HEIGHT="38" HPOS="816" ID="PAG_00000105_ST000186" STYLEREFS="TXT_5" VPOS="1955" WC="0.90" WIDTH="66"/>
            <SP HPOS="882" ID="PAG_00000105_SP000164" VPOS="1964" WIDTH="29"/>
            <String CONTENT="pas" HEIGHT="42" HPOS="911" ID="PAG_00000105_ST000187" STYLEREFS="TXT_5" VPOS="1964" WC="1" WIDTH="72"/>
            <SP HPOS="983" ID="PAG_00000105_SP000165" VPOS="1952" WIDTH="34"/>
            <String CONTENT="été" HEIGHT="41" HPOS="1017" ID="PAG_00000105_ST000188" STYLEREFS="TXT_5" VPOS="1952" WC="1" WIDTH="62"/>
            <SP HPOS="1079" ID="PAG_00000105_SP000166" VPOS="1951" WIDTH="38"/>
            <String CONTENT="possible" HEIGHT="55" HPOS="1117" ID="PAG_00000105_ST000189" STYLEREFS="TXT_5" VPOS="1951" WC="1" WIDTH="177"/>
          </TextLine>
          <TextLine HEIGHT="52" HPOS="67" ID="PAG_00000105_TL000024" STYLEREFS="TXT_5" VPOS="2024" WIDTH="754">
            <String CONTENT="de" HEIGHT="42" HPOS="67" ID="PAG_00000105_ST000190" STYLEREFS="TXT_5" VPOS="2024" WC="1" WIDTH="49"/>
            <SP HPOS="116" ID="PAG_00000105_SP000167" VPOS="2037" WIDTH="20"/>
            <String CONTENT="mener" HEIGHT="30" HPOS="136" ID="PAG_00000105_ST000191" STYLEREFS="TXT_5" VPOS="2037" WC="1" WIDTH="139"/>
            <SP HPOS="275" ID="PAG_00000105_SP000168" VPOS="2030" WIDTH="19"/>
            <String CONTENT="cet" HEIGHT="37" HPOS="294" ID="PAG_00000105_ST000192" STYLEREFS="TXT_5" VPOS="2030" WC="1" WIDTH="61"/>
            <SP HPOS="355" ID="PAG_00000105_SP000169" VPOS="2037" WIDTH="17"/>
            <String CONTENT="ouvrage" HEIGHT="39" HPOS="372" ID="PAG_00000105_ST000193" STYLEREFS="TXT_5" VPOS="2037" WC="1" WIDTH="169"/>
            <SP HPOS="541" ID="PAG_00000105_SP000170" VPOS="2026" WIDTH="14"/>
            <String CONTENT="à" HEIGHT="40" HPOS="555" ID="PAG_00000105_ST000194" STYLEREFS="TXT_5" VPOS="2026" WC="1" WIDTH="24"/>
            <SP HPOS="579" ID="PAG_00000105_SP000171" VPOS="2025" WIDTH="18"/>
            <String CONTENT="bonne" HEIGHT="41" HPOS="597" ID="PAG_00000105_ST000195" STYLEREFS="TXT_5" VPOS="2025" WC="1" WIDTH="134"/>
            <SP HPOS="731" ID="PAG_00000105_SP000172" VPOS="2025" WIDTH="19"/>
            <String CONTENT="fin." HEIGHT="40" HPOS="750" ID="PAG_00000105_ST000196" STYLEREFS="TXT_5" VPOS="2025" WC="1" WIDTH="71"/>
          </TextLine>
        </TextBlock>
      </PrintSpace>
    </Page>
  </Layout>
</alto>
