1764 3008
688 350 48 6 -
768 327 51 40 49
847 349 50 5 —

847 368 11 18 /

178 436 124 52 jaune
321 444 23 29 a
377 429 198 56 remplacé
595 430 35 40 le
656 440 124 40 rouge
796 442 9 36 ;
837 440 51 28 on
908 427 39 41 la
974 430 139 38 trouve
1141 427 109 40 aussi
1278 438 70 29 sur
1375 427 39 40 la

185 510 119 49 pente
325 504 70 41 des
419 504 166 41 collines
619 502 69 51 qui
714 501 264 41 environnent
1010 498 145 53 Lardy.
1180 497 112 42 Dans
1312 502 102 37 cette

187 578 181 41 dernière
388 573 174 49 localité,
593 576 161 38 surtout
787 572 101 40 dans
916 572 57 40 les
992 572 191 40 environs
1204 570 211 41 d'Itteville

189 655 37 35 et
256 649 47 40 de
330 650 38 38 la
401 649 107 38 Tour
542 646 49 41 de
629 648 232 48 Poquency,
903 655 52 29 on
994 647 141 37 trouve
1179 654 50 28 en
1266 641 150 51 grande

140 752 26 6 ...
189 719 183 53 quantité
398 720 36 40 le
457 720 173 52 Lyccena
658 718 129 52 hylas,
804 715 252 52 quelquefois
1075 715 109 39 aussi
1204 715 36 39 le
1258 712 162 42 Licœna

188 789 177 44 avion.*:
468 792 40 22 'M
1266 807 7 6 -

246 866 106 38 Dans
372 865 59 39 les
451 862 181 42 derniers
647 862 118 51 jours
780 859 49 41 de
852 861 81 39 mai
961 863 39 37 et
1020 859 101 40 dans
1140 859 37 40 le
1205 870 210 29 commen-

190 940 112 37 ment
323 936 48 40 de
385 936 107 51 juin,
514 936 39 38 la
575 934 175 42 Melitœa
776 932 210 53 dictymna
1006 932 88 40 vole
1113 931 100 40 dans
1241 931 57 40 les
1332 931 86 40 val-

188 1008 82 41 lées
293 1012 38 36 et
358 1008 59 40 les
450 1006 203 41 clairières
683 1004 69 41 des
787 1004 89 41 bois
912 1002 296 52 marécageux.'
1237 1003 84 40 Elle
1360 1006 60 37 est

190 1091 216 30 commune
421 1079 99 40 dans
541 1078 38 40 la
596 1078 102 39 forêt
713 1076 48 41 de
781 1075 156 53 Bondy,
955 1075 101 41 dans
1075 1076 97 40 celle
1194 1073 227 42 d'Armain-

192 1152 168 49 villiers,
381 1155 94 45 etc.,
498 1154 77 37 etc.
618 1148 50 42 Sa
691 1148 224 52 congénère
942 1148 160 40 athalia
1124 1152 61 36 est
1222 1150 195 38 extrême-

190 1230 111 37 ment
317 1225 204 54 répandue
533 1224 101 41 dans
647 1227 92 37 tous
753 1224 58 40 les
823 1223 104 49 bois,
942 1225 75 39 Les
1031 1224 196 52 premiers
1236 1225 118 51 jours
1367 1223 52 41 du

194 1300 103 40 mois
312 1299 48 40 de
369 1299 92 51 juin
475 1301 92 37 sont
581 1296 173 51 signalés
774 1307 71 41 par
856 1295 256 54 l'apparition
1124 1296 120 41 d'une
1260 1298 161 49 magni-

199 1370 106 53 fique
335 1370 138 52 espèce
505 1369 240 52 Nymphalis
769 1369 148 51 populi
932 1382 10 38 ;
970 1380 45 30 ce
1037 1368 103 40 beau
1161 1367 262 53 Lépidoptère

194 1448 60 36 est
264 1454 110 29 assez
390 1453 87 29 rare
488 1452 79 29 aux
578 1441 187 40 environs
781 1439 48 40 de
850 1441 127 39 Paris.
994 1440 62 40 On
1078 1440 35 40 le
1126 1441 174 39 trouvait
1314 1440 110 52 jadis

191 1512 436 43 très-communément
655 1512 101 39 dans
792 1512 37 39 la
867 1512 100 39 forêt
999 1511 377 49 d'ArmainvilIiers,
1399 1513 23 40 à

192 1600 56 27 un
268 1589 117 49 quart
405 1586 47 40 de
470 1586 108 39 lieue
598 1583 475 49 d'Ozouer-Ia-l'errière,
1097 1583 89 53 près
1214 1583 49 41 de
1283 1585 38 39 la
1342 1586 80 50 Py-

193 1659 156 39 ramide
363 1673 9 36 ;
408 1658 101 39 mais
537 1655 141 53 depuis
698 1656 39 39 la
772 1656 181 40 fameuse
978 1654 157 42 trombe
1166 1655 53 40 du
1257 1655 13 39 1
1284 1660 21 37 8
1331 1657 92 52 juin

198 1734 112 44 1839,
349 1731 68 50 qui
453 1727 109 42 brisa
594 1732 92 36 tous
714 1728 58 40 les
793 1740 92 38 gros
915 1728 191 40 trembles
1145 1728 48 41 de
1215 1730 34 39 la
1291 1732 130 45 route,

195 1808 104 36 cette
318 1803 139 51 espèce
477 1805 60 37 est
558 1801 179 40 devenue
760 1801 108 39 aussi
889 1812 89 28 rare
996 1800 101 40 dans
1119 1804 102 37 cette
1245 1801 176 49 localité,

196 1875 144 51 qu'elle
354 1874 96 40 était
462 1884 215 29 commune
696 1875 260 50 auparavant.
977 1874 75 38 Les
1069 1873 230 41 meilleures
1317 1873 108 41 loca-

195 1946 89 40 lités
299 1957 103 41 pour
418 1946 38 39 la
470 1944 172 53 prendre
657 1948 91 36 sont
762 1945 57 39 les
829 1943 123 41 bords
967 1944 54 40 du
1041 1945 116 40 canal
1174 1944 49 41 de
1243 1945 179 51 l'Ourcq,

195 2022 111 37 entre
325 2018 36 39 le
380 2020 98 49 pont
499 2016 69 40 des
589 2014 248 42 Six-Routes
858 2019 38 37 et
916 2015 36 41 le
970 2021 96 47 pont
1084 2016 72 51 de
1156 2016 266 51 Rougemont,

194 2090 127 41 l'allée
342 2089 49 40 de
411 2088 259 51 Rougemont
694 2091 39 36 et
751 2088 38 39 la
809 2087 150 52 grande
979 2099 153 29 avenue
1154 2089 69 50 qui
1246 2089 72 39 fait
1339 2089 86 40 face

195 2172 51 28 au
267 2165 98 47 pont
397 2161 69 39 des
498 2159 262 49 Six-Routes,
785 2171 69 29 sur
873 2160 36 39 le
930 2159 87 41 côté
1046 2160 153 52 gauche
1221 2159 55 40 du
1304 2161 118 39 canal

195 2245 49 28 en
264 2237 148 36 venant
431 2232 49 40 de
512 2231 129 50 Paris,
664 2232 102 39 dans
791 2233 38 38 la
862 2232 102 39 forêt
991 2231 46 40 de
1072 2231 157 52 Bondy,
1253 2232 98 40 celle
1375 2232 50 39 de

195 2305 243 51 Compiègne
457 2309 40 35 et
515 2303 128 41 l'allée
663 2304 70 39 des
753 2303 145 40 Mulets
918 2302 128 41 située
1071 2303 23 40 à
1112 2303 238 41 l'extrémité
1373 2303 50 42 de

194 2378 38 38 la
253 2377 108 52 pièce
382 2376 116 41 d'eau
524 2376 70 40 des
614 2378 172 46 Suisses,
815 2376 91 51 près
943 2375 49 40 de
1011 2376 37 38 la
1069 2378 130 38 statue
1221 2375 53 40 du
1303 2387 121 29 cava-

195 2455 71 39 lier
286 2453 162 49 Bernin,
471 2452 99 40 dans
590 2453 36 40 le
655 2464 94 41 parc
780 2450 49 41 de
860 2451 226 40 Versailles.
1127 2453 109 38 Nous
1267 2452 158 41 l'avons

180 2527 104 51 prise
322 2526 249 51 quelquefois
607 2522 127 42 aussi,
788 2521 104 43 mais
924 2523 91 53 plus
1053 2528 217 44 rarement,
1305 2524 103 41 dans
