<?xml version="1.0" encoding="utf-8"?>
<alto SCHEMAVERSION="alto_bnf-v2_0" xmlns="http://www.loc.gov/standards/alto/ns-v3#" xmlns:xlink="http://www.w3.org/TR/xlink" xmlns:xsi="http://www.w3.org/2001/XMLSchema-instance" xsi:schemaLocation="http://www.loc.gov/standards/alto/ns-v3# http://bibnum.bnf.fr/schema/alto_bnf-v2_0.xsd">
  <Description>
    <MeasurementUnit>pixel</MeasurementUnit>
    <sourceImageInformation>
      <fileName>00000210.jp2</fileName>
      <documentIdentifier documentIdentifierLocation="IFN">9612399</documentIdentifier>
    </sourceImageInformation>
    <OCRProcessing ID="OCR_1">
      <ocrProcessingStep>
        <processingDateTime>2015-10-09</processingDateTime>
        <processingStepDescription>[001_OCR_BRUT]OCR BRUT 99.42 %</processingStepDescription>
        <processingStepDescription>[002_CHARS]{1098}</processingStepDescription>
        <processingStepDescription>[003_CHARS_USED]{1032}</processingStepDescription>
        <processingStepDescription>[004_CHARS_SUSPECTS_USED]{0}</processingStepDescription>
        <processingStepDescription>[005_CHARS_UNUSED]{66}</processingStepDescription>
        <processingStepDescription>[006_CHARS_SUSPECTS_UNUSED]{0}</processingStepDescription>
        <processingStepDescription>[007_STRINGS]{227}</processingStepDescription>
        <processingStepDescription>[008_STRINGS_USED]{227}</processingStepDescription>
        <processingStepDescription>[009_STRINGS_SUSPECTS_UNUSED]{0}</processingStepDescription>
        <processingStepDescription>[010_CHARS_LETTERS]{1032}</processingStepDescription>
        <processingStepDescription>[011_CHARS_PUNCTUATION]{59}</processingStepDescription>
        <processingStepDescription>[012_CHARS_DIGITS]{7}</processingStepDescription>
        <processingStepDescription>[013_CHARS_SUSPECT]{0}</processingStepDescription>
        <processingStepDescription>[022_CHARS_UNUSED_BY_BLOCK]{0}</processingStepDescription>
        <processingStepDescription>[023_BLOCKS_SUSPECTS]{0}</processingStepDescription>
        <processingStepDescription>[111_LIGS_DETECTED_CURV]{0}</processingStepDescription>
      </ocrProcessingStep>
    </OCRProcessing>
  </Description>
  <Styles>
    <TextStyle FONTFAMILY="Times" FONTSIZE="10" ID="TXT_3"/>
    <TextStyle FONTFAMILY="Times" FONTSIZE="9" ID="TXT_5"/>
    <TextStyle FONTFAMILY="Times" FONTSIZE="8" ID="TXT_7"/>
  </Styles>
  <Tags>
    <OtherTag ID="TAG_importantEN" LABEL="important" TYPE="EN"/>
    <OtherTag ID="TAG_important" LABEL="important"/>
  </Tags>
  <Layout>
    <Page ACCURACY="99.42" HEIGHT="3000" ID="PAG_00000210" PHYSICAL_IMG_NR="210" PRINTED_IMG_NR="204" QUALITY="OK" WIDTH="1816">
      <TopMargin HEIGHT="382" HPOS="0" ID="PAG_00000210_TopMargin" VPOS="0" WIDTH="1816">
        <TextBlock HEIGHT="45" HPOS="933" ID="PAG_00000210_TB000001" LANG="fr" STYLEREFS="TXT_3" VPOS="284" WIDTH="273">
          <TextLine HEIGHT="45" HPOS="933" ID="PAG_00000210_TL000001" STYLEREFS="TXT_3" VPOS="284" WIDTH="273">
            <String CONTENT="-" HEIGHT="13" HPOS="933" ID="PAG_00000210_ST000001" STYLEREFS="TXT_5" VPOS="306" WC="1" WIDTH="53"/>
            <SP HPOS="986" ID="PAG_00000210_SP000001" VPOS="284" WIDTH="26"/>
            <String CONTENT="204" HEIGHT="45" HPOS="1012" ID="PAG_00000210_ST000002" STYLEREFS="TXT_3" VPOS="284" WC="0.83" WIDTH="81"/>
            <SP HPOS="1093" ID="PAG_00000210_SP000002" VPOS="310" WIDTH="31"/>
            <String CONTENT="-" HEIGHT="8" HPOS="1124" ID="PAG_00000210_ST000003" STYLEREFS="TXT_3" VPOS="310" WC="1" WIDTH="52"/>
            <HYP CONTENT="-" HPOS="1176" VPOS="318" WIDTH="30"/>
          </TextLine>
        </TextBlock>
      </TopMargin>
      <PrintSpace HEIGHT="2159" HPOS="427" ID="PAG_00000210_PrintSpace" VPOS="382" WIDTH="1276">
        <TextBlock HEIGHT="478" HPOS="436" ID="PAG_00000210_TB000002" LANG="fr" STYLEREFS="TXT_5" VPOS="382" WIDTH="1267">
          <TextLine HEIGHT="58" HPOS="442" ID="PAG_00000210_TL000002" STYLEREFS="TXT_5" VPOS="382" WIDTH="1261">
            <String CONTENT="Inférieures" HEIGHT="47" HPOS="442" ID="PAG_00000210_ST000004" STYLEREFS="TXT_5" VPOS="382" WC="1" WIDTH="242"/>
            <SP HPOS="684" ID="PAG_00000210_SP000003" VPOS="392" WIDTH="30"/>
            <String CONTENT="ayant" HEIGHT="48" HPOS="714" ID="PAG_00000210_ST000005" STYLEREFS="TXT_5" VPOS="392" WC="1" WIDTH="121"/>
            <SP HPOS="835" ID="PAG_00000210_SP000004" VPOS="388" WIDTH="32"/>
            <String CONTENT="la" HEIGHT="39" HPOS="867" ID="PAG_00000210_ST000006" STYLEREFS="TXT_5" VPOS="388" WC="1" WIDTH="38"/>
            <SP HPOS="905" ID="PAG_00000210_SP000005" VPOS="386" WIDTH="29"/>
            <String CONTENT="bande" HEIGHT="42" HPOS="934" ID="PAG_00000210_ST000007" STYLEREFS="TXT_5" VPOS="386" WC="1" WIDTH="133"/>
            <SP HPOS="1067" ID="PAG_00000210_SP000006" VPOS="386" WIDTH="25"/>
            <String CONTENT="continue" HEIGHT="42" HPOS="1092" ID="PAG_00000210_ST000008" STYLEREFS="TXT_5" VPOS="386" WC="1" WIDTH="193"/>
            <SP HPOS="1285" ID="PAG_00000210_SP000007" VPOS="391" WIDTH="29"/>
            <String CONTENT="et" HEIGHT="37" HPOS="1314" ID="PAG_00000210_ST000009" STYLEREFS="TXT_5" VPOS="391" WC="1" WIDTH="39"/>
            <SP HPOS="1353" ID="PAG_00000210_SP000008" VPOS="385" WIDTH="24"/>
            <String CONTENT="fondue" HEIGHT="43" HPOS="1377" ID="PAG_00000210_ST000010" STYLEREFS="TXT_5" VPOS="385" WC="1" WIDTH="151"/>
            <SP HPOS="1528" ID="PAG_00000210_SP000009" VPOS="384" WIDTH="31"/>
            <String CONTENT="exté-" HEIGHT="43" HPOS="1559" ID="PAG_00000210_ST000011" STYLEREFS="TXT_5" SUBS_CONTENT="extérieurement." SUBS_TYPE="HypPart1" VPOS="384" WC="1" WIDTH="114"/>
            <HYP CONTENT="-" HPOS="1673" VPOS="427" WIDTH="30"/>
          </TextLine>
          <TextLine HEIGHT="54" HPOS="441" ID="PAG_00000210_TL000003" STYLEREFS="TXT_5" VPOS="458" WIDTH="1233">
            <String CONTENT="rieurement." HEIGHT="40" HPOS="441" ID="PAG_00000210_ST000012" STYLEREFS="TXT_5" SUBS_CONTENT="extérieurement." SUBS_TYPE="HypPart2" VPOS="460" WC="1" WIDTH="260"/>
            <SP HPOS="701" ID="PAG_00000210_SP000010" VPOS="461" WIDTH="24"/>
            <String CONTENT="Souvent" HEIGHT="39" HPOS="725" ID="PAG_00000210_ST000013" STYLEREFS="TXT_5" VPOS="461" WC="1" WIDTH="181"/>
            <SP HPOS="906" ID="PAG_00000210_SP000011" VPOS="471" WIDTH="20"/>
            <String CONTENT="un" HEIGHT="28" HPOS="926" ID="PAG_00000210_ST000014" STYLEREFS="TXT_5" VPOS="471" WC="1" WIDTH="57"/>
            <SP HPOS="983" ID="PAG_00000210_SP000012" VPOS="460" WIDTH="24"/>
            <String CONTENT="petit" HEIGHT="52" HPOS="1007" ID="PAG_00000210_ST000015" STYLEREFS="TXT_5" VPOS="460" WC="1" WIDTH="98"/>
            <SP HPOS="1105" ID="PAG_00000210_SP000013" VPOS="458" WIDTH="20"/>
            <String CONTENT="œil" HEIGHT="42" HPOS="1125" ID="PAG_00000210_ST000016" STYLEREFS="TXT_5" VPOS="458" WC="1" WIDTH="66"/>
            <SP HPOS="1191" ID="PAG_00000210_SP000014" VPOS="461" WIDTH="21"/>
            <String CONTENT="noir" HEIGHT="39" HPOS="1212" ID="PAG_00000210_ST000017" STYLEREFS="TXT_5" VPOS="461" WC="1" WIDTH="92"/>
            <SP HPOS="1304" ID="PAG_00000210_SP000015" VPOS="459" WIDTH="19"/>
            <String CONTENT="près" HEIGHT="52" HPOS="1323" ID="PAG_00000210_ST000018" STYLEREFS="TXT_5" VPOS="459" WC="1" WIDTH="90"/>
            <SP HPOS="1413" ID="PAG_00000210_SP000016" VPOS="459" WIDTH="32"/>
            <String CONTENT="de" HEIGHT="40" HPOS="1445" ID="PAG_00000210_ST000019" STYLEREFS="TXT_5" VPOS="459" WC="1" WIDTH="48"/>
            <SP HPOS="1493" ID="PAG_00000210_SP000017" VPOS="459" WIDTH="35"/>
            <String CONTENT="l'angle" HEIGHT="50" HPOS="1528" ID="PAG_00000210_ST000020" STYLEREFS="TXT_5" VPOS="459" WC="1" WIDTH="146"/>
          </TextLine>
          <TextLine HEIGHT="53" HPOS="439" ID="PAG_00000210_TL000004" STYLEREFS="TXT_5" VPOS="530" WIDTH="1232">
            <String CONTENT="anal." HEIGHT="40" HPOS="439" ID="PAG_00000210_ST000021" STYLEREFS="TXT_5" VPOS="531" WC="1" WIDTH="108"/>
            <SP HPOS="547" ID="PAG_00000210_SP000018" VPOS="532" WIDTH="24"/>
            <String CONTENT="Dessous" HEIGHT="39" HPOS="571" ID="PAG_00000210_ST000022" STYLEREFS="TXT_5" VPOS="532" WC="1" WIDTH="173"/>
            <SP HPOS="744" ID="PAG_00000210_SP000019" VPOS="531" WIDTH="17"/>
            <String CONTENT="des" HEIGHT="40" HPOS="761" ID="PAG_00000210_ST000023" STYLEREFS="TXT_5" VPOS="531" WC="1" WIDTH="70"/>
            <SP HPOS="831" ID="PAG_00000210_SP000020" VPOS="530" WIDTH="21"/>
            <String CONTENT="supérieures" HEIGHT="53" HPOS="852" ID="PAG_00000210_ST000024" STYLEREFS="TXT_5" VPOS="530" WC="1" WIDTH="256"/>
            <SP HPOS="1108" ID="PAG_00000210_SP000021" VPOS="531" WIDTH="29"/>
            <String CONTENT="d'un" HEIGHT="40" HPOS="1137" ID="PAG_00000210_ST000025" STYLEREFS="TXT_5" VPOS="531" WC="1" WIDTH="97"/>
            <SP HPOS="1234" ID="PAG_00000210_SP000022" VPOS="533" WIDTH="21"/>
            <String CONTENT="jaune" HEIGHT="50" HPOS="1255" ID="PAG_00000210_ST000026" STYLEREFS="TXT_5" VPOS="533" WC="1" WIDTH="127"/>
            <SP HPOS="1382" ID="PAG_00000210_SP000023" VPOS="531" WIDTH="32"/>
            <String CONTENT="d'ocre" HEIGHT="40" HPOS="1414" ID="PAG_00000210_ST000027" STYLEREFS="TXT_5" VPOS="531" WC="1" WIDTH="133"/>
            <SP HPOS="1547" ID="PAG_00000210_SP000024" VPOS="532" WIDTH="20"/>
            <String CONTENT="pâle," HEIGHT="51" HPOS="1567" ID="PAG_00000210_ST000028" STYLEREFS="TXT_5" VPOS="532" WC="1" WIDTH="104"/>
          </TextLine>
          <TextLine HEIGHT="40" HPOS="438" ID="PAG_00000210_TL000005" STYLEREFS="TXT_5" VPOS="603" WIDTH="1234">
            <String CONTENT="avec" HEIGHT="28" HPOS="438" ID="PAG_00000210_ST000029" STYLEREFS="TXT_5" VPOS="615" WC="1" WIDTH="95"/>
            <SP HPOS="533" ID="PAG_00000210_SP000025" VPOS="604" WIDTH="19"/>
            <String CONTENT="la" HEIGHT="39" HPOS="552" ID="PAG_00000210_ST000030" STYLEREFS="TXT_5" VPOS="604" WC="1" WIDTH="39"/>
            <SP HPOS="591" ID="PAG_00000210_SP000026" VPOS="603" WIDTH="19"/>
            <String CONTENT="bande" HEIGHT="40" HPOS="610" ID="PAG_00000210_ST000031" STYLEREFS="TXT_5" VPOS="603" WC="1" WIDTH="131"/>
            <SP HPOS="741" ID="PAG_00000210_SP000027" VPOS="604" WIDTH="20"/>
            <String CONTENT="continue" HEIGHT="39" HPOS="761" ID="PAG_00000210_ST000032" STYLEREFS="TXT_5" VPOS="604" WC="1" WIDTH="192"/>
            <SP HPOS="953" ID="PAG_00000210_SP000028" VPOS="606" WIDTH="21"/>
            <String CONTENT="et" HEIGHT="37" HPOS="974" ID="PAG_00000210_ST000033" STYLEREFS="TXT_5" VPOS="606" WC="1" WIDTH="39"/>
            <SP HPOS="1013" ID="PAG_00000210_SP000029" VPOS="603" WIDTH="23"/>
            <String CONTENT="des" HEIGHT="40" HPOS="1036" ID="PAG_00000210_ST000034" STYLEREFS="TXT_5" VPOS="603" WC="1" WIDTH="73"/>
            <SP HPOS="1109" ID="PAG_00000210_SP000030" VPOS="604" WIDTH="19"/>
            <String CONTENT="taches" HEIGHT="39" HPOS="1128" ID="PAG_00000210_ST000035" STYLEREFS="TXT_5" VPOS="604" WC="1" WIDTH="139"/>
            <SP HPOS="1267" ID="PAG_00000210_SP000031" VPOS="604" WIDTH="29"/>
            <String CONTENT="brunes." HEIGHT="39" HPOS="1296" ID="PAG_00000210_ST000036" STYLEREFS="TXT_5" VPOS="604" WC="1" WIDTH="165"/>
            <SP HPOS="1461" ID="PAG_00000210_SP000032" VPOS="605" WIDTH="37"/>
            <String CONTENT="Dessous" HEIGHT="38" HPOS="1498" ID="PAG_00000210_ST000037" STYLEREFS="TXT_5" VPOS="605" WC="1" WIDTH="174"/>
          </TextLine>
          <TextLine HEIGHT="52" HPOS="439" ID="PAG_00000210_TL000006" STYLEREFS="TXT_5" VPOS="674" WIDTH="1233">
            <String CONTENT="des" HEIGHT="42" HPOS="439" ID="PAG_00000210_ST000038" STYLEREFS="TXT_5" VPOS="674" WC="1" WIDTH="70"/>
            <SP HPOS="509" ID="PAG_00000210_SP000033" VPOS="675" WIDTH="18"/>
            <String CONTENT="inférieures" HEIGHT="41" HPOS="527" ID="PAG_00000210_ST000039" STYLEREFS="TXT_5" VPOS="675" WC="1" WIDTH="236"/>
            <SP HPOS="763" ID="PAG_00000210_SP000034" VPOS="687" WIDTH="14"/>
            <String CONTENT="avec" HEIGHT="29" HPOS="777" ID="PAG_00000210_ST000040" STYLEREFS="TXT_5" VPOS="687" WC="1" WIDTH="95"/>
            <SP HPOS="872" ID="PAG_00000210_SP000035" VPOS="687" WIDTH="15"/>
            <String CONTENT="avec" HEIGHT="29" HPOS="887" ID="PAG_00000210_ST000041" STYLEREFS="TXT_5" VPOS="687" WC="1" WIDTH="94"/>
            <SP HPOS="981" ID="PAG_00000210_SP000036" VPOS="675" WIDTH="21"/>
            <String CONTENT="les" HEIGHT="40" HPOS="1002" ID="PAG_00000210_ST000042" STYLEREFS="TXT_5" VPOS="675" WC="1" WIDTH="57"/>
            <SP HPOS="1059" ID="PAG_00000210_SP000037" VPOS="676" WIDTH="15"/>
            <String CONTENT="lignes" HEIGHT="50" HPOS="1074" ID="PAG_00000210_ST000043" STYLEREFS="TXT_5" VPOS="676" WC="1" WIDTH="127"/>
            <SP HPOS="1201" ID="PAG_00000210_SP000038" VPOS="676" WIDTH="21"/>
            <String CONTENT="médiane" HEIGHT="40" HPOS="1222" ID="PAG_00000210_ST000044" STYLEREFS="TXT_5" VPOS="676" WC="1" WIDTH="185"/>
            <SP HPOS="1407" ID="PAG_00000210_SP000039" VPOS="680" WIDTH="21"/>
            <String CONTENT="et" HEIGHT="36" HPOS="1428" ID="PAG_00000210_ST000045" STYLEREFS="TXT_5" VPOS="680" WC="1" WIDTH="38"/>
            <SP HPOS="1466" ID="PAG_00000210_SP000040" VPOS="676" WIDTH="18"/>
            <String CONTENT="basilaire" HEIGHT="40" HPOS="1484" ID="PAG_00000210_ST000046" STYLEREFS="TXT_5" VPOS="676" WC="1" WIDTH="188"/>
          </TextLine>
          <TextLine HEIGHT="54" HPOS="436" ID="PAG_00000210_TL000007" STYLEREFS="TXT_5" VPOS="746" WIDTH="1235">
            <String CONTENT="laissant" HEIGHT="40" HPOS="436" ID="PAG_00000210_ST000047" STYLEREFS="TXT_5" VPOS="748" WC="1" WIDTH="171"/>
            <SP HPOS="607" ID="PAG_00000210_SP000041" VPOS="751" WIDTH="20"/>
            <String CONTENT="entre" HEIGHT="37" HPOS="627" ID="PAG_00000210_ST000048" STYLEREFS="TXT_5" VPOS="751" WC="1" WIDTH="111"/>
            <SP HPOS="738" ID="PAG_00000210_SP000042" VPOS="748" WIDTH="21"/>
            <String CONTENT="elles" HEIGHT="39" HPOS="759" ID="PAG_00000210_ST000049" STYLEREFS="TXT_5" VPOS="748" WC="1" WIDTH="96"/>
            <SP HPOS="855" ID="PAG_00000210_SP000043" VPOS="758" WIDTH="21"/>
            <String CONTENT="une" HEIGHT="30" HPOS="876" ID="PAG_00000210_ST000050" STYLEREFS="TXT_5" VPOS="758" WC="1" WIDTH="79"/>
            <SP HPOS="955" ID="PAG_00000210_SP000044" VPOS="747" WIDTH="16"/>
            <String CONTENT="bande" HEIGHT="40" HPOS="971" ID="PAG_00000210_ST000051" STYLEREFS="TXT_5" VPOS="747" WC="1" WIDTH="130"/>
            <SP HPOS="1101" ID="PAG_00000210_SP000045" VPOS="746" WIDTH="17"/>
            <String CONTENT="brune" HEIGHT="42" HPOS="1118" ID="PAG_00000210_ST000052" STYLEREFS="TXT_5" VPOS="746" WC="1" WIDTH="129"/>
            <SP HPOS="1247" ID="PAG_00000210_SP000046" VPOS="749" WIDTH="26"/>
            <String CONTENT="interrompue" HEIGHT="51" HPOS="1273" ID="PAG_00000210_ST000053" STYLEREFS="TXT_5" VPOS="749" WC="1" WIDTH="276"/>
            <SP HPOS="1549" ID="PAG_00000210_SP000047" VPOS="747" WIDTH="20"/>
            <String CONTENT="dans" HEIGHT="41" HPOS="1569" ID="PAG_00000210_ST000054" STYLEREFS="TXT_5" VPOS="747" WC="1" WIDTH="102"/>
          </TextLine>
          <TextLine HEIGHT="43" HPOS="437" ID="PAG_00000210_TL000008" STYLEREFS="TXT_5" VPOS="817" WIDTH="215">
            <String CONTENT="la" HEIGHT="42" HPOS="437" ID="PAG_00000210_ST000055" STYLEREFS="TXT_5" VPOS="817" WC="1" WIDTH="38"/>
            <SP HPOS="475" ID="PAG_00000210_SP000048" VPOS="819" WIDTH="20"/>
            <String CONTENT="cellule." HEIGHT="41" HPOS="495" ID="PAG_00000210_ST000056" STYLEREFS="TXT_5" VPOS="819" WC="1" WIDTH="157"/>
          </TextLine>
        </TextBlock>
        <TextBlock HEIGHT="127" HPOS="435" ID="PAG_00000210_TB000003" LANG="fr" STYLEREFS="TXT_5" VPOS="889" WIDTH="1232">
          <TextLine HEIGHT="55" HPOS="498" ID="PAG_00000210_TL000009" STYLEREFS="TXT_5" VPOS="889" WIDTH="1169">
            <String CONTENT="9" HEIGHT="55" HPOS="498" ID="PAG_00000210_ST000057" STYLEREFS="TXT_5" VPOS="889" WC="1" WIDTH="34"/>
            <SP HPOS="532" ID="PAG_00000210_SP000049" VPOS="891" WIDTH="30"/>
            <String CONTENT="Plus" HEIGHT="39" HPOS="562" ID="PAG_00000210_ST000058" STYLEREFS="TXT_5" TAGREFS="TAG_important" VPOS="891" WC="1" WIDTH="95"/>
            <SP HPOS="657" ID="PAG_00000210_SP000050" VPOS="890" WIDTH="20"/>
            <String CONTENT="grande," HEIGHT="51" HPOS="677" ID="PAG_00000210_ST000059" STYLEREFS="TXT_5" VPOS="890" WC="1" WIDTH="167"/>
            <SP HPOS="844" ID="PAG_00000210_SP000051" VPOS="902" WIDTH="22"/>
            <String CONTENT="avec" HEIGHT="30" HPOS="866" ID="PAG_00000210_ST000060" STYLEREFS="TXT_5" VPOS="902" WC="1" WIDTH="95"/>
            <SP HPOS="961" ID="PAG_00000210_SP000052" VPOS="891" WIDTH="20"/>
            <String CONTENT="les" HEIGHT="40" HPOS="981" ID="PAG_00000210_ST000061" STYLEREFS="TXT_5" VPOS="891" WC="1" WIDTH="58"/>
            <SP HPOS="1039" ID="PAG_00000210_SP000053" VPOS="890" WIDTH="16"/>
            <String CONTENT="bandes" HEIGHT="43" HPOS="1055" ID="PAG_00000210_ST000062" STYLEREFS="TXT_5" VPOS="890" WC="1" WIDTH="157"/>
            <SP HPOS="1212" ID="PAG_00000210_SP000054" VPOS="890" WIDTH="19"/>
            <String CONTENT="plus" HEIGHT="54" HPOS="1231" ID="PAG_00000210_ST000063" STYLEREFS="TXT_5" VPOS="890" WC="1" WIDTH="91"/>
            <SP HPOS="1322" ID="PAG_00000210_SP000055" VPOS="892" WIDTH="15"/>
            <String CONTENT="larges" HEIGHT="50" HPOS="1337" ID="PAG_00000210_ST000064" STYLEREFS="TXT_5" VPOS="892" WC="1" WIDTH="131"/>
            <SP HPOS="1468" ID="PAG_00000210_SP000056" VPOS="895" WIDTH="18"/>
            <String CONTENT="et" HEIGHT="36" HPOS="1486" ID="PAG_00000210_ST000065" STYLEREFS="TXT_5" VPOS="895" WC="1" WIDTH="38"/>
            <SP HPOS="1524" ID="PAG_00000210_SP000057" VPOS="892" WIDTH="10"/>
            <String CONTENT="mieux" HEIGHT="40" HPOS="1534" ID="PAG_00000210_ST000066" STYLEREFS="TXT_5" VPOS="892" WC="1" WIDTH="133"/>
          </TextLine>
          <TextLine HEIGHT="53" HPOS="435" ID="PAG_00000210_TL000010" STYLEREFS="TXT_5" VPOS="963" WIDTH="596">
            <String CONTENT="arrêtée." HEIGHT="41" HPOS="435" ID="PAG_00000210_ST000067" STYLEREFS="TXT_5" VPOS="963" WC="1" WIDTH="168"/>
            <SP HPOS="603" ID="PAG_00000210_SP000058" VPOS="965" WIDTH="19"/>
            <String CONTENT="Dessnus" HEIGHT="39" HPOS="622" ID="PAG_00000210_ST000068" STYLEREFS="TXT_5" VPOS="965" WC="0.99" WIDTH="177"/>
            <SP HPOS="799" ID="PAG_00000210_SP000059" VPOS="964" WIDTH="19"/>
            <String CONTENT="plus" HEIGHT="52" HPOS="818" ID="PAG_00000210_ST000069" STYLEREFS="TXT_5" VPOS="964" WC="1" WIDTH="91"/>
            <SP HPOS="909" ID="PAG_00000210_SP000060" VPOS="964" WIDTH="17"/>
            <String CONTENT="pâle." HEIGHT="52" HPOS="926" ID="PAG_00000210_ST000070" STYLEREFS="TXT_5" VPOS="964" WC="1" WIDTH="105"/>
          </TextLine>
        </TextBlock>
        <TextBlock HEIGHT="187" HPOS="434" ID="PAG_00000210_TB000004" LANG="fr" STYLEREFS="TXT_5" VPOS="1028" WIDTH="1264">
          <TextLine HEIGHT="55" HPOS="489" ID="PAG_00000210_TL000011" STYLEREFS="TXT_5" VPOS="1028" WIDTH="1209">
            <String CONTENT="Commun" HEIGHT="40" HPOS="489" ID="PAG_00000210_ST000071" STYLEREFS="TXT_5" VPOS="1030" WC="1" WIDTH="202"/>
            <SP HPOS="691" ID="PAG_00000210_SP000061" VPOS="1029" WIDTH="20"/>
            <String CONTENT="dans" HEIGHT="42" HPOS="711" ID="PAG_00000210_ST000072" STYLEREFS="TXT_5" VPOS="1029" WC="1" WIDTH="103"/>
            <SP HPOS="814" ID="PAG_00000210_SP000062" VPOS="1041" WIDTH="20"/>
            <String CONTENT="presque" HEIGHT="42" HPOS="834" ID="PAG_00000210_ST000073" STYLEREFS="TXT_5" VPOS="1041" WC="1" WIDTH="174"/>
            <SP HPOS="1008" ID="PAG_00000210_SP000063" VPOS="1034" WIDTH="21"/>
            <String CONTENT="toute" HEIGHT="38" HPOS="1029" ID="PAG_00000210_ST000074" STYLEREFS="TXT_5" VPOS="1034" WC="1" WIDTH="112"/>
            <SP HPOS="1141" ID="PAG_00000210_SP000064" VPOS="1032" WIDTH="16"/>
            <String CONTENT="la" HEIGHT="39" HPOS="1157" ID="PAG_00000210_ST000075" STYLEREFS="TXT_5" VPOS="1032" WC="1" WIDTH="38"/>
            <SP HPOS="1195" ID="PAG_00000210_SP000065" VPOS="1031" WIDTH="16"/>
            <String CONTENT="France" HEIGHT="40" HPOS="1211" ID="PAG_00000210_ST000076" STYLEREFS="TXT_5" TAGREFS="TAG_importantEN" VPOS="1031" WC="1" WIDTH="154"/>
            <SP HPOS="1365" ID="PAG_00000210_SP000066" VPOS="1028" WIDTH="21"/>
            <String CONTENT="dans" HEIGHT="42" HPOS="1386" ID="PAG_00000210_ST000077" STYLEREFS="TXT_5" VPOS="1028" WC="1" WIDTH="101"/>
            <SP HPOS="1487" ID="PAG_00000210_SP000067" VPOS="1028" WIDTH="21"/>
            <String CONTENT="les" HEIGHT="42" HPOS="1508" ID="PAG_00000210_ST000078" STYLEREFS="TXT_5" VPOS="1028" WC="1" WIDTH="58"/>
            <SP HPOS="1566" ID="PAG_00000210_SP000068" VPOS="1041" WIDTH="27"/>
            <String CONTENT="en-" HEIGHT="29" HPOS="1593" ID="PAG_00000210_ST000079" STYLEREFS="TXT_5" SUBS_CONTENT="endroits" SUBS_TYPE="HypPart1" VPOS="1041" WC="1" WIDTH="75"/>
            <HYP CONTENT="-" HPOS="1668" VPOS="1070" WIDTH="30"/>
          </TextLine>
          <TextLine HEIGHT="54" HPOS="434" ID="PAG_00000210_TL000012" STYLEREFS="TXT_5" VPOS="1100" WIDTH="1264">
            <String CONTENT="droits" HEIGHT="42" HPOS="434" ID="PAG_00000210_ST000080" STYLEREFS="TXT_5" SUBS_CONTENT="endroits" SUBS_TYPE="HypPart2" VPOS="1100" WC="1" WIDTH="126"/>
            <SP HPOS="560" ID="PAG_00000210_SP000069" VPOS="1101" WIDTH="19"/>
            <String CONTENT="arides" HEIGHT="41" HPOS="579" ID="PAG_00000210_ST000081" STYLEREFS="TXT_5" VPOS="1101" WC="1" WIDTH="134"/>
            <SP HPOS="713" ID="PAG_00000210_SP000070" VPOS="1105" WIDTH="19"/>
            <String CONTENT="et" HEIGHT="37" HPOS="732" ID="PAG_00000210_ST000082" STYLEREFS="TXT_5" VPOS="1105" WC="1" WIDTH="39"/>
            <SP HPOS="771" ID="PAG_00000210_SP000071" VPOS="1103" WIDTH="20"/>
            <String CONTENT="pierreux," HEIGHT="51" HPOS="791" ID="PAG_00000210_ST000083" STYLEREFS="TXT_5" VPOS="1103" WC="1" WIDTH="202"/>
            <SP HPOS="993" ID="PAG_00000210_SP000072" VPOS="1102" WIDTH="17"/>
            <String CONTENT="il" HEIGHT="41" HPOS="1010" ID="PAG_00000210_ST000084" STYLEREFS="TXT_5" VPOS="1102" WC="1" WIDTH="26"/>
            <SP HPOS="1036" ID="PAG_00000210_SP000073" VPOS="1107" WIDTH="19"/>
            <String CONTENT="est" HEIGHT="37" HPOS="1055" ID="PAG_00000210_ST000085" STYLEREFS="TXT_5" VPOS="1107" WC="1" WIDTH="61"/>
            <SP HPOS="1116" ID="PAG_00000210_SP000074" VPOS="1113" WIDTH="21"/>
            <String CONTENT="commun" HEIGHT="30" HPOS="1137" ID="PAG_00000210_ST000086" STYLEREFS="TXT_5" VPOS="1113" WC="1" WIDTH="193"/>
            <SP HPOS="1330" ID="PAG_00000210_SP000075" VPOS="1102" WIDTH="20"/>
            <String CONTENT="à" HEIGHT="39" HPOS="1350" ID="PAG_00000210_ST000087" STYLEREFS="TXT_5" VPOS="1102" WC="1" WIDTH="24"/>
            <SP HPOS="1374" ID="PAG_00000210_SP000076" VPOS="1101" WIDTH="18"/>
            <String CONTENT="Lardy." HEIGHT="52" HPOS="1392" ID="PAG_00000210_ST000088" STYLEREFS="TXT_5" TAGREFS="TAG_importantEN" VPOS="1101" WC="1" WIDTH="145"/>
            <SP HPOS="1537" ID="PAG_00000210_SP000077" VPOS="1101" WIDTH="26"/>
            <String CONTENT="Juil-" HEIGHT="40" HPOS="1563" ID="PAG_00000210_ST000089" STYLEREFS="TXT_5" SUBS_CONTENT="Juillet" SUBS_TYPE="HypPart1" VPOS="1101" WC="1" WIDTH="105"/>
            <HYP CONTENT="-" HPOS="1668" VPOS="1141" WIDTH="30"/>
          </TextLine>
          <TextLine HEIGHT="41" HPOS="434" ID="PAG_00000210_TL000013" STYLEREFS="TXT_5" VPOS="1174" WIDTH="242">
            <String CONTENT="let" HEIGHT="41" HPOS="434" ID="PAG_00000210_ST000090" STYLEREFS="TXT_5" SUBS_CONTENT="Juillet" SUBS_TYPE="HypPart2" VPOS="1174" WC="1" WIDTH="54"/>
            <SP HPOS="488" ID="PAG_00000210_SP000078" VPOS="1177" WIDTH="19"/>
            <String CONTENT="et" HEIGHT="38" HPOS="507" ID="PAG_00000210_ST000091" STYLEREFS="TXT_5" VPOS="1177" WC="1" WIDTH="39"/>
            <SP HPOS="546" ID="PAG_00000210_SP000079" VPOS="1176" WIDTH="19"/>
            <String CONTENT="août." HEIGHT="39" HPOS="565" ID="PAG_00000210_ST000092" STYLEREFS="TXT_5" VPOS="1176" WC="1" WIDTH="111"/>
          </TextLine>
        </TextBlock>
        <TextBlock HEIGHT="57" HPOS="432" ID="PAG_00000210_TB000005" LANG="fr" STYLEREFS="TXT_5" VPOS="1269" WIDTH="435">
          <TextLine HEIGHT="57" HPOS="432" ID="PAG_00000210_TL000014" STYLEREFS="TXT_5" VPOS="1269" WIDTH="435">
            <String CONTENT="AB-9" HEIGHT="57" HPOS="432" ID="PAG_00000210_ST000093" STYLEREFS="TXT_5" VPOS="1269" WC="0.76" WIDTH="122"/>
            <SP HPOS="554" ID="PAG_00000210_SP000080" VPOS="1270" WIDTH="39"/>
            <String CONTENT="Pirata," HEIGHT="52" HPOS="593" ID="PAG_00000210_ST000094" STYLEREFS="TXT_5" TAGREFS="TAG_importantEN" VPOS="1270" WC="1" WIDTH="161"/>
            <SP HPOS="754" ID="PAG_00000210_SP000081" VPOS="1272" WIDTH="17"/>
            <String CONTENT="Esp." HEIGHT="52" HPOS="771" ID="PAG_00000210_ST000095" STYLEREFS="TXT_5" TAGREFS="TAG_important" VPOS="1272" WC="1" WIDTH="96"/>
          </TextLine>
        </TextBlock>
        <TextBlock HEIGHT="197" HPOS="431" ID="PAG_00000210_TB000006" LANG="fr" STYLEREFS="TXT_5" VPOS="1366" WIDTH="1264">
          <TextLine HEIGHT="55" HPOS="486" ID="PAG_00000210_TL000015" STYLEREFS="TXT_5" VPOS="1366" WIDTH="1178">
            <String CONTENT="Diffère" HEIGHT="42" HPOS="486" ID="PAG_00000210_ST000096" STYLEREFS="TXT_5" VPOS="1367" WC="1" WIDTH="146"/>
            <SP HPOS="632" ID="PAG_00000210_SP000082" VPOS="1367" WIDTH="21"/>
            <String CONTENT="de" HEIGHT="41" HPOS="653" ID="PAG_00000210_ST000097" STYLEREFS="TXT_5" VPOS="1367" WC="1" WIDTH="49"/>
            <SP HPOS="702" ID="PAG_00000210_SP000083" VPOS="1368" WIDTH="21"/>
            <String CONTENT="Briseis" HEIGHT="41" HPOS="723" ID="PAG_00000210_ST000098" STYLEREFS="TXT_5" TAGREFS="TAG_important" VPOS="1368" WC="1" WIDTH="150"/>
            <SP HPOS="873" ID="PAG_00000210_SP000084" VPOS="1379" WIDTH="17"/>
            <String CONTENT="par" HEIGHT="42" HPOS="890" ID="PAG_00000210_ST000099" STYLEREFS="TXT_5" VPOS="1379" WC="1" WIDTH="74"/>
            <SP HPOS="964" ID="PAG_00000210_SP000085" VPOS="1380" WIDTH="36"/>
            <String CONTENT="un" HEIGHT="28" HPOS="1000" ID="PAG_00000210_ST000100" STYLEREFS="TXT_5" VPOS="1380" WC="1" WIDTH="57"/>
            <SP HPOS="1057" ID="PAG_00000210_SP000086" VPOS="1371" WIDTH="35"/>
            <String CONTENT="ton" HEIGHT="37" HPOS="1092" ID="PAG_00000210_ST000101" STYLEREFS="TXT_5" VPOS="1371" WC="1" WIDTH="69"/>
            <SP HPOS="1161" ID="PAG_00000210_SP000087" VPOS="1368" WIDTH="39"/>
            <String CONTENT="plus" HEIGHT="53" HPOS="1200" ID="PAG_00000210_ST000102" STYLEREFS="TXT_5" VPOS="1368" WC="1" WIDTH="92"/>
            <SP HPOS="1292" ID="PAG_00000210_SP000088" VPOS="1366" WIDTH="34"/>
            <String CONTENT="chaud," HEIGHT="50" HPOS="1326" ID="PAG_00000210_ST000103" STYLEREFS="TXT_5" VPOS="1366" WC="1" WIDTH="149"/>
            <SP HPOS="1475" ID="PAG_00000210_SP000089" VPOS="1378" WIDTH="36"/>
            <String CONTENT="par" HEIGHT="42" HPOS="1511" ID="PAG_00000210_ST000104" STYLEREFS="TXT_5" VPOS="1378" WC="1" WIDTH="72"/>
            <SP HPOS="1583" ID="PAG_00000210_SP000090" VPOS="1377" WIDTH="37"/>
            <String CONTENT="sa" HEIGHT="30" HPOS="1620" ID="PAG_00000210_ST000105" STYLEREFS="TXT_5" VPOS="1377" WC="1" WIDTH="44"/>
          </TextLine>
          <TextLine HEIGHT="53" HPOS="432" ID="PAG_00000210_TL000016" STYLEREFS="TXT_5" VPOS="1439" WIDTH="1263">
            <String CONTENT="bande" HEIGHT="41" HPOS="432" ID="PAG_00000210_ST000106" STYLEREFS="TXT_5" VPOS="1439" WC="1" WIDTH="132"/>
            <SP HPOS="564" ID="PAG_00000210_SP000091" VPOS="1439" WIDTH="19"/>
            <String CONTENT="d'un" HEIGHT="41" HPOS="583" ID="PAG_00000210_ST000107" STYLEREFS="TXT_5" VPOS="1439" WC="1" WIDTH="98"/>
            <SP HPOS="681" ID="PAG_00000210_SP000092" VPOS="1441" WIDTH="13"/>
            <String CONTENT="jaune" HEIGHT="51" HPOS="694" ID="PAG_00000210_ST000108" STYLEREFS="TXT_5" VPOS="1441" WC="1" WIDTH="127"/>
            <SP HPOS="821" ID="PAG_00000210_SP000093" VPOS="1439" WIDTH="15"/>
            <String CONTENT="d'ocre" HEIGHT="41" HPOS="836" ID="PAG_00000210_ST000109" STYLEREFS="TXT_5" VPOS="1439" WC="1" WIDTH="136"/>
            <SP HPOS="972" ID="PAG_00000210_SP000094" VPOS="1440" WIDTH="17"/>
            <String CONTENT="foncé" HEIGHT="41" HPOS="989" ID="PAG_00000210_ST000110" STYLEREFS="TXT_5" VPOS="1440" WC="1" WIDTH="117"/>
            <SP HPOS="1106" ID="PAG_00000210_SP000095" VPOS="1440" WIDTH="19"/>
            <String CONTENT="de" HEIGHT="40" HPOS="1125" ID="PAG_00000210_ST000111" STYLEREFS="TXT_5" VPOS="1440" WC="1" WIDTH="49"/>
            <SP HPOS="1174" ID="PAG_00000210_SP000096" VPOS="1444" WIDTH="19"/>
            <String CONTENT="part" HEIGHT="48" HPOS="1193" ID="PAG_00000210_ST000112" STYLEREFS="TXT_5" VPOS="1444" WC="1" WIDTH="91"/>
            <SP HPOS="1284" ID="PAG_00000210_SP000097" VPOS="1444" WIDTH="19"/>
            <String CONTENT="et" HEIGHT="36" HPOS="1303" ID="PAG_00000210_ST000113" STYLEREFS="TXT_5" VPOS="1444" WC="1" WIDTH="39"/>
            <SP HPOS="1342" ID="PAG_00000210_SP000098" VPOS="1439" WIDTH="18"/>
            <String CONTENT="d'autre." HEIGHT="41" HPOS="1360" ID="PAG_00000210_ST000114" STYLEREFS="TXT_5" VPOS="1439" WC="1" WIDTH="172"/>
            <SP HPOS="1532" ID="PAG_00000210_SP000099" VPOS="1439" WIDTH="31"/>
            <String CONTENT="Des-" HEIGHT="41" HPOS="1563" ID="PAG_00000210_ST000115" STYLEREFS="TXT_5" SUBS_CONTENT="Dessous" SUBS_TYPE="HypPart1" VPOS="1439" WC="1" WIDTH="102"/>
            <HYP CONTENT="-" HPOS="1665" VPOS="1480" WIDTH="30"/>
          </TextLine>
          <TextLine HEIGHT="52" HPOS="431" ID="PAG_00000210_TL000017" STYLEREFS="TXT_5" VPOS="1511" WIDTH="838">
            <String CONTENT="sous" HEIGHT="29" HPOS="431" ID="PAG_00000210_ST000116" STYLEREFS="TXT_5" SUBS_CONTENT="Dessous" SUBS_TYPE="HypPart2" VPOS="1524" WC="1" WIDTH="98"/>
            <SP HPOS="529" ID="PAG_00000210_SP000100" VPOS="1512" WIDTH="17"/>
            <String CONTENT="des" HEIGHT="41" HPOS="546" ID="PAG_00000210_ST000117" STYLEREFS="TXT_5" VPOS="1512" WC="1" WIDTH="70"/>
            <SP HPOS="616" ID="PAG_00000210_SP000101" VPOS="1512" WIDTH="15"/>
            <String CONTENT="inférieures" HEIGHT="40" HPOS="631" ID="PAG_00000210_ST000118" STYLEREFS="TXT_5" VPOS="1512" WC="1" WIDTH="239"/>
            <SP HPOS="870" ID="PAG_00000210_SP000102" VPOS="1512" WIDTH="20"/>
            <String CONTENT="d'un" HEIGHT="40" HPOS="890" ID="PAG_00000210_ST000119" STYLEREFS="TXT_5" VPOS="1512" WC="1" WIDTH="99"/>
            <SP HPOS="989" ID="PAG_00000210_SP000103" VPOS="1513" WIDTH="17"/>
            <String CONTENT="gris" HEIGHT="50" HPOS="1006" ID="PAG_00000210_ST000120" STYLEREFS="TXT_5" VPOS="1513" WC="1" WIDTH="82"/>
            <SP HPOS="1088" ID="PAG_00000210_SP000104" VPOS="1511" WIDTH="18"/>
            <String CONTENT="cendré." HEIGHT="43" HPOS="1106" ID="PAG_00000210_ST000121" STYLEREFS="TXT_5" VPOS="1511" WC="1" WIDTH="163"/>
          </TextLine>
        </TextBlock>
        <TextBlock HEIGHT="127" HPOS="431" ID="PAG_00000210_TB000007" LANG="fr" STYLEREFS="TXT_5" VPOS="1584" WIDTH="1232">
          <TextLine HEIGHT="54" HPOS="484" ID="PAG_00000210_TL000018" STYLEREFS="TXT_5" VPOS="1584" WIDTH="1179">
            <String CONTENT="France" HEIGHT="41" HPOS="484" ID="PAG_00000210_ST000122" STYLEREFS="TXT_5" TAGREFS="TAG_importantEN" VPOS="1585" WC="1" WIDTH="153"/>
            <SP HPOS="637" ID="PAG_00000210_SP000105" VPOS="1584" WIDTH="28"/>
            <String CONTENT="méridionale," HEIGHT="50" HPOS="665" ID="PAG_00000210_ST000123" STYLEREFS="TXT_5" TAGREFS="TAG_importantEN" VPOS="1584" WC="1" WIDTH="281"/>
            <SP HPOS="946" ID="PAG_00000210_SP000106" VPOS="1584" WIDTH="24"/>
            <String CONTENT="Montpellier." HEIGHT="53" HPOS="970" ID="PAG_00000210_ST000124" STYLEREFS="TXT_5" TAGREFS="TAG_importantEN" VPOS="1584" WC="1" WIDTH="264"/>
            <SP HPOS="1234" ID="PAG_00000210_SP000107" VPOS="1586" WIDTH="29"/>
            <String CONTENT="En" HEIGHT="39" HPOS="1263" ID="PAG_00000210_ST000125" STYLEREFS="TXT_5" VPOS="1586" WC="1" WIDTH="60"/>
            <SP HPOS="1323" ID="PAG_00000210_SP000108" VPOS="1584" WIDTH="14"/>
            <String CONTENT="juillet" HEIGHT="54" HPOS="1337" ID="PAG_00000210_ST000126" STYLEREFS="TXT_5" VPOS="1584" WC="0.99" WIDTH="133"/>
            <SP HPOS="1470" ID="PAG_00000210_SP000109" VPOS="1588" WIDTH="19"/>
            <String CONTENT="et" HEIGHT="37" HPOS="1489" ID="PAG_00000210_ST000127" STYLEREFS="TXT_5" VPOS="1588" WC="1" WIDTH="39"/>
            <SP HPOS="1528" ID="PAG_00000210_SP000110" VPOS="1587" WIDTH="23"/>
            <String CONTENT="août," HEIGHT="48" HPOS="1551" ID="PAG_00000210_ST000128" STYLEREFS="TXT_5" VPOS="1587" WC="0.97" WIDTH="112"/>
          </TextLine>
          <TextLine HEIGHT="43" HPOS="431" ID="PAG_00000210_TL000019" STYLEREFS="TXT_5" VPOS="1668" WIDTH="198">
            <String CONTENT="pas" HEIGHT="42" HPOS="431" ID="PAG_00000210_ST000129" STYLEREFS="TXT_5" VPOS="1669" WC="1" WIDTH="71"/>
            <SP HPOS="502" ID="PAG_00000210_SP000111" VPOS="1668" WIDTH="21"/>
            <String CONTENT="rare." HEIGHT="29" HPOS="523" ID="PAG_00000210_ST000130" STYLEREFS="TXT_5" VPOS="1668" WC="1" WIDTH="106"/>
          </TextLine>
        </TextBlock>
        <TextBlock HEIGHT="50" HPOS="430" ID="PAG_00000210_TB000008" LANG="fr" STYLEREFS="TXT_5" VPOS="1746" WIDTH="381">
          <TextLine HEIGHT="50" HPOS="430" ID="PAG_00000210_TL000020" STYLEREFS="TXT_5" VPOS="1746" WIDTH="381">
            <String CONTENT="SEMELE," HEIGHT="47" HPOS="430" ID="PAG_00000210_ST000131" STYLEREFS="TXT_7" VPOS="1749" WC="1" WIDTH="187"/>
            <SP HPOS="617" ID="PAG_00000210_SP000112" VPOS="1748" WIDTH="23"/>
            <String CONTENT="L." HEIGHT="39" HPOS="640" ID="PAG_00000210_ST000132" STYLEREFS="TXT_5" VPOS="1748" WC="1" WIDTH="44"/>
            <SP HPOS="684" ID="PAG_00000210_SP000113" VPOS="1746" WIDTH="25"/>
            <String CONTENT="God." HEIGHT="43" HPOS="709" ID="PAG_00000210_ST000133" STYLEREFS="TXT_5" VPOS="1746" WC="1" WIDTH="102"/>
          </TextLine>
        </TextBlock>
        <TextBlock HEIGHT="704" HPOS="427" ID="PAG_00000210_TB000009" LANG="fr" STYLEREFS="TXT_5" VPOS="1837" WIDTH="1264">
          <TextLine HEIGHT="53" HPOS="484" ID="PAG_00000210_TL000021" STYLEREFS="TXT_5" VPOS="1837" WIDTH="1178">
            <String CONTENT="48m." HEIGHT="40" HPOS="484" ID="PAG_00000210_ST000134" STYLEREFS="TXT_5" VPOS="1838" WC="0.90" WIDTH="95"/>
            <SP HPOS="579" ID="PAG_00000210_SP000114" VPOS="1837" WIDTH="22"/>
            <String CONTENT="Ailes" HEIGHT="42" HPOS="601" ID="PAG_00000210_ST000135" STYLEREFS="TXT_5" VPOS="1837" WC="1" WIDTH="110"/>
            <SP HPOS="711" ID="PAG_00000210_SP000115" VPOS="1838" WIDTH="24"/>
            <String CONTENT="d'un" HEIGHT="40" HPOS="735" ID="PAG_00000210_ST000136" STYLEREFS="TXT_5" VPOS="1838" WC="1" WIDTH="98"/>
            <SP HPOS="833" ID="PAG_00000210_SP000116" VPOS="1838" WIDTH="19"/>
            <String CONTENT="brun" HEIGHT="41" HPOS="852" ID="PAG_00000210_ST000137" STYLEREFS="TXT_5" VPOS="1838" WC="1" WIDTH="105"/>
            <SP HPOS="957" ID="PAG_00000210_SP000117" VPOS="1839" WIDTH="16"/>
            <String CONTENT="jaunâtre," HEIGHT="51" HPOS="973" ID="PAG_00000210_ST000138" STYLEREFS="TXT_5" VPOS="1839" WC="1" WIDTH="207"/>
            <SP HPOS="1180" ID="PAG_00000210_SP000118" VPOS="1850" WIDTH="23"/>
            <String CONTENT="avec" HEIGHT="29" HPOS="1203" ID="PAG_00000210_ST000139" STYLEREFS="TXT_5" VPOS="1850" WC="1" WIDTH="96"/>
            <SP HPOS="1299" ID="PAG_00000210_SP000119" VPOS="1838" WIDTH="21"/>
            <String CONTENT="le" HEIGHT="40" HPOS="1320" ID="PAG_00000210_ST000140" STYLEREFS="TXT_5" VPOS="1838" WC="1" WIDTH="35"/>
            <SP HPOS="1355" ID="PAG_00000210_SP000120" VPOS="1837" WIDTH="19"/>
            <String CONTENT="bord" HEIGHT="41" HPOS="1374" ID="PAG_00000210_ST000141" STYLEREFS="TXT_5" VPOS="1837" WC="1" WIDTH="100"/>
            <SP HPOS="1474" ID="PAG_00000210_SP000121" VPOS="1841" WIDTH="27"/>
            <String CONTENT="externe" HEIGHT="37" HPOS="1501" ID="PAG_00000210_ST000142" STYLEREFS="TXT_5" VPOS="1841" WC="1" WIDTH="161"/>
          </TextLine>
          <TextLine HEIGHT="54" HPOS="429" ID="PAG_00000210_TL000022" STYLEREFS="TXT_5" VPOS="1909" WIDTH="1233">
            <String CONTENT="noirâtre," HEIGHT="49" HPOS="429" ID="PAG_00000210_ST000143" STYLEREFS="TXT_5" VPOS="1910" WC="1" WIDTH="192"/>
            <SP HPOS="621" ID="PAG_00000210_SP000122" VPOS="1914" WIDTH="23"/>
            <String CONTENT="et" HEIGHT="36" HPOS="644" ID="PAG_00000210_ST000144" STYLEREFS="TXT_5" VPOS="1914" WC="1" WIDTH="38"/>
            <SP HPOS="682" ID="PAG_00000210_SP000123" VPOS="1922" WIDTH="18"/>
            <String CONTENT="une" HEIGHT="29" HPOS="700" ID="PAG_00000210_ST000145" STYLEREFS="TXT_5" VPOS="1922" WC="1" WIDTH="81"/>
            <SP HPOS="781" ID="PAG_00000210_SP000124" VPOS="1909" WIDTH="13"/>
            <String CONTENT="bande" HEIGHT="42" HPOS="794" ID="PAG_00000210_ST000146" STYLEREFS="TXT_5" VPOS="1909" WC="1" WIDTH="132"/>
            <SP HPOS="926" ID="PAG_00000210_SP000125" VPOS="1911" WIDTH="19"/>
            <String CONTENT="large" HEIGHT="50" HPOS="945" ID="PAG_00000210_ST000147" STYLEREFS="TXT_5" VPOS="1911" WC="1" WIDTH="110"/>
            <SP HPOS="1055" ID="PAG_00000210_SP000126" VPOS="1922" WIDTH="17"/>
            <String CONTENT="peu" HEIGHT="41" HPOS="1072" ID="PAG_00000210_ST000148" STYLEREFS="TXT_5" VPOS="1922" WC="1" WIDTH="76"/>
            <SP HPOS="1148" ID="PAG_00000210_SP000127" VPOS="1910" WIDTH="20"/>
            <String CONTENT="prononcée," HEIGHT="53" HPOS="1168" ID="PAG_00000210_ST000149" STYLEREFS="TXT_5" VPOS="1910" WC="1" WIDTH="247"/>
            <SP HPOS="1415" ID="PAG_00000210_SP000128" VPOS="1909" WIDTH="26"/>
            <String CONTENT="formée" HEIGHT="40" HPOS="1441" ID="PAG_00000210_ST000150" STYLEREFS="TXT_5" VPOS="1909" WC="1" WIDTH="151"/>
            <SP HPOS="1592" ID="PAG_00000210_SP000129" VPOS="1909" WIDTH="21"/>
            <String CONTENT="de" HEIGHT="41" HPOS="1613" ID="PAG_00000210_ST000151" STYLEREFS="TXT_5" VPOS="1909" WC="1" WIDTH="49"/>
          </TextLine>
          <TextLine HEIGHT="53" HPOS="429" ID="PAG_00000210_TL000023" STYLEREFS="TXT_5" VPOS="1981" WIDTH="1232">
            <String CONTENT="taches" HEIGHT="41" HPOS="429" ID="PAG_00000210_ST000152" STYLEREFS="TXT_5" VPOS="1982" WC="1" WIDTH="140"/>
            <SP HPOS="569" ID="PAG_00000210_SP000130" VPOS="1983" WIDTH="20"/>
            <String CONTENT="fauves," HEIGHT="48" HPOS="589" ID="PAG_00000210_ST000153" STYLEREFS="TXT_5" VPOS="1983" WC="1" WIDTH="158"/>
            <SP HPOS="747" ID="PAG_00000210_SP000131" VPOS="1982" WIDTH="19"/>
            <String CONTENT="oblongues," HEIGHT="51" HPOS="766" ID="PAG_00000210_ST000154" STYLEREFS="TXT_5" VPOS="1982" WC="1" WIDTH="241"/>
            <SP HPOS="1007" ID="PAG_00000210_SP000132" VPOS="1994" WIDTH="22"/>
            <String CONTENT="sur" HEIGHT="29" HPOS="1029" ID="PAG_00000210_ST000155" STYLEREFS="TXT_5" VPOS="1994" WC="1" WIDTH="70"/>
            <SP HPOS="1099" ID="PAG_00000210_SP000133" VPOS="1982" WIDTH="26"/>
            <String CONTENT="laquelle" HEIGHT="52" HPOS="1125" ID="PAG_00000210_ST000156" STYLEREFS="TXT_5" VPOS="1982" WC="1" WIDTH="175"/>
            <SP HPOS="1300" ID="PAG_00000210_SP000134" VPOS="1986" WIDTH="23"/>
            <String CONTENT="sont" HEIGHT="36" HPOS="1323" ID="PAG_00000210_ST000157" STYLEREFS="TXT_5" VPOS="1986" WC="1" WIDTH="92"/>
            <SP HPOS="1415" ID="PAG_00000210_SP000135" VPOS="1981" WIDTH="28"/>
            <String CONTENT="deux" HEIGHT="40" HPOS="1443" ID="PAG_00000210_ST000158" STYLEREFS="TXT_5" VPOS="1981" WC="1" WIDTH="104"/>
            <SP HPOS="1547" ID="PAG_00000210_SP000136" VPOS="1993" WIDTH="13"/>
            <String CONTENT="yeux" HEIGHT="41" HPOS="1560" ID="PAG_00000210_ST000159" STYLEREFS="TXT_5" VPOS="1993" WC="1" WIDTH="101"/>
          </TextLine>
          <TextLine HEIGHT="53" HPOS="427" ID="PAG_00000210_TL000024" STYLEREFS="TXT_5" VPOS="2053" WIDTH="1232">
            <String CONTENT="bruns," HEIGHT="51" HPOS="427" ID="PAG_00000210_ST000160" STYLEREFS="TXT_5" VPOS="2053" WC="1" WIDTH="143"/>
            <SP HPOS="570" ID="PAG_00000210_SP000137" VPOS="2053" WIDTH="23"/>
            <String CONTENT="écartés" HEIGHT="42" HPOS="593" ID="PAG_00000210_ST000161" STYLEREFS="TXT_5" VPOS="2053" WC="1" WIDTH="153"/>
            <SP HPOS="746" ID="PAG_00000210_SP000138" VPOS="2059" WIDTH="21"/>
            <String CONTENT="et" HEIGHT="36" HPOS="767" ID="PAG_00000210_ST000162" STYLEREFS="TXT_5" VPOS="2059" WC="1" WIDTH="39"/>
            <SP HPOS="806" ID="PAG_00000210_SP000139" VPOS="2053" WIDTH="15"/>
            <String CONTENT="éclairés" HEIGHT="41" HPOS="821" ID="PAG_00000210_ST000163" STYLEREFS="TXT_5" VPOS="2053" WC="1" WIDTH="165"/>
            <SP HPOS="986" ID="PAG_00000210_SP000140" VPOS="2054" WIDTH="19"/>
            <String CONTENT="de" HEIGHT="41" HPOS="1005" ID="PAG_00000210_ST000164" STYLEREFS="TXT_5" VPOS="2054" WC="1" WIDTH="48"/>
            <SP HPOS="1053" ID="PAG_00000210_SP000141" VPOS="2056" WIDTH="15"/>
            <String CONTENT="jaune." HEIGHT="50" HPOS="1068" ID="PAG_00000210_ST000165" STYLEREFS="TXT_5" VPOS="2056" WC="1" WIDTH="142"/>
            <SP HPOS="1210" ID="PAG_00000210_SP000142" VPOS="2054" WIDTH="17"/>
            <String CONTENT="Inférieures" HEIGHT="41" HPOS="1227" ID="PAG_00000210_ST000166" STYLEREFS="TXT_5" VPOS="2054" WC="1" WIDTH="240"/>
            <SP HPOS="1467" ID="PAG_00000210_SP000143" VPOS="2053" WIDTH="15"/>
            <String CONTENT="dentées," HEIGHT="49" HPOS="1482" ID="PAG_00000210_ST000167" STYLEREFS="TXT_5" VPOS="2053" WC="0.97" WIDTH="177"/>
          </TextLine>
          <TextLine HEIGHT="52" HPOS="428" ID="PAG_00000210_TL000025" STYLEREFS="TXT_5" VPOS="2125" WIDTH="1233">
            <String CONTENT="avec" HEIGHT="31" HPOS="428" ID="PAG_00000210_ST000168" STYLEREFS="TXT_5" VPOS="2137" WC="1" WIDTH="95"/>
            <SP HPOS="523" ID="PAG_00000210_SP000144" VPOS="2127" WIDTH="21"/>
            <String CONTENT="la" HEIGHT="40" HPOS="544" ID="PAG_00000210_ST000169" STYLEREFS="TXT_5" VPOS="2127" WC="1" WIDTH="38"/>
            <SP HPOS="582" ID="PAG_00000210_SP000145" VPOS="2129" WIDTH="28"/>
            <String CONTENT="même" HEIGHT="37" HPOS="610" ID="PAG_00000210_ST000170" STYLEREFS="TXT_5" VPOS="2129" WC="1" WIDTH="131"/>
            <SP HPOS="741" ID="PAG_00000210_SP000146" VPOS="2125" WIDTH="31"/>
            <String CONTENT="bande" HEIGHT="42" HPOS="772" ID="PAG_00000210_ST000171" STYLEREFS="TXT_5" VPOS="2125" WC="1" WIDTH="133"/>
            <SP HPOS="905" ID="PAG_00000210_SP000147" VPOS="2127" WIDTH="37"/>
            <String CONTENT="mais" HEIGHT="40" HPOS="942" ID="PAG_00000210_ST000172" STYLEREFS="TXT_5" VPOS="2127" WC="1" WIDTH="103"/>
            <SP HPOS="1045" ID="PAG_00000210_SP000148" VPOS="2128" WIDTH="35"/>
            <String CONTENT="mieux" HEIGHT="39" HPOS="1080" ID="PAG_00000210_ST000173" STYLEREFS="TXT_5" VPOS="2128" WC="1" WIDTH="133"/>
            <SP HPOS="1213" ID="PAG_00000210_SP000149" VPOS="2126" WIDTH="34"/>
            <String CONTENT="marquée" HEIGHT="51" HPOS="1247" ID="PAG_00000210_ST000174" STYLEREFS="TXT_5" VPOS="2126" WC="1" WIDTH="190"/>
            <SP HPOS="1437" ID="PAG_00000210_SP000150" VPOS="2129" WIDTH="33"/>
            <String CONTENT="et" HEIGHT="36" HPOS="1470" ID="PAG_00000210_ST000175" STYLEREFS="TXT_5" VPOS="2129" WC="1" WIDTH="38"/>
            <SP HPOS="1508" ID="PAG_00000210_SP000151" VPOS="2125" WIDTH="33"/>
            <String CONTENT="ornée" HEIGHT="41" HPOS="1541" ID="PAG_00000210_ST000176" STYLEREFS="TXT_5" VPOS="2125" WC="1" WIDTH="120"/>
          </TextLine>
          <TextLine HEIGHT="54" HPOS="427" ID="PAG_00000210_TL000026" STYLEREFS="TXT_5" VPOS="2197" WIDTH="1264">
            <String CONTENT="près" HEIGHT="50" HPOS="427" ID="PAG_00000210_ST000177" STYLEREFS="TXT_5" VPOS="2201" WC="1" WIDTH="91"/>
            <SP HPOS="518" ID="PAG_00000210_SP000152" VPOS="2198" WIDTH="25"/>
            <String CONTENT="du" HEIGHT="40" HPOS="543" ID="PAG_00000210_ST000178" STYLEREFS="TXT_5" VPOS="2198" WC="1" WIDTH="53"/>
            <SP HPOS="596" ID="PAG_00000210_SP000153" VPOS="2198" WIDTH="20"/>
            <String CONTENT="bord" HEIGHT="41" HPOS="616" ID="PAG_00000210_ST000179" STYLEREFS="TXT_5" VPOS="2198" WC="1" WIDTH="102"/>
            <SP HPOS="718" ID="PAG_00000210_SP000154" VPOS="2198" WIDTH="19"/>
            <String CONTENT="terminal" HEIGHT="40" HPOS="737" ID="PAG_00000210_ST000180" STYLEREFS="TXT_5" VPOS="2198" WC="1" WIDTH="188"/>
            <SP HPOS="925" ID="PAG_00000210_SP000155" VPOS="2197" WIDTH="16"/>
            <String CONTENT="de" HEIGHT="42" HPOS="941" ID="PAG_00000210_ST000181" STYLEREFS="TXT_5" VPOS="2197" WC="1" WIDTH="48"/>
            <SP HPOS="989" ID="PAG_00000210_SP000156" VPOS="2202" WIDTH="21"/>
            <String CONTENT="quatre" HEIGHT="47" HPOS="1010" ID="PAG_00000210_ST000182" STYLEREFS="TXT_5" VPOS="2202" WC="1" WIDTH="142"/>
            <SP HPOS="1152" ID="PAG_00000210_SP000157" VPOS="2198" WIDTH="23"/>
            <String CONTENT="taches" HEIGHT="41" HPOS="1175" ID="PAG_00000210_ST000183" STYLEREFS="TXT_5" VPOS="2198" WC="1" WIDTH="135"/>
            <SP HPOS="1310" ID="PAG_00000210_SP000158" VPOS="2197" WIDTH="16"/>
            <String CONTENT="d'un" HEIGHT="41" HPOS="1326" ID="PAG_00000210_ST000184" STYLEREFS="TXT_5" VPOS="2197" WC="1" WIDTH="96"/>
            <SP HPOS="1422" ID="PAG_00000210_SP000159" VPOS="2199" WIDTH="14"/>
            <String CONTENT="jaune" HEIGHT="50" HPOS="1436" ID="PAG_00000210_ST000185" STYLEREFS="TXT_5" VPOS="2199" WC="1" WIDTH="126"/>
            <SP HPOS="1562" ID="PAG_00000210_SP000160" VPOS="2197" WIDTH="17"/>
            <String CONTENT="d'o-" HEIGHT="41" HPOS="1579" ID="PAG_00000210_ST000186" STYLEREFS="TXT_5" SUBS_CONTENT="d'ocre." SUBS_TYPE="HypPart1" VPOS="2197" WC="1" WIDTH="82"/>
            <HYP CONTENT="-" HPOS="1661" VPOS="2238" WIDTH="30"/>
          </TextLine>
          <TextLine HEIGHT="43" HPOS="428" ID="PAG_00000210_TL000027" STYLEREFS="TXT_5" VPOS="2269" WIDTH="1262">
            <String CONTENT="cre." HEIGHT="29" HPOS="428" ID="PAG_00000210_ST000187" STYLEREFS="TXT_5" SUBS_CONTENT="d'ocre." SUBS_TYPE="HypPart2" VPOS="2283" WC="1" WIDTH="80"/>
            <SP HPOS="508" ID="PAG_00000210_SP000161" VPOS="2272" WIDTH="24"/>
            <String CONTENT="La" HEIGHT="39" HPOS="532" ID="PAG_00000210_ST000188" STYLEREFS="TXT_5" VPOS="2272" WC="1" WIDTH="56"/>
            <SP HPOS="588" ID="PAG_00000210_SP000162" VPOS="2270" WIDTH="21"/>
            <String CONTENT="dernière" HEIGHT="41" HPOS="609" ID="PAG_00000210_ST000189" STYLEREFS="TXT_5" VPOS="2270" WC="1" WIDTH="182"/>
            <SP HPOS="791" ID="PAG_00000210_SP000163" VPOS="2270" WIDTH="20"/>
            <String CONTENT="de" HEIGHT="41" HPOS="811" ID="PAG_00000210_ST000190" STYLEREFS="TXT_5" VPOS="2270" WC="1" WIDTH="50"/>
            <SP HPOS="861" ID="PAG_00000210_SP000164" VPOS="2281" WIDTH="33"/>
            <String CONTENT="ces" HEIGHT="29" HPOS="894" ID="PAG_00000210_ST000191" STYLEREFS="TXT_5" VPOS="2281" WC="1" WIDTH="66"/>
            <SP HPOS="960" ID="PAG_00000210_SP000165" VPOS="2270" WIDTH="21"/>
            <String CONTENT="taches" HEIGHT="41" HPOS="981" ID="PAG_00000210_ST000192" STYLEREFS="TXT_5" VPOS="2270" WC="1" WIDTH="138"/>
            <SP HPOS="1119" ID="PAG_00000210_SP000166" VPOS="2280" WIDTH="18"/>
            <String CONTENT="avec" HEIGHT="31" HPOS="1137" ID="PAG_00000210_ST000193" STYLEREFS="TXT_5" VPOS="2280" WC="1" WIDTH="95"/>
            <SP HPOS="1232" ID="PAG_00000210_SP000167" VPOS="2282" WIDTH="21"/>
            <String CONTENT="un" HEIGHT="28" HPOS="1253" ID="PAG_00000210_ST000194" STYLEREFS="TXT_5" VPOS="2282" WC="1" WIDTH="55"/>
            <SP HPOS="1308" ID="PAG_00000210_SP000168" VPOS="2269" WIDTH="31"/>
            <String CONTENT="œil" HEIGHT="40" HPOS="1339" ID="PAG_00000210_ST000195" STYLEREFS="TXT_5" VPOS="2269" WC="1" WIDTH="66"/>
            <SP HPOS="1405" ID="PAG_00000210_SP000169" VPOS="2270" WIDTH="25"/>
            <String CONTENT="noir." HEIGHT="39" HPOS="1430" ID="PAG_00000210_ST000196" STYLEREFS="TXT_5" VPOS="2270" WC="1" WIDTH="106"/>
            <SP HPOS="1536" ID="PAG_00000210_SP000170" VPOS="2270" WIDTH="23"/>
            <String CONTENT="Des-" HEIGHT="39" HPOS="1559" ID="PAG_00000210_ST000197" STYLEREFS="TXT_5" SUBS_CONTENT="Dessous" SUBS_TYPE="HypPart1" VPOS="2270" WC="1" WIDTH="101"/>
            <HYP CONTENT="-" HPOS="1660" VPOS="2309" WIDTH="30"/>
          </TextLine>
          <TextLine HEIGHT="55" HPOS="428" ID="PAG_00000210_TL000028" STYLEREFS="TXT_5" VPOS="2340" WIDTH="1231">
            <String CONTENT="sous" HEIGHT="30" HPOS="428" ID="PAG_00000210_ST000198" STYLEREFS="TXT_5" SUBS_CONTENT="Dessous" SUBS_TYPE="HypPart2" VPOS="2355" WC="1" WIDTH="96"/>
            <SP HPOS="524" ID="PAG_00000210_SP000171" VPOS="2343" WIDTH="15"/>
            <String CONTENT="des" HEIGHT="40" HPOS="539" ID="PAG_00000210_ST000199" STYLEREFS="TXT_5" VPOS="2343" WC="1" WIDTH="71"/>
            <SP HPOS="610" ID="PAG_00000210_SP000172" VPOS="2342" WIDTH="20"/>
            <String CONTENT="supérieures" HEIGHT="53" HPOS="630" ID="PAG_00000210_ST000200" STYLEREFS="TXT_5" VPOS="2342" WC="1" WIDTH="255"/>
            <SP HPOS="885" ID="PAG_00000210_SP000173" VPOS="2341" WIDTH="14"/>
            <String CONTENT="diflère" HEIGHT="42" HPOS="899" ID="PAG_00000210_ST000201" STYLEREFS="TXT_5" VPOS="2341" WC="0.99" WIDTH="139"/>
            <SP HPOS="1038" ID="PAG_00000210_SP000174" VPOS="2341" WIDTH="17"/>
            <String CONTENT="du" HEIGHT="41" HPOS="1055" ID="PAG_00000210_ST000202" STYLEREFS="TXT_5" VPOS="2341" WC="1" WIDTH="54"/>
            <SP HPOS="1109" ID="PAG_00000210_SP000175" VPOS="2341" WIDTH="16"/>
            <String CONTENT="dessus" HEIGHT="41" HPOS="1125" ID="PAG_00000210_ST000203" STYLEREFS="TXT_5" VPOS="2341" WC="1" WIDTH="145"/>
            <SP HPOS="1270" ID="PAG_00000210_SP000176" VPOS="2353" WIDTH="19"/>
            <String CONTENT="en" HEIGHT="29" HPOS="1289" ID="PAG_00000210_ST000204" STYLEREFS="TXT_5" VPOS="2353" WC="1" WIDTH="49"/>
            <SP HPOS="1338" ID="PAG_00000210_SP000177" VPOS="2353" WIDTH="15"/>
            <String CONTENT="ce" HEIGHT="29" HPOS="1353" ID="PAG_00000210_ST000205" STYLEREFS="TXT_5" VPOS="2353" WC="1" WIDTH="44"/>
            <SP HPOS="1397" ID="PAG_00000210_SP000178" VPOS="2353" WIDTH="17"/>
            <String CONTENT="que" HEIGHT="40" HPOS="1414" ID="PAG_00000210_ST000206" STYLEREFS="TXT_5" VPOS="2353" WC="1" WIDTH="77"/>
            <SP HPOS="1491" ID="PAG_00000210_SP000179" VPOS="2342" WIDTH="15"/>
            <String CONTENT="le" HEIGHT="40" HPOS="1506" ID="PAG_00000210_ST000207" STYLEREFS="TXT_5" VPOS="2342" WC="1" WIDTH="36"/>
            <SP HPOS="1542" ID="PAG_00000210_SP000180" VPOS="2340" WIDTH="19"/>
            <String CONTENT="fond" HEIGHT="41" HPOS="1561" ID="PAG_00000210_ST000208" STYLEREFS="TXT_5" VPOS="2340" WC="1" WIDTH="98"/>
          </TextLine>
          <TextLine HEIGHT="54" HPOS="427" ID="PAG_00000210_TL000029" STYLEREFS="TXT_5" VPOS="2413" WIDTH="1260">
            <String CONTENT="en" HEIGHT="28" HPOS="427" ID="PAG_00000210_ST000209" STYLEREFS="TXT_5" VPOS="2429" WC="1" WIDTH="50"/>
            <SP HPOS="477" ID="PAG_00000210_SP000181" VPOS="2419" WIDTH="20"/>
            <String CONTENT="est" HEIGHT="37" HPOS="497" ID="PAG_00000210_ST000210" STYLEREFS="TXT_5" VPOS="2419" WC="1" WIDTH="59"/>
            <SP HPOS="556" ID="PAG_00000210_SP000182" VPOS="2416" WIDTH="19"/>
            <String CONTENT="fauve," HEIGHT="48" HPOS="575" ID="PAG_00000210_ST000211" STYLEREFS="TXT_5" VPOS="2416" WC="1" WIDTH="131"/>
            <SP HPOS="706" ID="PAG_00000210_SP000183" VPOS="2426" WIDTH="18"/>
            <String CONTENT="avec" HEIGHT="30" HPOS="724" ID="PAG_00000210_ST000212" STYLEREFS="TXT_5" VPOS="2426" WC="1" WIDTH="96"/>
            <SP HPOS="820" ID="PAG_00000210_SP000184" VPOS="2426" WIDTH="20"/>
            <String CONTENT="une" HEIGHT="29" HPOS="840" ID="PAG_00000210_ST000213" STYLEREFS="TXT_5" VPOS="2426" WC="1" WIDTH="80"/>
            <SP HPOS="920" ID="PAG_00000210_SP000185" VPOS="2415" WIDTH="19"/>
            <String CONTENT="teinte" HEIGHT="40" HPOS="939" ID="PAG_00000210_ST000214" STYLEREFS="TXT_5" VPOS="2415" WC="1" WIDTH="124"/>
            <SP HPOS="1063" ID="PAG_00000210_SP000186" VPOS="2414" WIDTH="24"/>
            <String CONTENT="plus" HEIGHT="52" HPOS="1087" ID="PAG_00000210_ST000215" STYLEREFS="TXT_5" VPOS="2414" WC="1" WIDTH="91"/>
            <SP HPOS="1178" ID="PAG_00000210_SP000187" VPOS="2413" WIDTH="21"/>
            <String CONTENT="foncée" HEIGHT="41" HPOS="1199" ID="PAG_00000210_ST000216" STYLEREFS="TXT_5" VPOS="2413" WC="1" WIDTH="141"/>
            <SP HPOS="1340" ID="PAG_00000210_SP000188" VPOS="2413" WIDTH="32"/>
            <String CONTENT="depuis" HEIGHT="54" HPOS="1372" ID="PAG_00000210_ST000217" STYLEREFS="TXT_5" VPOS="2413" WC="1" WIDTH="141"/>
            <SP HPOS="1513" ID="PAG_00000210_SP000189" VPOS="2413" WIDTH="33"/>
            <String CONTENT="l'ori-" HEIGHT="40" HPOS="1546" ID="PAG_00000210_ST000218" STYLEREFS="TXT_5" SUBS_CONTENT="l'origine" SUBS_TYPE="HypPart1" VPOS="2413" WC="1" WIDTH="111"/>
            <HYP CONTENT="-" HPOS="1657" VPOS="2453" WIDTH="30"/>
          </TextLine>
          <TextLine HEIGHT="56" HPOS="427" ID="PAG_00000210_TL000030" STYLEREFS="TXT_5" VPOS="2485" WIDTH="1259">
            <String CONTENT="gine" HEIGHT="49" HPOS="427" ID="PAG_00000210_ST000219" STYLEREFS="TXT_5" SUBS_CONTENT="l'origine" SUBS_TYPE="HypPart2" VPOS="2490" WC="1" WIDTH="93"/>
            <SP HPOS="520" ID="PAG_00000210_SP000190" VPOS="2487" WIDTH="27"/>
            <String CONTENT="de" HEIGHT="42" HPOS="547" ID="PAG_00000210_ST000220" STYLEREFS="TXT_5" VPOS="2487" WC="1" WIDTH="50"/>
            <SP HPOS="597" ID="PAG_00000210_SP000191" VPOS="2488" WIDTH="29"/>
            <String CONTENT="la" HEIGHT="41" HPOS="626" ID="PAG_00000210_ST000221" STYLEREFS="TXT_5" VPOS="2488" WC="1" WIDTH="39"/>
            <SP HPOS="665" ID="PAG_00000210_SP000192" VPOS="2487" WIDTH="14"/>
            <String CONTENT="base" HEIGHT="42" HPOS="679" ID="PAG_00000210_ST000222" STYLEREFS="TXT_5" VPOS="2487" WC="1" WIDTH="97"/>
            <SP HPOS="776" ID="PAG_00000210_SP000193" VPOS="2487" WIDTH="15"/>
            <String CONTENT="jusqu'au" HEIGHT="54" HPOS="791" ID="PAG_00000210_ST000223" STYLEREFS="TXT_5" VPOS="2487" WC="1" WIDTH="195"/>
            <SP HPOS="986" ID="PAG_00000210_SP000194" VPOS="2486" WIDTH="19"/>
            <String CONTENT="milieu." HEIGHT="43" HPOS="1005" ID="PAG_00000210_ST000224" STYLEREFS="TXT_5" VPOS="2486" WC="1" WIDTH="155"/>
            <SP HPOS="1160" ID="PAG_00000210_SP000195" VPOS="2488" WIDTH="25"/>
            <String CONTENT="Dessous" HEIGHT="40" HPOS="1185" ID="PAG_00000210_ST000225" STYLEREFS="TXT_5" VPOS="2488" WC="1" WIDTH="176"/>
            <SP HPOS="1361" ID="PAG_00000210_SP000196" VPOS="2485" WIDTH="16"/>
            <String CONTENT="des" HEIGHT="42" HPOS="1377" ID="PAG_00000210_ST000226" STYLEREFS="TXT_5" VPOS="2485" WC="1" WIDTH="69"/>
            <SP HPOS="1446" ID="PAG_00000210_SP000197" VPOS="2485" WIDTH="22"/>
            <String CONTENT="inférieu-" HEIGHT="42" HPOS="1468" ID="PAG_00000210_ST000227" STYLEREFS="TXT_5" VPOS="2485" WC="1" WIDTH="188"/>
            <HYP CONTENT="-" HPOS="1656" VPOS="2527" WIDTH="30"/>
          </TextLine>
        </TextBlock>
      </PrintSpace>
    </Page>
  </Layout>
</alto>
