1740 2996
624 348 51 7 -
704 328 46 37 71
790 348 51 8 —

83 385 26 37 t

122 428 149 52 grande
291 428 232 42 abondance
543 440 51 29 au
612 429 72 41 bas
703 428 67 42 des
790 440 111 29 murs
919 429 68 51 qui
1011 428 214 41 formaient
1245 427 104 41 l'en-

87 501 6 44 I
123 503 128 40 ceinte
278 501 49 41 de
347 503 125 48 Paris,
495 513 69 29 sur
583 502 59 40 les
669 500 243 44 boulevards
934 502 236 48 extérieurs,
1192 503 159 38 surtout

123 578 111 37 entre
253 575 37 39 la
320 574 174 41 barrière
518 574 54 40 du
595 576 129 40 Trône
744 578 38 37 et
809 576 37 40 le
872 574 203 42 cimetière
1096 574 53 40 du
1170 574 93 52 père
1285 572 69 42 La-

124 647 149 50 chaise,
303 647 99 40 mais
435 648 94 40 elles
551 651 93 37 sont
675 647 200 42 devenues
895 648 90 53 plus
1017 658 109 30 rares
1154 646 101 41 dans
1288 659 65 29 ces

121 718 193 41 localités.
540 751 16 24 *
665 752 6 5 •

174 792 32 38 A
226 791 39 40 la
285 791 133 41 même
451 790 170 54 époque,
643 792 34 40 si
698 792 80 40 l'on
810 792 141 53 frappe
970 792 37 40 le
1035 795 115 38 tronc
1171 791 69 41 des
1260 792 92 52 pins

86 866 6 50 |
122 863 100 41 dans
244 863 37 41 le
300 863 89 42 bois
409 863 48 42 de
477 864 222 51 Boulogne,
720 865 336 53 principalement
1076 864 101 41 dans
1204 865 57 40 les
1281 876 73 29 en-

87 950 7 26 ;
120 936 135 40 virons
287 936 55 41 du
374 936 117 41 Rond
522 936 137 43 royal,
690 948 54 29 on
771 948 50 29 en
852 936 84 41 fera
964 937 127 42 partir
1116 937 40 40 la
1186 935 167 44 Cidaria

86 978 7 37 \

86 1011 7 43 I
120 1008 205 50 simulata,
352 1010 67 50 qui
448 1008 104 42 éclot
583 1020 104 41 pour
709 1009 39 40 la
777 1010 199 52 première
1005 1009 76 41 fois
1109 1009 23 40 à
1151 1010 38 40 la
1220 1009 56 41 fin
1305 1008 50 42 de

86 1066 7 50 i
120 1081 94 47 mai,
248 1092 104 41 pour
381 1084 217 50 reparaître
632 1082 158 41 ensuite
821 1083 91 53 plus
948 1082 322 42 abondamment
1303 1094 51 29 en

118 1152 240 54 septembre.

85 1222 16 58 f
173 1227 109 40 Dans
300 1226 36 41 le
354 1238 168 41 passage
543 1227 54 40 du
619 1228 104 40 mois
739 1227 49 41 de
810 1227 226 53 septembre
1055 1239 53 29 au
1124 1228 103 40 mois
1248 1227 107 42 d'oc-

120 1297 128 49 tobre,
271 1298 38 40 la
338 1297 189 42 Leucania
527 1297 84 42 L.
643 1300 136 40 album
811 1303 38 37 et
879 1300 40 40 la
941 1299 181 42 Cerastis
1155 1300 199 41 satellitia

121 1369 195 53 éclosent;
347 1383 52 28 on
432 1372 58 39 les
510 1374 139 39 trouve
668 1383 103 41 pour
797 1373 39 40 la
860 1374 163 52 plupart
1053 1372 53 41 du
1126 1377 130 48 temps
1277 1384 76 41 ap-

117 1442 181 51 pliquées
327 1448 138 36 contre
496 1444 36 41 le
566 1446 114 38 tronc
714 1444 69 41 des
816 1456 134 30 ormes
984 1446 70 51 qui
1089 1444 177 42 bordent
1295 1445 59 40 les

84 1514 8 62 j
117 1513 255 51 boulevards,
397 1515 57 40 les
478 1519 151 46 routes,
658 1519 82 38 etc.

86 1585 7 62 j
171 1587 57 39 La
260 1586 175 40 Hadena
466 1588 202 52 atriplicis
704 1591 175 49 reparaît
908 1589 23 41 à
960 1590 39 40 la
1033 1592 131 39 même
1198 1589 155 53 époque

118 1656 100 41 dans
238 1658 58 40 les
326 1661 150 38 mêmes
497 1659 178 41 localités
695 1672 77 40 que
792 1673 104 29 nous
928 1673 126 30 avons
1080 1662 217 51 indiquées
1330 1664 22 38 à

86 1731 8 13 '
117 1730 165 41 l'article
303 1730 53 40 du
376 1732 105 40 mois
500 1731 49 41 de
569 1732 95 40 mai.

170 1802 107 41 C'est
309 1804 110 39 aussi
454 1804 35 39 le
528 1808 181 37 moment
747 1804 48 42 de
833 1804 205 42 l'éclosion
1089 1805 121 41 d'une
1247 1806 103 40 belle

117 1874 142 53 espèce
289 1874 51 41 du
373 1887 122 39 genre
529 1874 199 55 Gortyna,
761 1888 96 29 sous
892 1876 37 42 le
960 1889 96 29 nom
1088 1878 49 40 de
1168 1877 185 53 Gortyna

115 1944 166 43 Borelii.
305 1947 110 41 Cette
446 1948 154 53 espèce,
633 1949 70 51 qui
735 1961 51 29 ne
821 1949 138 41 diffère
980 1949 48 41 de
1060 1949 39 40 la
1128 1950 144 40 lunata
1303 1950 49 41 de

118 2018 333 54 Constantinople
480 2032 77 41 que
581 2032 74 41 par
685 2033 81 29 une
792 2022 110 40 taille
933 2022 92 52 plus
1050 2023 124 51 petite
1205 2026 39 37 et
1271 2033 81 30 une

117 2092 164 40 couleur
299 2093 133 39 moins
465 2091 154 51 foncée,
641 2097 131 48 paraît
805 2094 82 40 être
918 2092 80 43 fort
1022 2105 89 30 rare
1145 2094 101 40 dans
1276 2106 75 29 nos

116 2165 201 40 environs.
340 2164 86 41 Elle
446 2165 66 40 n'a
530 2166 61 40 été
606 2166 167 52 jusqu'à
792 2165 163 54 présent
985 2166 164 41 trouvée
1183 2178 76 42 que
1279 2178 73 41 par

116 2236 66 40 feu
207 2237 131 49 Borel,
361 2237 23 40 à
405 2239 69 49 qui
502 2238 74 40 elle
598 2239 60 39 fut
686 2238 155 49 dédiée,
865 2238 103 40 dans
1000 2238 57 40 les
1088 2238 150 52 parties
1271 2238 80 40 hu-

117 2307 129 42 mides
266 2309 69 41 des
353 2310 89 40 bois
456 2310 49 40 de
527 2311 144 52 Fleury
687 2314 38 37 et
745 2310 49 41 de
814 2310 401 42 Sainte-Geneviève.
1239 2311 112 40 Cette

118 2382 153 51 espèce,
300 2383 97 50 qu'il
423 2384 123 40 serait
578 2383 75 42 fort
682 2383 247 41 intéressant
959 2384 49 39 de
1032 2387 223 46 retrouver,
1284 2394 68 30 car

117 2466 75 29 son
221 2455 163 40 histoire
413 2460 60 36 est
504 2468 146 29 encore
681 2457 79 41 fort
791 2468 79 42 peu
900 2468 185 37 connue,
1115 2456 122 41 devra
1268 2458 83 39 être

118 2527 239 41 recherchée
377 2539 94 30 avec
495 2529 105 40 soin.
