1788 2984
674 325 54 8 —
756 303 78 39 227
862 322 52 9 —

178 416 81 39 mai
279 425 79 30 aux
374 413 190 41 environs
582 411 50 41 de
648 411 137 40 Nimes
800 407 71 54 'au
883 409 97 50 pont
993 405 56 41 du
1073 404 119 52 Gard)
1213 408 39 37 et
1266 403 148 53 d'Hyè-

177 500 79 37 res,
278 491 39 37 et
335 499 51 28 en
399 487 109 52 juin,
530 484 24 41 à
568 484 39 40 la
629 483 242 41 Chartreuse
893 480 50 40 de
963 479 227 41 Montrieux
1209 479 117 50 (Var).

176 598 234 47 CARTHAMI,
433 594 77 42 IIB.
530 594 103 52 Dup.
658 592 67 53 (pl.
750 595 62 47 18,
840 590 24 41 fi
870 602 37 39 g.
930 592 54 49 3.)

230 702 110 39 Cette
361 699 141 53 espèce
520 701 60 38 est
600 707 218 32 commune
837 697 178 51 partout,
1035 705 51 29 en
1117 693 81 40 mai
1231 694 39 39 et
1296 695 113 38 août.

178 776 109 38 Nous
320 774 155 39 l'avons
507 770 151 52 figurée
687 769 111 41 aussi
827 771 253 38 exactement
1108 778 79 40 que
1217 765 194 54 possible,

177 858 119 41 parce
318 857 77 40 que
414 856 106 30 nous
539 855 178 42 pensons
751 843 151 51 qu'une
938 841 133 40 bonne
1102 840 129 50 figure
1257 840 40 39 la
1327 839 85 40 fera

178 921 136 39 mieux
351 921 209 38 connaître
598 917 151 51 qu'une
782 914 247 53 description
1062 913 174 52 quelque
1263 912 149 50 longue

177 992 131 52 quelle
323 992 92 40 soit.
440 991 86 39 Elle
544 990 109 41 varie
671 989 211 51 beaucoup
896 999 104 41 pour
1012 987 40 40 la
1066 987 109 40 taille
1189 989 39 37 et
1245 986 167 40 l'inten-

177 1064 75 41 sité
274 1064 49 41 de
344 1064 40 40 la
403 1064 187 50 couleur;
610 1063 59 39 les
686 1061 205 41 individus
915 1060 48 41 de
982 1059 319 41 Fontainebleau
1320 1061 93 38 sont

176 1137 256 41 très-beaux.

178 1244 181 47 ALVEUS,
383 1241 78 40 IIb.
483 1240 225 48 Fritillum,
727 1239 102 41 Uch.

231 1343 96 38 30'".
351 1339 106 39 Ailes
488 1338 98 40 d'un
613 1337 107 40 brun
753 1337 134 40 foneé.
922 1335 265 54 Supérieures
1220 1338 126 49 ayant
1374 1335 40 40 la

176 1413 97 39 base
293 1410 254 53 saupoudrée
569 1409 48 41 de
629 1408 341 53 jaune-verdâtre
987 1412 40 37 et
1040 1409 212 51 beaucoup
1280 1407 50 41 de
1348 1411 64 36 ta-

177 1486 96 40 ches
292 1484 212 48 blanches,
520 1482 162 53 petites,
703 1481 163 49 isolées,
887 1482 120 41 celles
1028 1481 50 40 de
1106 1482 39 39 la
1165 1480 103 41 série
1294 1479 116 41 anté-

177 1557 211 41 terminale
408 1554 249 54 remplacées
679 1566 74 41 par
783 1554 70 41 des
883 1565 164 41 espaces
1079 1553 252 53 saupoudrés
1364 1553 49 41 de

177 1628 307 54 gris-verdâtre,
507 1628 103 40 mais
630 1640 78 40 peu
727 1627 180 41 visibles.
926 1626 242 41 Inférieures
1193 1638 95 29 avec
1307 1626 107 41 deux

178 1703 122 41 séries
329 1702 50 41 d'e
404 1702 139 41 taches
566 1702 99 40 d'un
695 1703 119 40 blanc
835 1700 74 42 sali
938 1702 48 40 de
1010 1703 204 51 jaunâtre,
1242 1702 92 52 plus
1361 1713 51 30 ou

177 1776 134 39 moins
324 1775 95 40 bien
439 1774 231 52 marquées,
690 1775 175 40 fondues
889 1774 101 41 dans
1011 1775 38 40 le
1081 1774 123 52 fond;
1241 1774 99 41 celle
1360 1774 55 40 du

178 1848 100 40 bout
294 1847 49 40 de
357 1848 37 39 la
415 1847 142 41 cellule
576 1847 110 51 large
707 1852 39 36 et
772 1847 123 40 bifide
925 1846 349 42 extérieurement.
1312 1849 104 39 Des-

179 1932 96 28 sous
289 1919 70 40 des
379 1919 255 53 supérieures
652 1920 107 39 brun
778 1920 98 40 clair
896 1924 38 36 et
962 1925 123 48 ayant
1114 1932 53 29 au
1188 1921 100 40 bout
1311 1921 48 41 de
1376 1922 41 40 la

180 1993 140 40 cellule
337 2004 81 28 une
443 1992 118 40 tache
581 2003 50 29 en
658 2004 159 29 anneau
839 1996 39 37 et
915 1994 57 39 les
1009 1994 137 52 points
1181 1994 142 41 blancs
1361 1995 54 40 du

179 2065 158 49 dessus,
352 2064 98 41 base
470 2068 39 37 et
523 2065 88 40 côte
628 2066 207 49 grisâtres,
854 2067 161 40 celle-ci
1032 2066 193 52 marquée
1240 2079 51 28 au
1312 2079 105 29 som-

179 2143 82 36 met
281 2137 49 41 de
349 2138 121 52 petits
491 2138 116 40 traits
623 2138 128 40 bruns
772 2139 199 51 obliques.
994 2141 177 39 Dessous
1204 2139 71 41 des
1310 2140 106 41 infé-

179 2212 153 39 rieures
352 2209 98 42 d'un
464 2210 347 52 jaune-verdâtre,
834 2222 95 30 avec
948 2212 101 39 trois
1067 2210 155 42 bandes
1243 2212 175 41 formées

182 2286 50 40 de
250 2285 138 41 taches
407 2285 209 49 blanches,
632 2286 39 40 la
687 2286 213 52 première,
922 2286 205 49 basilaire,
1146 2287 273 53 composéede

181 2360 99 40 trois
296 2358 138 41 taches
453 2358 99 41 dont
567 2359 257 41 l'antérieure
842 2360 93 52 plus
954 2360 167 51 grande,
1134 2360 40 40 la
1190 2360 227 49 deuxième,

182 2431 201 49 médiane,
404 2432 178 40 formant
601 2443 80 31 une
699 2432 133 42 bande
853 2433 24 40 à
895 2433 117 53 peine
1024 2434 290 53 interrompue,
1329 2435 91 52 plus

184 2505 109 50 large
311 2503 201 54 depuisfia
529 2508 88 37 côte
632 2506 194 55 jusqu'au
847 2506 154 48 milieu,
1023 2506 38 39 la
1078 2507 206 41 troisième
1304 2507 116 41 anté-
