1744 3012
1011 353 48 6 -
1088 331 54 41 56
1169 353 52 6 —

492 431 55 41 du
569 432 236 53 Syrichthus
825 434 157 50 alveus,
1004 432 79 42 elle
1103 432 104 42 n'est
1224 443 73 43 pas
1316 443 84 30 non
1427 429 93 55 plus
1540 431 188 47 très-rare

490 506 24 40 à
532 505 56 40 fin
610 505 48 42 de
679 507 81 39 mai
780 505 103 41 dans
904 505 198 55 quelques
1122 504 182 42 localités
1323 503 51 42 de
1394 503 332 50 Fontainebleau,

491 581 161 37 surtout
671 577 38 41 le
727 578 97 51 long
844 578 54 40 du
919 579 163 40 chemin
1103 577 48 41 de
1171 578 59 39 fer
1258 589 53 29 au
1329 577 72 53 pré
1420 576 190 41 Larcher.
1632 576 98 44 Plus

487 650 92 52 près
595 650 48 40 de
663 649 129 50 Paris,
817 663 104 28 nous
941 649 155 42 l'avons
1117 649 232 54 également
1362 648 166 44 trouvée
1549 648 105 41 dans
1668 648 59 42 les

490 721 89 41 bois
600 722 49 40 de
668 722 230 50 Versailles,
921 723 103 39 mais
1044 722 77 41 elle
1143 722 69 53 n'y
1230 726 58 37 est
1304 734 73 40 pas
1392 732 232 32 commune.

545 796 57 39 La
618 792 175 55 Lycœna
808 795 126 48 alsus,
953 795 70 50 qui
1041 798 132 50 paraît
1190 806 103 42 pour
1309 794 39 40 la
1365 793 200 54 première
1583 793 77 40 fois
1676 803 52 29 au

492 867 106 40 mois
620 867 49 40 de
688 868 97 47 mai,
806 870 174 49 reparaît
998 878 103 42 pour
1114 867 40 40 la
1176 866 173 42 seconde
1371 878 50 29 en
1437 865 149 53 juillet.
1608 865 122 40 Assez

491 951 89 29 rare
599 951 79 28 aux
696 940 189 40 environs
917 938 50 41 de
987 940 128 49 Paris,
1136 943 102 37 cette
1268 939 141 52 espèce
1427 944 60 35 est
1506 939 224 41 excessive-

492 1015 112 36 ment
635 1022 216 30 commune
877 1023 70 29 sur
965 1012 37 40 le
1024 1015 162 38 versant
1210 1011 70 40 des
1303 1014 172 38 coteaux
1504 1010 131 42 arides
1662 1011 71 50 qui

492 1084 268 40 environnent
780 1083 149 53 Lardy.
948 1084 87 40 Elle
1065 1083 106 41 n'est
1200 1095 72 41 pas
1292 1095 90 29 rare
1415 1094 84 30 non
1518 1083 90 53 plus
1630 1083 102 40 dans

493 1157 198 39 certaines
710 1156 151 53 parties
880 1155 72 41 des
971 1157 123 39 forêts
1123 1156 50 41 de
1193 1155 219 53 Chantilly,
1437 1155 50 41 de
1509 1156 221 39 Fontaine-

493 1228 122 40 bleau
635 1232 39 36 et
693 1228 48 41 de
760 1228 259 52 Compiègne.

549 1302 54 39 Le
636 1301 147 40 Thecla
810 1303 147 39 acaciœ
984 1300 89 44 vole
1105 1299 101 44 dans
1235 1300 59 43 les
1326 1300 182 41 derniers
1534 1301 118 51 jours
1684 1299 49 41 de

492 1373 106 51 juin.
624 1374 58 38 La
710 1373 110 40 seule
844 1372 159 41 localité
1033 1373 52 40 où
1124 1384 53 29 on
1209 1372 85 40 l'ait
1326 1384 144 31 encore
1505 1371 156 50 trouvé,
1683 1384 50 28 en

496 1444 98 51 deçà
622 1444 48 41 de
693 1445 36 40 la
753 1445 132 48 Loire,
906 1449 61 36 est
1000 1445 38 39 la
1071 1445 102 40 forêt
1204 1444 228 50 d'Orléans,
1462 1443 52 42 où
1549 1455 105 30 nous
1683 1456 50 32 en

494 1528 125 29 avons
638 1517 84 53 pris
741 1517 203 53 plusieurs
962 1516 222 42 individus.
1205 1518 31 42 II
1256 1517 87 41 vole
1361 1519 152 39 autour
1533 1516 70 41 des
1620 1516 116 41 buis-

495 1601 95 29 sons
606 1588 49 41 de
668 1590 255 52 prunelliers.

546 1663 109 39 Dans
668 1662 57 39 les
740 1661 181 40 derniers
930 1662 117 51 jours
1068 1659 54 41 du
1137 1661 104 41 mois
1259 1660 48 41 de
1317 1659 110 55 juin,
1443 1661 37 42 le
1494 1659 238 54 Syrichthus

495 1735 143 40 altheœ
659 1745 236 35 commence
916 1734 23 40 à
957 1736 189 50 paraître.
1170 1733 113 43 Cette
1310 1732 155 54 espèce,
1488 1733 95 52 plus
1600 1733 130 53 parti-

493 1807 149 40 culière
670 1817 80 29 aux
771 1817 99 41 pays
891 1805 50 41 de
960 1809 255 48 montagnes,
1240 1808 60 38 est
1319 1816 90 30 rare
1444 1816 80 29 aux
1542 1806 191 43 environs

494 1879 48 40 de
562 1879 127 39 Paris.
714 1880 112 39 Nous
845 1879 39 39 la
903 1890 177 41 prenons
1097 1882 94 37 tous
1209 1878 61 40 les
1290 1889 74 30 ans
1383 1877 102 41 dans
1504 1878 40 42 la
1562 1877 104 40 forêt
1684 1877 48 41 de

494 1951 158 48 Sénart,
673 1951 336 52 principalement
1045 1951 101 41 dans
1179 1952 40 39 la
1251 1955 116 37 route
1399 1949 51 42 de
1468 1951 262 51 Maupertuis,

491 2035 80 29 aux
589 2026 126 37 terres
747 2022 49 40 de
829 2023 158 52 Tigery.
1011 2024 86 40 Elle
1127 2036 42 28 se
1204 2027 140 37 trouve
1379 2022 100 42 dans
1506 2024 38 39 le
1571 2022 91 42 bois
1683 2021 49 41 de

492 2095 399 49 Sainte-Geneviève,
916 2098 21 37 à
957 2094 131 53 Lardy
1122 2099 38 38 et
1192 2099 132 38 même
1354 2096 250 52 quelquefois
1631 2094 100 42 dans

492 2169 39 39 la
552 2169 101 39 forêt
673 2167 48 41 de
741 2166 155 52 Bondy.

547 2242 58 38 La
631 2238 279 54 Callimorpha
931 2239 213 40 dominula
1175 2241 105 39 aime
1309 2240 58 40 les
1390 2240 106 40 lieux
1524 2238 204 42 humides.

493 2313 63 40 On
576 2313 38 39 la
633 2316 141 36 trouve
795 2311 331 41 communément
1158 2312 103 40 dans
1280 2313 58 42 les
1357 2312 171 53 prairies
1544 2310 186 41 maréca-

492 2396 141 40 geuses
650 2383 150 41 situées
821 2395 79 29 aux
919 2384 191 40 environs
1129 2384 50 40 de
1203 2384 39 40 la
1259 2384 205 53 papeterie
1488 2383 241 41 d'Essonne.

492 2456 86 41 Elle
598 2456 104 41 n'est
718 2468 73 40 pas
812 2468 88 28 rare
920 2467 85 29 non
1024 2456 91 51 plus
1137 2456 100 40 dans
1267 2457 58 39 les
1342 2455 89 42 bois
1452 2454 54 42 du
1526 2454 157 50 Désert,
1708 2458 22 37 à

496 2541 78 29 une
587 2529 105 43 lieue
712 2528 48 43 de
780 2527 229 45 Versailles.
1029 2526 63 42 On
1109 2528 40 44 la
1166 2529 159 51 trouve,
1325 2529 220 51 également
1563 2527 94 54 près
1680 2526 51 44 de
