1788 2996
671 343 53 14 -
752 315 76 51 119
860 340 56 15 —

178 430 152 43 rieures
360 438 96 34 avec
475 425 60 46 tes
558 438 194 33 nervures
768 426 136 43 noires
922 424 170 44 renflées
1114 435 71 32 sur
1199 423 37 44 le
1252 422 158 55 disque,

180 502 235 42 inférieures
443 513 95 31 avec
563 512 80 31 une
664 500 145 52 rangée
829 498 221 43 discoïdale
1077 498 51 42 de
1156 499 94 52 cinq
1275 499 139 52 points

182 575 99 40 dont
296 575 104 41 celui
420 575 53 40 du
493 575 138 40 milieu
653 575 90 51 plus
757 574 114 52 petit.
894 573 177 40 Dessous
1092 571 70 41 des
1177 570 239 41 inférieures

182 648 96 39 d'un
306 649 125 51 jaune
462 647 134 41 d'ocre
625 646 105 53 pâle,
763 657 95 29 avec
875 646 211 52 beaucoup
1121 644 49 41 de
1190 644 139 41 taches
1348 654 68 30 ar-

185 719 177 51 gentées,
385 718 184 42 ombrées
595 718 49 40 de
663 722 102 37 vert.

238 792 27 45 9
295 790 96 41 Plus
426 790 176 51 grande,
636 791 91 52 plus
762 789 211 50 arrondie,
1008 802 96 30 avec
1138 790 39 40 la
1213 789 97 41 base
1347 788 72 40 des

184 866 142 47 quatre
358 861 97 41 ailes
480 861 92 53 plus
604 861 225 50 largement
859 861 149 41 teintée
1028 861 48 41 de
1107 861 92 40 noir
1216 859 200 48 verdàtre,

185 938 38 36 et
241 934 58 40 les
313 945 190 29 nervures
521 944 84 29 non
620 932 166 41 renflées
805 944 78 29 aux
905 933 271 52 supérieures.

241 1005 197 49 Chenille,
457 1016 51 29 en
522 1006 93 51 juin
635 1016 70 29 sur
723 1005 39 40 la
783 1006 162 40 violette
966 1006 122 50 (viola
1108 1007 174 48 canina).

242 1076 221 41 Commune
490 1077 102 40 dans
614 1080 111 37 toute
748 1078 38 39 la
807 1079 63 47 F.,
892 1077 101 41 dans
1025 1078 58 39 les
1117 1077 201 40 clairières
1349 1076 72 40 des

187 1148 109 51 bois;
320 1149 76 41 elle
425 1162 42 29 se
487 1161 97 41 pose
603 1148 220 43 volontiers
853 1162 70 28 sur
942 1150 57 41 les
1025 1150 122 40 fleurs
1168 1148 72 43 des
1260 1160 160 36 ronces,

190 1235 50 29 en
254 1223 150 52 juillet.

192 1309 146 46 NIOBE,
361 1308 45 39 L.
430 1306 101 42 God.
555 1308 67 51 (pl.
646 1310 45 38 13
725 1307 65 50 fig.
816 1308 55 49 2.)

246 1391 112 41 N'est
383 1403 72 40 pas
483 1403 88 28 rare
601 1391 101 40 dans
728 1391 60 40 les
817 1390 184 42 contrées
1031 1394 314 47 montagneuses
1375 1390 49 41 de

190 1464 92 40 l'est
299 1468 38 37 et
356 1463 53 40 du
426 1463 99 40 midi
547 1463 48 41 de
613 1463 38 41 la
664 1464 165 49 France,
849 1474 49 29 en
912 1463 135 52 juillet
1064 1466 38 37 et
1120 1467 95 37 août
1227 1477 11 38 ;
1262 1464 164 40 Basses-

192 1536 138 52 Alpes,
353 1536 254 40 Mont-Cenis
646 1538 227 48 Auvergne,
889 1536 167 51 Vosges,
1078 1539 77 37 etc.

244 1609 194 51 Chenille,
465 1620 50 29 en
547 1609 80 39 mai
648 1620 68 29 sur
735 1608 39 40 la
792 1606 161 43 violette
972 1608 196 41 odorante
1182 1623 10 37 ;
1224 1609 75 40 elle
1318 1609 108 40 varie

189 1680 211 53 beaucoup
417 1693 102 40 pour
534 1680 220 41 l'intensité
774 1679 49 42 de
842 1681 39 39 la
901 1681 167 40 couleur
1089 1681 54 39 du
1169 1680 97 41 fond
1283 1695 10 36 ;
1317 1680 112 51 quel-

192 1764 100 40 ques
307 1753 180 40 femelles
501 1756 92 38 sont
607 1763 173 42 presque
798 1752 266 41 entièrement
1082 1752 272 53 saupoudrées
1374 1751 49 41 de

193 1826 107 40 noir.

193 1905 72 39 AB.
290 1903 110 51 Eris,
430 1904 170 50 Meigen.

247 1984 59 43 Ne
336 1985 137 40 diffère
495 1984 53 41 du
569 1990 91 48 type
692 1997 78 40 que
788 1997 73 41 par
885 1985 201 42 l'absence
1107 1985 47 42 de
1186 1986 138 41 taches
1353 1997 76 29 na-

194 2058 113 40 crées
327 2069 69 28 sur
414 2058 37 39 le
471 2057 170 41 dessous
669 2057 70 41 des
760 2058 98 40 ailes
877 2058 250 49 inférieures,
1149 2062 151 37 mêmes
1316 2060 114 39 loca-

193 2130 104 39 lités.
321 2129 119 41 Aussi
468 2141 215 29 commune
712 2141 77 40 que
822 2130 57 40 les
908 2130 207 41 individus
1136 2131 24 39 à
1186 2130 138 41 taches
1355 2141 75 29 na-

196 2203 110 40 crées
327 2203 100 40 dans
448 2204 200 40 certaines
673 2203 197 51 localités,
899 2208 171 37 souvent
1088 2204 91 52 plus
1199 2215 231 29 commune.

196 2284 169 47 ADIPPE,
389 2281 38 42 S.
453 2284 46 39 V.
529 2281 106 43 God.

251 2383 94 37 58m.
376 2379 104 40 Ailes
507 2379 244 51 légèrement
776 2379 179 49 dentées,
978 2378 97 41 d'un
1104 2379 116 41 fauve
1240 2379 69 49 vif,
1337 2391 95 30 avec

197 2451 211 53 beaucoup
440 2451 49 40 de
517 2452 137 40 taches
675 2453 135 40 noires
839 2457 38 36 et
904 2453 40 38 la
976 2453 139 49 frange
1136 2453 140 50 jaune.
1300 2453 131 52 Supé-

200 2526 152 42 rieures
383 2530 122 49 ayant
535 2525 58 42 les
626 2529 40 37 2'
698 2530 39 37 et
764 2529 42 40 3'
839 2536 191 32 nervures
1062 2525 239 42 inférieures
1333 2527 100 40 très-
