1768 2988
944 306 53 8 -
1025 288 53 38 32
1110 308 47 7 —

440 382 60 40 les
536 383 213 53 Argynnes
767 387 38 38 et
822 385 59 41 les
900 382 172 46 Mélitëes
1094 400 42 30 se
1166 388 175 53 plaisent
1360 389 100 43 dans
1484 391 61 41 les
1574 403 95 29 ave-

443 469 104 29 nues
569 461 39 37 et
629 457 100 42 dans
747 458 59 42 les
820 460 204 42 clairières
1040 461 70 42 des
1129 462 139 42 forêts.
1282 465 107 41 Elles
1409 476 43 30 se
1468 469 204 49 reposent,

444 530 105 40 ainsi
571 541 77 41 que
678 532 194 40 certaines
892 532 227 53 Hespéries,
1151 547 70 29 sur
1250 534 200 55 plusieurs
1480 541 127 37 sortes
1627 537 49 42 de

445 601 141 51 bugles
605 601 162 54 (Ajuga
786 606 165 50 reptans
970 608 39 37 et
1026 606 305 55 pyramidalis).

501 676 76 38 Les
592 675 160 52 Satyres
767 676 152 41 aiment
939 688 50 30 en
1011 677 157 52 général
1187 680 58 40 les
1265 679 179 43 endroits
1461 682 218 42 rocailleux

450 749 38 39 et
508 747 223 43 stériles.

502 821 77 40 Les
591 820 130 43 Sésies
735 821 238 43 s'attachent
989 833 102 41 pour
1109 821 40 42 la
1166 823 162 53 plupart
1345 835 53 31 au
1414 825 90 42 bois
1521 828 155 51 pourri.

448 893 206 41 Plusieurs
672 894 161 53 espèces
847 892 152 43 aiment
1018 895 24 41 à
1059 895 163 41 butiner
1242 896 102 42 dans
1357 909 76 32 nos
1444 898 159 53 jardins
1621 901 58 39 les

448 966 122 40 fleurs
589 966 56 40 du
664 966 178 51 seringat
861 966 171 42 odorant
1050 966 270 45 (Coronarius
1335 970 344 56 philadelphius).

502 1039 34 38 A
554 1038 241 52 l'exception
810 1037 48 42 de
877 1040 99 40 trois
995 1040 175 53 espèces,
1188 1040 71 41 des
1279 1042 279 52 Macroglossa
1574 1044 107 51 fuci-

449 1112 157 50 formis,
626 1111 319 52 bombyliformis
971 1115 37 36 et
1028 1112 269 52 stellatarum,
1329 1115 94 39 tous
1452 1115 58 39 les
1530 1112 153 55 Sphinx

452 1182 183 40 dorment
659 1182 179 53 pendant
858 1183 37 40 le
920 1185 97 50 jour
1045 1195 48 28 au
1114 1183 73 41 bas
1208 1184 70 41 des
1297 1184 157 53 plantes
1474 1197 54 29 ou
1545 1189 138 39 contre

450 1255 37 39 le
512 1257 116 38 tronc
661 1254 70 41 des
761 1254 152 42 arbres.
943 1256 55 39 Le
1017 1256 96 49 soir,
1134 1255 59 41 les
1225 1268 79 29 uns
1321 1257 188 41 butinent
1536 1268 91 30 vers
1646 1258 37 42 le

452 1326 251 53 crépuscule,
726 1327 101 41 dans
848 1338 75 29 nos
936 1327 175 52 jardins,
1135 1339 71 29 sur
1224 1328 57 40 les
1301 1329 122 40 fleurs
1444 1328 54 42 du
1519 1329 163 42 chèvre-

451 1399 151 49 feuille,
627 1399 205 52 du,phlox,
850 1399 48 40 de
915 1400 39 39 la
971 1399 230 52 saponaire,
1224 1400 48 41 de
1290 1399 41 42 la
1348 1401 217 51 valériane,
1588 1405 93 50 etc.;

452 1476 39 36 et
511 1475 158 37 surtout
690 1472 70 40 des
780 1472 191 40 Pétunias
986 1486 10 38 ;
1018 1472 60 40 les
1098 1475 136 39 autres
1268 1473 151 51 volent,
1444 1475 24 39 à
1485 1474 40 40 la
1552 1476 133 39 même

450 1545 141 49 heure,
615 1543 100 41 dans
738 1545 58 40 les
814 1544 186 53 prairies,
1021 1555 103 41 pour
1156 1558 26 39 y
1204 1557 169 41 pomper
1394 1547 37 40 le
1455 1549 139 39 nectar
1615 1547 69 41 des

451 1616 138 50 fleurs,
610 1616 369 53 particulièrement
995 1617 103 41 celui
1112 1616 48 42 de
1178 1618 39 40 la
1236 1629 123 39 sauge
1379 1617 69 42 des
1467 1619 107 52 prés.

506 1691 77 39 Les
605 1690 180 52 Zygènes
800 1701 43 29 se
856 1691 183 40 tiennent
1056 1702 70 29 sur
1137 1690 60 41 les
1204 1690 125 41 fleurs
1348 1691 71 40 des
1438 1691 246 48 scabieuses,

453 1761 70 42 des
543 1762 217 50 chardons,
786 1773 53 30 ou
859 1774 52 29 au
929 1763 102 40 bout
1048 1761 68 42 des
1142 1763 167 51 longues
1334 1763 160 43 herbes.

506 1837 77 38 Les
613 1832 127 44 mâles
774 1835 71 40 des
875 1835 125 53 Aglia
1036 1835 101 49 Tau,
1172 1835 227 42 Endromis
1419 1837 264 50 Versicolora,

452 1908 325 52 Bombyx-Rubi,
802 1908 195 50 Quercus,
1019 1907 177 50 Dumeti,
1219 1911 97 47 etc.,
1348 1909 138 41 volent
1507 1909 180 51 pendant

453 1981 37 40 le
505 1982 97 51 jour
619 1980 24 40 à
661 1979 175 41 l'ardeur
856 1979 54 40 du
930 1979 129 50 soleil,
1090 1980 50 40 de
1161 1980 92 40 huit
1268 1980 148 42 heures
1435 1980 53 42 du
1517 1983 127 41 matin
1664 1982 23 40 à

454 2053 101 40 midi
574 2064 102 42 pour
705 2053 37 39 la
774 2053 175 52 plupart,
979 2053 195 51 quelques
1194 2056 135 38 autres
1362 2054 90 52 plus
1472 2053 104 43 tard.
1608 2056 78 40 Les

454 2125 178 41 femelles
663 2123 49 43 de
744 2136 66 29 ces
845 2124 182 52 Bombyx
1075 2125 186 41 dorment
1295 2124 172 55 pendant
1500 2126 38 40 le
1571 2127 115 51 jour,

455 2198 236 54 appliquées
720 2201 137 37 contre
875 2197 37 40 le
940 2200 116 38 tronc
1078 2197 68 41 des
1167 2198 137 41 arbres
1326 2209 52 29 ou
1396 2196 166 43 cachées
1582 2197 102 41 dans

454 2272 60 39 les
533 2271 156 40 feuilles
707 2270 153 41 sèches.
882 2270 44 40 Si
944 2270 82 40 l'on
1040 2270 183 52 parvient
1240 2271 24 39 à
1282 2273 162 38 trouver
1457 2281 80 30 une
1557 2269 49 42 de
1621 2283 66 29 ces

455 2342 180 41 femelles
664 2343 69 51 qui
749 2342 101 40 n'ait
868 2353 73 42 pas
961 2341 61 41 été
1041 2341 91 53 déjà
1151 2341 206 51 fecondée,
1381 2342 29 41 il
1427 2341 144 42 faudra
1593 2342 95 41 bien

456 2427 43 29 se
520 2414 144 52 garder
681 2415 48 41 de
747 2416 40 39 la
805 2415 157 52 piquer,
982 2414 98 41 c'est
1100 2426 56 29 un
1175 2415 192 43 excellent
1385 2417 120 51 appât
1524 2427 102 41 pour
1646 2428 42 28 se

456 2499 192 42 procurer
668 2487 68 41 des
761 2488 127 41 mâles
905 2504 11 37 -,
946 2500 54 30 on
1028 2499 99 29 aura
1146 2489 105 48 soin,
1273 2500 52 29 au
1346 2489 218 51 contraire,
1578 2487 53 42 de
1642 2489 47 41 la
