1816 2988
907 286 54 6 -
991 262 49 40 12
1069 286 47 5 -

406 366 130 40 forme
577 376 79 40 que
689 365 37 40 le
757 365 236 52 précédent,
1034 366 102 39 mais
1171 365 28 39 il
1235 371 58 34 est
1331 366 90 50 plus
1454 366 106 50 fort;
1598 367 37 39 le

405 437 172 40 manche
600 440 61 37 est
684 448 49 28 en
751 438 258 46 cornouiller,
1032 437 35 40 le
1088 449 67 29 sac
1175 442 59 36 est
1254 450 50 28 en
1324 448 169 30 canevas
1511 438 48 40 de
1579 438 56 39 lin

405 520 51 29 ou
479 508 52 41 de
554 509 190 40 chanvre,
762 513 140 36 retenu
922 521 50 28 au
994 510 127 40 cercle
1141 522 49 28 en
1210 510 60 40 fer
1287 521 71 41 par
1371 522 80 28 une
1466 510 171 40 coulisse

405 593 51 28 en
476 582 81 40 fort
576 580 129 40 ruban
727 579 48 41 de
803 581 96 40 toile
913 594 10 36 ;
955 592 52 28 on
1027 581 36 39 le
1084 582 191 51 promène
1298 581 252 52 rapidement
1570 594 69 28 sur

404 653 60 40 les
480 654 172 51 plantes,
674 653 58 40 les
768 651 203 50 arbustes,
992 652 82 40 afin
1096 653 47 40 de
1173 653 98 40 faire
1304 653 156 40 tomber
1479 653 101 41 dans
1601 655 37 38 la

406 726 130 52 poche
567 726 56 39 les
644 725 196 41 chenilles
869 725 69 51 qui
958 725 59 51 s'y
1036 730 189 35 trouvent
1240 739 10 37 ;
1272 726 28 38 il
1320 725 86 41 faut
1421 727 111 39 avoir
1550 728 90 39 soin

409 797 249 41 d'examiner
692 800 170 38 souvent
892 797 37 40 le
966 795 97 42 fond
1098 796 55 41 du
1184 808 81 37 sac,
1297 809 104 41 pour
1432 797 123 41 éviter
1592 798 49 41 de

409 869 190 40 meurtrir
620 874 37 35 et
688 873 89 36 tuer
806 869 58 40 les
898 873 185 48 captures
1109 881 78 39 que
1217 868 80 42 l'on
1316 881 24 28 a
1365 868 117 42 faites
1509 874 39 36 et
1571 869 69 52 qui

409 940 169 42 devront
599 943 82 38 être
696 940 49 40 de
765 941 104 40 suite
888 941 203 40 internées
1112 940 100 42 dans
1232 942 37 39 la
1300 942 108 40 boîte
1428 942 23 39 à
1470 942 170 41 chenille

410 1027 78 40 que
508 1025 103 29 nous
633 1013 206 41 décrirons
859 1014 91 52 plus
971 1014 96 40 loin.

465 1085 57 41 La
540 1085 114 52 pince
673 1086 25 37 à
718 1089 198 48 raquette,
950 1086 67 50 fig.
1040 1090 40 43 2,
1102 1084 219 42 ressemble
1342 1089 22 37 à
1385 1098 77 29 une
1492 1088 151 49 grande

969 1156 63 37 Fig.
1053 1160 25 24 2.

416 1554 109 51 paire
556 1553 48 40 de
634 1555 162 40 ciseaux
827 1553 98 41 dont
953 1554 58 39 les
1037 1554 126 39 lames
1191 1555 92 38 sont
1315 1551 243 53 remplacées
1577 1564 73 40 par

418 1624 71 41 des
511 1629 202 48 raquettes
733 1638 50 29 en
804 1626 60 40 fer
884 1625 148 54 méplat
1059 1626 208 40 d'environ
1290 1625 47 39 14
1360 1628 102 36 cent.
1491 1636 68 28 sur
1582 1624 65 49 10,

421 1699 159 50 garnies
598 1697 48 42 de
667 1699 95 40 tulle
784 1699 156 53 souple,
962 1697 174 42 bordées
1156 1697 47 40 de
1224 1697 129 40 ruban
1375 1697 48 39 de
1443 1698 98 38 soie.
1566 1698 85 39 Elle

422 1774 60 37 est
500 1770 176 41 destinée
697 1772 23 39 à
739 1771 174 54 prendre
947 1771 58 40 les
1032 1771 198 52 papillons
1266 1781 51 28 au
1337 1781 133 41 repos,
1506 1781 69 27 sur
1597 1770 54 39 les

421 1846 136 38 troncs
579 1843 177 41 d'arbres
789 1856 52 29 ou
868 1844 57 40 les
945 1844 155 40 feuilles
1120 1858 10 37 ;
1163 1843 74 40 elle
1270 1845 59 38 est
1353 1841 300 53 indispensable

422 1927 104 41 pour
552 1916 59 40 les
642 1917 144 52 petites
820 1916 160 53 espèces
1001 1917 69 51 qui
1090 1916 133 41 vivent
1255 1914 100 41 dans
1386 1915 58 40 les
1473 1915 180 41 endroits

425 1989 278 51 très-fourrés,
726 2002 53 30 ou
799 1991 37 41 le
857 1991 246 41 maniement
1122 1990 55 41 du
1209 1990 82 41 filet
1314 1993 60 37 est
1402 1990 247 52 impossible.

479 2051 256 64 L'Écorçoir,
765 2062 66 52 fig.
852 2066 37 46 3,
916 2066 59 38 est
1012 2076 54 28 un
1097 2064 245 39 instrument
1367 2074 47 28 en
1446 2061 58 41 fer
1524 2061 127 52 forgé,

990 2131 60 35 FiS.
1073 2132 25 26 4.

428 2356 240 41 solidement
707 2353 251 50 emmanché,
982 2354 98 40 dont
1116 2353 237 43 l'extrémité
1391 2354 175 53 s'élargit
1605 2369 49 28 en

427 2428 177 42 cuillière
623 2433 118 49 ayant
768 2428 58 40 les
846 2427 109 41 côtés
976 2428 254 51 tranchants;
1254 2428 27 39 il
1303 2428 103 41 n'est
1425 2440 73 41 pas
1520 2430 131 41 seule-
