1732 3012
941 321 54 9 —
1022 304 80 37 102
1127 323 56 7 —

488 404 262 55 Chrysalides
776 403 253 54 suspendues
1049 403 226 42 seulement
1299 416 75 42 par
1392 405 40 41 la
1449 417 147 41 queue.
1617 430 54 8 —

434 477 255 54 Suspendus,
715 477 211 52 Suspensi.

488 561 257 54 Chrysalides
756 560 245 42 renfermées
1018 559 102 42 dans
1133 572 82 30 une
1231 572 141 40 coque.
1385 586 53 8 —
1451 561 212 53 Enroulés,

434 635 203 41 Involuti.

752 711 302 43 Première
1112 712 237 42 Section

931 786 241 40 SUCC1NT1

856 856 167 35 Division
1048 866 46 25 en
1116 856 147 35 Tribus.

485 939 34 40 A
543 961 53 7 —
616 936 207 42 Antennes
859 936 372 53 très-rapprochées
1255 940 41 37 et
1319 949 171 40 presque
1521 939 150 42 conni-

432 1016 139 37 ventes
591 1011 24 40 à
633 1011 90 40 leur
734 1009 114 42 base.

487 1096 27 27 a
537 1106 54 7 —
618 1081 69 42 Six
731 1085 131 49 pattes
894 1081 293 41 ambulatoires
1212 1080 102 42 dans
1326 1082 60 41 les
1407 1082 107 41 deux
1538 1094 130 38 sexes,

433 1156 197 41 chenilles
653 1154 219 51 allongées.

489 1228 22 39 b
533 1251 49 6 —
604 1227 204 41 Chenilles
839 1238 203 41 pourvues
1073 1225 51 43 de
1153 1225 106 42 deux
1274 1227 223 42 tentacules
1518 1227 149 43 rétrac.

432 1300 91 40 tiles
542 1299 136 53 placée
699 1311 71 29 sur
790 1300 38 39 le
847 1300 176 52 premier
1041 1310 176 29 anneau.

487 1387 21 27 c
526 1398 54 7 —
600 1376 82 39 Ins.
704 1373 105 55 parf.
830 1374 110 40 Bord
964 1373 235 41 abdominal
1219 1373 69 41 des
1316 1374 96 40 ailes
1430 1373 239 43 inférieures

433 1461 191 29 concave.
645 1448 152 42 Cellule
818 1448 221 41 discoïdale
1054 1450 166 51 fermée.
1242 1448 190 45 Crochets
1452 1449 71 41 des
1542 1454 128 37 tarses

434 1522 181 52 simples.
637 1543 53 8 —
709 1521 291 54 Papilionidœ.

485 1608 56 39 bb
541 1608 57 39 -
613 1607 201 41 Chenilles
832 1606 245 51 légèrement
1086 1607 280 52 pubescentes,
1387 1619 58 29 un
1462 1619 80 41 peu
1561 1608 108 41 atté-

431 1679 127 41 nuées
579 1691 81 29 aux
688 1678 246 42 extrémités.

546 1775 52 5 —
616 1753 84 39 Ins.
729 1752 103 52 parf.
846 1751 108 41 Bord
968 1751 234 42 abdominal
1222 1750 71 41 des
1313 1752 95 40 ailes
1428 1751 241 41 inférieures

429 1839 97 30 sans
562 1827 220 41 concavité.
820 1828 152 40 Cellule
1004 1828 164 40 fermée.
1206 1826 191 43 Crochets
1430 1828 70 44 des
1538 1832 129 40 tarses

428 1899 217 42 unidentes
665 1912 55 29 ou
738 1900 161 41 bifides.
923 1923 51 8 —
992 1900 190 41 Pieridae.

482 2002 54 28 aa
556 2013 50 7 —
627 1991 67 40 Six
726 1993 132 50 pattes
878 1989 290 42 ambulatoires
1202 1989 102 42 dans
1320 1991 60 40 les
1409 1990 105 42 deux
1535 2003 130 29 sexes.

425 2062 203 41 Chenilles
647 2063 373 41 très-raccourcies.
1477 2065 16 47 f

480 2135 71 40 bbb
572 2158 46 7 —
640 2135 202 40 Chenilles
870 2147 50 28 en
947 2136 129 40 forme
1097 2135 49 41 de
1172 2136 212 53 cloportes.
1410 2138 257 51 Chrysalides

422 2211 178 45 ^.«urtes,
625 2207 164 41 obtuses
821 2218 79 29 aux
927 2208 105 40 deux
1060 2208 135 40 bouts.

477 2291 62 27 ccc
570 2302 53 6 —
664 2281 83 39 Ins.
787 2279 105 53 parf.
926 2280 108 40 Bord
1069 2280 234 41 abdominal
1328 2281 254 41 embrassant
1611 2296 56 26 un

418 2363 79 41 peu
527 2351 245 41 l'abdomen.
797 2353 151 39 Cellule
976 2353 149 39 fermée
1150 2364 50 29 en
1231 2364 222 41 apparence
1480 2365 75 40 par
1586 2366 80 28 une

415 2423 125 53 petite
560 2425 130 40 saillie
709 2426 258 40 nerviforme.
993 2426 192 41 Crochets
1206 2425 70 42 des
1291 2433 126 34 tarses
1441 2427 225 53 très-petits

416 2500 38 37 et
475 2498 23 39 à
516 2498 119 51 peine
655 2498 198 41 saillants.
877 2522 52 6 —
947 2498 234 53 Lycaznidx.
