1716 2984
626 263 41 5 --
703 241 49 39 67
783 262 49 5 —

123 349 157 37 montre
309 356 86 30 vers
416 345 35 39 le
484 343 50 41 10
565 347 107 37 août.
700 343 28 39 Il
750 346 60 36 est
840 354 191 29 commun
1059 353 69 29 sur
1147 341 57 41 les
1236 342 103 40 hau-

114 423 116 36 teurs
261 418 48 40 de
342 417 144 52 Lardy,
508 417 333 52 principalement
870 414 98 40 dans
1000 415 37 39 la
1056 414 127 52 partie
1213 414 127 40 droite

113 489 53 40 du
196 490 167 40 chemin
395 489 48 39 de
474 489 57 40 fer
563 500 49 28 en
640 491 147 37 venant
819 487 47 39 de
899 487 124 39 Paris.
1056 488 109 38 Nous
1187 487 152 39 l'avons

113 562 82 50 pris
222 562 110 39 aussi
367 572 68 28 sur
455 561 37 38 la
523 563 86 37 côte
639 559 48 40 de
720 558 227 52 Mauduyte,
971 558 88 50 près
1091 557 48 40 de
1168 556 169 49 Mantes,

113 633 100 39 dans
247 634 57 38 les
334 633 188 40 environs
559 631 49 41 de
639 631 239 51 Ponthieny
910 633 36 37 et
973 629 99 40 dans
1102 630 34 39 le
1168 641 93 40 parc
1292 630 47 40 de

115 706 133 50 Gurcy
272 702 387 53 (Seine-et-Marne).

165 780 54 37 Le
245 776 174 54 Satyrus
439 777 192 40 arethusa
650 779 129 49 paraît
800 774 244 43 d'ordinaire
1072 775 101 40 dans
1192 776 37 38 la
1246 786 92 40 pre-

110 850 128 39 mière
258 848 212 53 quinzaine
491 848 136 40 d'août
643 862 10 38 ;
677 859 44 29 sa
739 848 157 40 femelle
916 851 59 37 est
996 859 54 28 un
1070 859 79 41 peu
1168 846 168 41 tardive.

113 922 29 38 Il
162 925 59 37 est
238 922 298 39 très-commun
552 921 100 40 dans
672 921 57 40 les
750 920 204 41 clairières
973 920 132 40 arides
1125 919 149 41 situées
1288 931 50 28 en

111 994 85 39 face
217 993 49 40 de
290 994 37 39 la
347 997 91 37 tour
458 994 51 39 du
542 993 92 53 pâté
663 993 47 40 de
732 992 148 53 Lardy,
907 993 24 40 à
954 993 193 51 quelques
1167 993 173 39 minutes

112 1066 48 40 de
194 1066 180 40 distance
407 1066 48 40 de
489 1067 39 39 la
560 1067 148 39 station
743 1064 53 41 du
830 1066 161 40 chemin
1023 1065 49 40 de
1109 1065 71 40 fer.
1215 1065 61 40 On
1304 1065 35 39 le

111 1142 139 36 trouve
279 1139 110 39 aussi
415 1137 422 41 très-abondamment
856 1137 101 41 dans
975 1138 201 52 plusieurs
1192 1138 148 51 parties

111 1210 47 41 de
180 1211 39 40 la
236 1211 101 39 forêt
354 1210 48 40 de
417 1210 332 48 Fontainebleau,
768 1213 252 38 notamment
1034 1209 100 41 dans
1149 1210 39 39 la
1206 1208 134 53 plaine

113 1284 69 39 des
211 1284 106 49 pins,
339 1295 69 27 sur
435 1283 38 39 la
502 1286 115 36 route
653 1281 48 41 de
724 1284 161 38 Bouron
902 1297 10 37 -,
943 1294 101 28 nous
1075 1283 152 39 l'avons
1258 1282 82 59 I:¡jS

113 1355 223 50 également
367 1366 49 28 au
438 1354 181 47 Mont-de-
619 1354 101 47 PÔ,
745 1353 99 41 dans
864 1354 38 39 la
929 1355 101 39 forêt
1049 1354 48 41 de
1121 1355 215 51 Chantilly.

110 1426 32 40 Il
178 1439 41 27 se
249 1430 139 37 trouve
413 1427 124 46 aussi,
566 1427 102 39 mais
688 1430 219 44 rarement,
931 1426 101 40 dans
1063 1427 57 39 les
1153 1427 119 39 forêts
1292 1427 49 39 de

110 1499 139 40 Sénart
271 1504 38 34 et
340 1498 53 39 du
415 1497 171 41 Vésinet.
618 1498 30 39 Il
679 1497 95 40 était
803 1498 109 51 jadis
942 1499 92 39 très-
1050 1510 190 29 commun
1261 1500 23 39 à
1302 1499 38 39 la

110 1582 173 28 varenne
313 1568 262 49 Saint-Maur,
597 1570 107 39 mais
725 1569 142 53 depuis
900 1571 56 39 les
982 1570 311 41 défrichements
1316 1572 23 38 il

111 1642 151 40 semble
283 1643 109 38 avoir
414 1641 262 40 entièrement
696 1641 166 52 disparu
884 1641 48 41 de
953 1647 102 36 cette
1075 1643 173 41 localité.

166 1713 244 53 L'Hesperia
442 1724 153 29 comma
616 1717 128 48 parait
777 1715 23 40 à
822 1715 38 38 la
889 1718 128 37 même
1043 1715 154 51 époque
1232 1721 38 33 et
1299 1728 41 27 se

112 1788 138 37 trouve
288 1797 48 27 en
368 1784 158 51 général
563 1784 106 40 dans
709 1786 57 40 les
804 1788 148 38 mêmes
990 1787 176 40 localités
1198 1799 77 39 que
1304 1788 36 39 le

112 1856 178 52 Satyrus
319 1857 202 41 cirethusa.

166 1931 53 37 Le
249 1929 236 52 Syrichthus
520 1933 109 37 cirsii
660 1935 59 36 est
748 1931 208 52 beaucoup
981 1932 89 51 plus
1095 1943 100 28 rare.
1230 1934 110 38 Nous

110 2002 153 40 l'avons
284 2002 81 52 pris
385 2002 199 51 plusieurs
605 2003 76 40 fois
701 2004 23 39 à
744 2002 148 53 Lardy,
911 2003 100 41 dans
1031 2005 37 38 la
1088 2004 157 40 localité
1263 2017 77 38 que

111 2085 103 28 nous
237 2085 151 28 venons
422 2073 228 52 d'indiquer
668 2087 102 40 pour
797 2076 35 39 le
855 2074 169 53 Satyrus
1059 2076 206 39 arethusa.
1288 2079 52 37 Le

109 2150 40 37 S.
175 2151 110 36 cirsii
316 2160 40 27 se
384 2153 137 37 trouve
555 2151 108 38 aussi
694 2149 100 41 dans
826 2150 201 52 plusieurs
1048 2150 148 51 parties
1227 2150 47 39 de
1304 2151 37 38 la

111 2221 100 39 forêt
232 2220 48 40 de
301 2221 325 48 Fontainebleau,
650 2233 78 28 aux
747 2222 189 40 environs
957 2221 54 39 du
1031 2221 143 39 rocher
1203 2222 135 39 Saint-

113 2293 201 48 Germain,
336 2296 116 36 vente
472 2304 75 28 aux
574 2294 168 47 Moines,
766 2297 74 36 etc.
866 2294 110 38 Cette
996 2294 139 50 espèce
1157 2296 58 36 est
1242 2304 97 28 sou-

112 2368 91 34 vent
225 2363 224 41 confondue
484 2376 93 28 avec
602 2377 62 28 ses
686 2365 243 50 congénères
957 2369 37 35 et
1026 2364 161 53 appelée
1209 2367 129 37 tantôt

110 2439 206 52 fritillum,
345 2440 207 52 onofJordi,
573 2441 150 46 nll)eus,
753 2445 72 36 etc.
