1756 3000
963 333 52 6 —
1046 315 52 37 70
1130 335 45 4 —

450 414 130 49 temps
600 410 40 39 la
660 410 209 52 Luperina
894 411 191 50 testacea,
1108 415 39 35 et
1165 410 252 52 quelquefois
1435 416 125 49 aussi,
1582 419 102 41 mais

449 484 211 53 beaucoup
680 484 91 53 plus
790 487 218 46 rarement,
1027 484 40 40 la
1086 484 208 53 Luperina
1320 486 227 44 DumeriUi.

505 557 94 39 Vers
628 556 59 40 les
717 557 196 50 premiers
944 557 113 50 jours
1091 556 55 40 du
1173 558 105 41 mois
1310 558 50 41 de
1387 562 241 52 septembre,
1648 566 37 40 le

448 628 173 52 Lycœna
645 628 142 40 bœtica
816 639 235 30 commence
1081 628 23 40 à
1136 631 175 50 paraître
1333 632 63 52 (1).
1427 633 32 39 Il
1478 637 61 37 est
1569 647 115 29 com-

448 713 100 28 mun
582 701 100 41 dans
711 703 58 39 les
800 713 120 41 parcs
952 703 54 39 où
1033 701 82 42 l'on
1143 702 148 43 cultive
1315 705 37 41 le
1383 705 303 52 baguenaudier

450 772 170 42 Colutea
657 776 202 48 arborea,
899 776 369 52 particulièrement
1301 789 81 29 aux
1410 776 187 45 environs
1635 782 49 42 de

449 847 317 40 Fontainebleau
796 850 39 37 et
869 846 49 42 de
946 848 286 41 Rambouillet.
1269 850 112 40 Nous
1415 850 154 43 l'avons
1599 855 84 52 pris

448 920 254 50 quelquefois
732 920 220 51 voltigeant
986 923 147 38 autour
1167 921 70 41 des
1275 921 324 52 baguenaudiers
1633 927 49 41 de

445 985 152 47 l'École
612 992 235 51 botanique,
870 1002 50 30 au
936 990 140 43 Jardin
1096 992 70 42 des
1182 994 175 53 plantes.

502 1065 41 41 Si
563 1065 82 41 l'on
674 1065 138 53 frappe
836 1066 59 40 les
918 1066 202 52 peupliers
1141 1069 38 38 et
1211 1069 159 38 surtout
1392 1067 59 41 les
1474 1068 206 51 trembles,

447 1150 53 29 on
529 1150 49 29 en
609 1139 85 40 fera
722 1137 160 42 tomber
915 1139 40 40 la
985 1140 186 40 Xanthia
1206 1152 162 40 cerago.
1404 1141 112 42 Cette
1543 1142 142 54 espèce

447 1212 105 39 n'est
570 1222 73 42 pas
662 1223 90 29 rare
772 1211 101 41 dans
898 1212 39 40 la
954 1210 104 42 forêt
1078 1211 48 41 de
1145 1210 159 54 Bondy.

499 1285 57 39 La
574 1284 186 42 Xanthia
780 1286 159 50 'citrago
958 1285 57 40 vit
1043 1285 319 41 exclusivement
1382 1296 70 29 sur
1477 1285 38 40 le
1534 1284 146 42 tilleul.

446 1349 237 48 ^convient
699 1356 48 41 de
764 1357 132 40 battre
921 1358 38 40 le
981 1361 114 38 tronc
1117 1357 49 41 de
1186 1368 69 31 ces
1273 1357 137 41 arbres
1431 1358 35 40 si
1488 1357 84 42 l'on
1588 1362 95 38 veut

443 1441 42 29 se
504 1441 192 41 procurer
716 1433 62 37 cet
791 1431 169 40 insecte.

498 1501 62 53 L'
560 1501 208 53 Hyporina
787 1512 190 42 croceago
1003 1501 137 42 habite
1162 1501 49 42 de
1234 1502 233 53 préférence
1486 1504 57 40 les
1562 1504 122 42 taillis

443 1573 48 41 de
508 1575 148 40 chênes
678 1577 38 38 et
733 1573 51 42 de
798 1575 219 40 bouleaux.
1034 1576 77 39 Les
1126 1575 185 41 Xanthia
1325 1576 142 51 rufina
1488 1579 39 38 et
1544 1579 136 51 ferru-

441 1651 118 49 ginea
579 1652 70 38 ont
669 1650 24 40 à
709 1660 78 41 peu
805 1648 92 53 près
918 1649 58 40 les
998 1650 153 40 mêmes
1171 1661 167 29 mœurs.

494 1723 76 38 Les
588 1721 209 40 Ennomos
810 1722 181 40 alniaria
1007 1725 38 37 et
1066 1722 167 40 lunaria
1261 1733 44 30 se
1329 1725 188 39 trouvent
1528 1724 152 52 princi-

440 1793 202 52 palement
655 1805 69 28 sur
736 1794 37 40 le
787 1797 117 38 tronc
927 1794 71 41 des
1016 1793 139 41 arbres
1171 1794 69 52 qui
1260 1794 174 41 bordent
1446 1795 59 41 les
1525 1798 152 38 routes.

493 1864 57 40 La
556 1864 180 47 .Cidaria
758 1869 124 37 testât
884 1879 40 36 ,
938 1867 110 48 Lin.,
1065 1867 280 51 (achatinata),
1363 1866 125 50 Hub.,
1503 1868 105 41 aime
1619 1868 61 40 les

441 1936 179 42 endroits
639 1938 290 53 marécageux;
953 1951 52 28 on
1025 1939 38 40 la
1082 1942 143 38 trouve
1241 1938 102 42 dans
1355 1939 59 41 les
1427 1939 151 53 parties
1598 1939 82 41 hu-

441 2011 126 40 mides
600 2011 70 40 des
706 2010 102 53 bois,
832 2012 24 39 à
878 2010 185 53 Meudon,
1090 2012 158 53 Bondy,
1271 2016 77 38 etc.
1381 2014 110 46 Nous
1524 2013 154 42 l'avons

437 2085 108 52 prise
565 2083 252 53 quelquefois
846 2084 101 40 dans
977 2085 58 39 les
1069 2086 195 48 oseraies,
1283 2086 36 40 le
1352 2085 96 51 long
1480 2085 54 42 du
1562 2088 115 40 canal

439 2159 294 49 Saint-Martin,
755 2157 90 54 près
858 2157 48 41 de
921 2158 272 52 Saint-Denis;
1213 2157 103 42 mais
1334 2158 74 41 elle
1431 2159 105 41 n'est
1564 2171 112 29 com-

438 2242 122 29 mune
575 2231 108 40 nulle
697 2235 106 49 part.

490 2305 99 39 Vers
621 2304 37 40 le
691 2307 52 37 20
775 2304 253 52 septembre,
1068 2304 39 40 la
1136 2304 186 40 Xanthia
1354 2306 165 51 gilvago
1553 2310 38 37 et
1613 2318 64 31 ses

436 2374 170 42 variétés
644 2381 282 36 commencent
962 2377 24 39 à
1024 2376 148 41 éclore.
1215 2376 58 41 On
1310 2376 60 42 les
1411 2379 178 40 trouvait
1626 2391 49 29 en

476 2478 44 40 (1)
540 2477 25 32 Il
583 2486 20 32 y
623 2486 19 24 a
661 2477 56 33 des
737 2478 121 33 années
880 2479 42 32 où
952 2486 35 25 ce
1015 2478 223 42 Polyommate
1268 2485 188 27 commpnce
1483 2479 21 35 à
1532 2479 143 41 paraître

436 2529 55 35 dès
512 2529 48 35 les
580 2531 148 34 derniers
745 2532 95 43 jours
861 2531 39 34 de
916 2531 126 43 juillet.-
