<?xml version="1.0" encoding="utf-8"?>
<alto SCHEMAVERSION="alto_bnf-v2_0" xmlns="http://www.loc.gov/standards/alto/ns-v3#" xmlns:xlink="http://www.w3.org/TR/xlink" xmlns:xsi="http://www.w3.org/2001/XMLSchema-instance" xsi:schemaLocation="http://www.loc.gov/standards/alto/ns-v3# http://bibnum.bnf.fr/schema/alto_bnf-v2_0.xsd">
  <Description>
    <MeasurementUnit>pixel</MeasurementUnit>
    <sourceImageInformation>
      <fileName>00000200.jp2</fileName>
      <documentIdentifier documentIdentifierLocation="IFN">9612399</documentIdentifier>
    </sourceImageInformation>
    <OCRProcessing ID="OCR_1">
      <ocrProcessingStep>
        <processingDateTime>2015-10-09</processingDateTime>
        <processingStepDescription>[001_OCR_BRUT]OCR BRUT 99.24 %</processingStepDescription>
        <processingStepDescription>[002_CHARS]{1120}</processingStepDescription>
        <processingStepDescription>[003_CHARS_USED]{1044}</processingStepDescription>
        <processingStepDescription>[004_CHARS_SUSPECTS_USED]{0}</processingStepDescription>
        <processingStepDescription>[005_CHARS_UNUSED]{76}</processingStepDescription>
        <processingStepDescription>[006_CHARS_SUSPECTS_UNUSED]{0}</processingStepDescription>
        <processingStepDescription>[007_STRINGS]{222}</processingStepDescription>
        <processingStepDescription>[008_STRINGS_USED]{222}</processingStepDescription>
        <processingStepDescription>[009_STRINGS_SUSPECTS_UNUSED]{0}</processingStepDescription>
        <processingStepDescription>[010_CHARS_LETTERS]{1044}</processingStepDescription>
        <processingStepDescription>[011_CHARS_PUNCTUATION]{65}</processingStepDescription>
        <processingStepDescription>[012_CHARS_DIGITS]{9}</processingStepDescription>
        <processingStepDescription>[013_CHARS_SUSPECT]{0}</processingStepDescription>
        <processingStepDescription>[022_CHARS_UNUSED_BY_BLOCK]{0}</processingStepDescription>
        <processingStepDescription>[023_BLOCKS_SUSPECTS]{0}</processingStepDescription>
        <processingStepDescription>[111_LIGS_DETECTED_CURV]{0}</processingStepDescription>
      </ocrProcessingStep>
    </OCRProcessing>
  </Description>
  <Styles>
    <TextStyle FONTFAMILY="Times" FONTSIZE="7" ID="TXT_4"/>
    <TextStyle FONTFAMILY="Times" FONTSIZE="9" ID="TXT_5"/>
    <TextStyle FONTFAMILY="Times" FONTSIZE="8" ID="TXT_7"/>
  </Styles>
  <Tags>
    <OtherTag ID="TAG_importantEN" LABEL="important" TYPE="EN"/>
    <OtherTag ID="TAG_important" LABEL="important"/>
  </Tags>
  <Layout>
    <Page ACCURACY="99.24" HEIGHT="3012" ID="PAG_00000200" PHYSICAL_IMG_NR="200" PRINTED_IMG_NR="194" QUALITY="OK" WIDTH="1792">
      <TopMargin HEIGHT="443" HPOS="0" ID="PAG_00000200_TopMargin" VPOS="0" WIDTH="1792">
        <TextBlock HEIGHT="39" HPOS="858" ID="PAG_00000200_TB000001" LANG="fr" STYLEREFS="TXT_4" VPOS="332" WIDTH="241">
          <TextLine HEIGHT="39" HPOS="858" ID="PAG_00000200_TL000001" STYLEREFS="TXT_4" VPOS="332" WIDTH="241">
            <String CONTENT="—" HEIGHT="5" HPOS="858" ID="PAG_00000200_ST000001" STYLEREFS="TXT_7" VPOS="354" WC="1" WIDTH="49"/>
            <SP HPOS="907" ID="PAG_00000200_SP000001" VPOS="332" WIDTH="37"/>
            <String CONTENT="101" HEIGHT="39" HPOS="944" ID="PAG_00000200_ST000002" STYLEREFS="TXT_4" VPOS="332" WC="0.73" WIDTH="73"/>
            <SP HPOS="1017" ID="PAG_00000200_SP000002" VPOS="353" WIDTH="31"/>
            <String CONTENT="—" HEIGHT="6" HPOS="1048" ID="PAG_00000200_ST000003" STYLEREFS="TXT_4" VPOS="353" WC="1" WIDTH="51"/>
          </TextLine>
        </TextBlock>
      </TopMargin>
      <PrintSpace HEIGHT="2128" HPOS="370" ID="PAG_00000200_PrintSpace" VPOS="443" WIDTH="1253">
        <TextBlock HEIGHT="53" HPOS="377" ID="PAG_00000200_TB000002" LANG="fr" STYLEREFS="TXT_5" VPOS="443" WIDTH="934">
          <TextLine HEIGHT="53" HPOS="377" ID="PAG_00000200_TL000002" STYLEREFS="TXT_5" VPOS="443" WIDTH="934">
            <String CONTENT="EPISTYGNE." HEIGHT="40" HPOS="377" ID="PAG_00000200_ST000004" STYLEREFS="TXT_7" VPOS="445" WC="1" WIDTH="251"/>
            <SP HPOS="628" ID="PAG_00000200_SP000003" VPOS="444" WIDTH="23"/>
            <String CONTENT="Bdv." HEIGHT="40" HPOS="651" ID="PAG_00000200_ST000005" STYLEREFS="TXT_5" VPOS="444" WC="1" WIDTH="96"/>
            <SP HPOS="747" ID="PAG_00000200_SP000004" VPOS="446" WIDTH="28"/>
            <String CONTENT="le." HEIGHT="39" HPOS="775" ID="PAG_00000200_ST000006" STYLEREFS="TXT_5" VPOS="446" WC="0.95" WIDTH="55"/>
            <SP HPOS="830" ID="PAG_00000200_SP000005" VPOS="445" WIDTH="25"/>
            <String CONTENT="Dup." HEIGHT="51" HPOS="855" ID="PAG_00000200_ST000007" STYLEREFS="TXT_5" VPOS="445" WC="1" WIDTH="104"/>
            <SP HPOS="959" ID="PAG_00000200_SP000006" VPOS="443" WIDTH="25"/>
            <String CONTENT="(pl." HEIGHT="53" HPOS="984" ID="PAG_00000200_ST000008" STYLEREFS="TXT_5" VPOS="443" WC="1" WIDTH="74"/>
            <SP HPOS="1058" ID="PAG_00000200_SP000007" VPOS="448" WIDTH="25"/>
            <String CONTENT="15," HEIGHT="44" HPOS="1083" ID="PAG_00000200_ST000009" STYLEREFS="TXT_7" VPOS="448" WC="0.81" WIDTH="63"/>
            <SP HPOS="1146" ID="PAG_00000200_SP000008" VPOS="445" WIDTH="25"/>
            <String CONTENT="fig." HEIGHT="50" HPOS="1171" ID="PAG_00000200_ST000010" STYLEREFS="TXT_5" VPOS="445" WC="1" WIDTH="67"/>
            <SP HPOS="1238" ID="PAG_00000200_SP000009" VPOS="448" WIDTH="25"/>
            <String CONTENT="1)." HEIGHT="47" HPOS="1263" ID="PAG_00000200_ST000011" STYLEREFS="TXT_5" VPOS="448" WC="1" WIDTH="48"/>
          </TextLine>
        </TextBlock>
        <TextBlock HEIGHT="114" HPOS="376" ID="PAG_00000200_TB000003" LANG="fr" STYLEREFS="TXT_5" VPOS="544" WIDTH="1239">
          <TextLine HEIGHT="53" HPOS="430" ID="PAG_00000200_TL000003" STYLEREFS="TXT_5" VPOS="544" WIDTH="1183">
            <String CONTENT="Cette" HEIGHT="39" HPOS="430" ID="PAG_00000200_ST000012" STYLEREFS="TXT_5" VPOS="546" WC="1" WIDTH="112"/>
            <SP HPOS="542" ID="PAG_00000200_SP000010" VPOS="545" WIDTH="35"/>
            <String CONTENT="belle" HEIGHT="40" HPOS="577" ID="PAG_00000200_ST000013" STYLEREFS="TXT_5" VPOS="545" WC="1" WIDTH="103"/>
            <SP HPOS="680" ID="PAG_00000200_SP000011" VPOS="544" WIDTH="39"/>
            <String CONTENT="espèce" HEIGHT="53" HPOS="719" ID="PAG_00000200_ST000014" STYLEREFS="TXT_5" VPOS="544" WC="1" WIDTH="140"/>
            <SP HPOS="859" ID="PAG_00000200_SP000012" VPOS="546" WIDTH="48"/>
            <String CONTENT="n'est" HEIGHT="40" HPOS="907" ID="PAG_00000200_ST000015" STYLEREFS="TXT_5" VPOS="546" WC="1" WIDTH="104"/>
            <SP HPOS="1011" ID="PAG_00000200_SP000013" VPOS="557" WIDTH="29"/>
            <String CONTENT="pas" HEIGHT="40" HPOS="1040" ID="PAG_00000200_ST000016" STYLEREFS="TXT_5" VPOS="557" WC="1" WIDTH="71"/>
            <SP HPOS="1111" ID="PAG_00000200_SP000014" VPOS="546" WIDTH="33"/>
            <String CONTENT="très-commune," HEIGHT="48" HPOS="1144" ID="PAG_00000200_ST000017" STYLEREFS="TXT_5" VPOS="546" WC="1" WIDTH="335"/>
            <SP HPOS="1479" ID="PAG_00000200_SP000015" VPOS="557" WIDTH="39"/>
            <String CONTENT="sans" HEIGHT="28" HPOS="1518" ID="PAG_00000200_ST000018" STYLEREFS="TXT_5" VPOS="557" WC="1" WIDTH="95"/>
          </TextLine>
          <TextLine HEIGHT="42" HPOS="376" ID="PAG_00000200_TL000004" STYLEREFS="TXT_5" VPOS="616" WIDTH="1239">
            <String CONTENT="doute" HEIGHT="40" HPOS="376" ID="PAG_00000200_ST000019" STYLEREFS="TXT_5" VPOS="617" WC="1" WIDTH="123"/>
            <SP HPOS="499" ID="PAG_00000200_SP000016" VPOS="617" WIDTH="22"/>
            <String CONTENT="à" HEIGHT="39" HPOS="521" ID="PAG_00000200_ST000020" STYLEREFS="TXT_5" VPOS="617" WC="1" WIDTH="25"/>
            <SP HPOS="546" ID="PAG_00000200_SP000017" VPOS="628" WIDTH="18"/>
            <String CONTENT="cause" HEIGHT="29" HPOS="564" ID="PAG_00000200_ST000021" STYLEREFS="TXT_5" VPOS="628" WC="1" WIDTH="122"/>
            <SP HPOS="686" ID="PAG_00000200_SP000018" VPOS="617" WIDTH="21"/>
            <String CONTENT="des" HEIGHT="40" HPOS="707" ID="PAG_00000200_ST000022" STYLEREFS="TXT_5" VPOS="617" WC="1" WIDTH="70"/>
            <SP HPOS="777" ID="PAG_00000200_SP000019" VPOS="617" WIDTH="20"/>
            <String CONTENT="localités" HEIGHT="41" HPOS="797" ID="PAG_00000200_ST000023" STYLEREFS="TXT_5" VPOS="617" WC="1" WIDTH="182"/>
            <SP HPOS="979" ID="PAG_00000200_SP000020" VPOS="616" WIDTH="31"/>
            <String CONTENT="restreintes" HEIGHT="41" HPOS="1010" ID="PAG_00000200_ST000024" STYLEREFS="TXT_5" VPOS="616" WC="1" WIDTH="234"/>
            <SP HPOS="1244" ID="PAG_00000200_SP000021" VPOS="619" WIDTH="32"/>
            <String CONTENT="où" HEIGHT="38" HPOS="1276" ID="PAG_00000200_ST000025" STYLEREFS="TXT_5" VPOS="619" WC="1" WIDTH="53"/>
            <SP HPOS="1329" ID="PAG_00000200_SP000022" VPOS="617" WIDTH="35"/>
            <String CONTENT="elle" HEIGHT="40" HPOS="1364" ID="PAG_00000200_ST000026" STYLEREFS="TXT_5" VPOS="617" WC="1" WIDTH="75"/>
            <SP HPOS="1439" ID="PAG_00000200_SP000023" VPOS="616" WIDTH="20"/>
            <String CONTENT="habite." HEIGHT="40" HPOS="1459" ID="PAG_00000200_ST000027" STYLEREFS="TXT_5" VPOS="616" WC="1" WIDTH="156"/>
          </TextLine>
        </TextBlock>
        <TextBlock HEIGHT="124" HPOS="370" ID="PAG_00000200_TB000004" LANG="fr" STYLEREFS="TXT_5" VPOS="690" WIDTH="1246">
          <TextLine HEIGHT="53" HPOS="377" ID="PAG_00000200_TL000005" STYLEREFS="TXT_5" VPOS="690" WIDTH="1239">
            <String CONTENT="Département" HEIGHT="53" HPOS="377" ID="PAG_00000200_ST000028" STYLEREFS="TXT_5" TAGREFS="TAG_importantEN" VPOS="690" WC="1" WIDTH="285"/>
            <SP HPOS="662" ID="PAG_00000200_SP000024" VPOS="691" WIDTH="21"/>
            <String CONTENT="du" HEIGHT="39" HPOS="683" ID="PAG_00000200_ST000029" STYLEREFS="TXT_5" VPOS="691" WC="1" WIDTH="54"/>
            <SP HPOS="737" ID="PAG_00000200_SP000025" VPOS="693" WIDTH="21"/>
            <String CONTENT="Var" HEIGHT="38" HPOS="758" ID="PAG_00000200_ST000030" STYLEREFS="TXT_5" TAGREFS="TAG_importantEN" VPOS="693" WC="1" WIDTH="79"/>
            <SP HPOS="837" ID="PAG_00000200_SP000026" VPOS="695" WIDTH="27"/>
            <String CONTENT="et" HEIGHT="36" HPOS="864" ID="PAG_00000200_ST000031" STYLEREFS="TXT_5" VPOS="695" WC="1" WIDTH="39"/>
            <SP HPOS="903" ID="PAG_00000200_SP000027" VPOS="690" WIDTH="28"/>
            <String CONTENT="des" HEIGHT="41" HPOS="931" ID="PAG_00000200_ST000032" STYLEREFS="TXT_5" VPOS="690" WC="1" WIDTH="70"/>
            <SP HPOS="1001" ID="PAG_00000200_SP000028" VPOS="692" WIDTH="31"/>
            <String CONTENT="Basses-Alpes," HEIGHT="51" HPOS="1032" ID="PAG_00000200_ST000033" STYLEREFS="TXT_5" VPOS="692" WC="1" WIDTH="305"/>
            <SP HPOS="1337" ID="PAG_00000200_SP000029" VPOS="703" WIDTH="30"/>
            <String CONTENT="en" HEIGHT="27" HPOS="1367" ID="PAG_00000200_ST000034" STYLEREFS="TXT_5" VPOS="703" WC="1" WIDTH="49"/>
            <SP HPOS="1416" ID="PAG_00000200_SP000030" VPOS="701" WIDTH="32"/>
            <String CONTENT="mars" HEIGHT="28" HPOS="1448" ID="PAG_00000200_ST000035" STYLEREFS="TXT_5" VPOS="701" WC="1" WIDTH="109"/>
            <SP HPOS="1557" ID="PAG_00000200_SP000031" VPOS="693" WIDTH="19"/>
            <String CONTENT="et" HEIGHT="37" HPOS="1576" ID="PAG_00000200_ST000036" STYLEREFS="TXT_5" VPOS="693" WC="1" WIDTH="40"/>
          </TextLine>
          <TextLine HEIGHT="51" HPOS="370" ID="PAG_00000200_TL000006" STYLEREFS="TXT_5" VPOS="763" WIDTH="151">
            <String CONTENT="juillet." HEIGHT="51" HPOS="370" ID="PAG_00000200_ST000037" STYLEREFS="TXT_5" VPOS="763" WC="1" WIDTH="151"/>
          </TextLine>
        </TextBlock>
        <TextBlock HEIGHT="50" HPOS="376" ID="PAG_00000200_TB000005" LANG="fr" STYLEREFS="TXT_7" VPOS="861" WIDTH="419">
          <TextLine HEIGHT="50" HPOS="376" ID="PAG_00000200_TL000007" STYLEREFS="TXT_7" VPOS="861" WIDTH="419">
            <String CONTENT="MANTO," HEIGHT="49" HPOS="376" ID="PAG_00000200_ST000038" STYLEREFS="TXT_7" VPOS="862" WC="1" WIDTH="164"/>
            <SP HPOS="540" ID="PAG_00000200_SP000032" VPOS="861" WIDTH="23"/>
            <String CONTENT="S." HEIGHT="42" HPOS="563" ID="PAG_00000200_ST000039" STYLEREFS="TXT_5" VPOS="861" WC="1" WIDTH="43"/>
            <SP HPOS="606" ID="PAG_00000200_SP000033" VPOS="863" WIDTH="21"/>
            <String CONTENT="V." HEIGHT="39" HPOS="627" ID="PAG_00000200_ST000040" STYLEREFS="TXT_7" VPOS="863" WC="0.84" WIDTH="46"/>
            <SP HPOS="673" ID="PAG_00000200_SP000034" VPOS="862" WIDTH="19"/>
            <String CONTENT="God." HEIGHT="41" HPOS="692" ID="PAG_00000200_ST000041" STYLEREFS="TXT_5" VPOS="862" WC="1" WIDTH="103"/>
          </TextLine>
        </TextBlock>
        <TextBlock HEIGHT="558" HPOS="376" ID="PAG_00000200_TB000006" LANG="fr" STYLEREFS="TXT_5" VPOS="953" WIDTH="1243">
          <TextLine HEIGHT="54" HPOS="432" ID="PAG_00000200_TL000008" STYLEREFS="TXT_5" VPOS="953" WIDTH="1185">
            <String CONTENT="40m." HEIGHT="40" HPOS="432" ID="PAG_00000200_ST000042" STYLEREFS="TXT_5" VPOS="956" WC="0.93" WIDTH="101"/>
            <SP HPOS="533" ID="PAG_00000200_SP000035" VPOS="955" WIDTH="23"/>
            <String CONTENT="Ailes" HEIGHT="41" HPOS="556" ID="PAG_00000200_ST000043" STYLEREFS="TXT_5" VPOS="955" WC="1" WIDTH="108"/>
            <SP HPOS="664" ID="PAG_00000200_SP000036" VPOS="956" WIDTH="21"/>
            <String CONTENT="d'un" HEIGHT="40" HPOS="685" ID="PAG_00000200_ST000044" STYLEREFS="TXT_5" VPOS="956" WC="1" WIDTH="97"/>
            <SP HPOS="782" ID="PAG_00000200_SP000037" VPOS="956" WIDTH="16"/>
            <String CONTENT="brun" HEIGHT="40" HPOS="798" ID="PAG_00000200_ST000045" STYLEREFS="TXT_5" VPOS="956" WC="1" WIDTH="104"/>
            <SP HPOS="902" ID="PAG_00000200_SP000038" VPOS="960" WIDTH="22"/>
            <String CONTENT="terne," HEIGHT="43" HPOS="924" ID="PAG_00000200_ST000046" STYLEREFS="TXT_5" VPOS="960" WC="1" WIDTH="126"/>
            <SP HPOS="1050" ID="PAG_00000200_SP000039" VPOS="968" WIDTH="22"/>
            <String CONTENT="un" HEIGHT="27" HPOS="1072" ID="PAG_00000200_ST000047" STYLEREFS="TXT_5" VPOS="968" WC="1" WIDTH="57"/>
            <SP HPOS="1129" ID="PAG_00000200_SP000040" VPOS="967" WIDTH="21"/>
            <String CONTENT="peu" HEIGHT="40" HPOS="1150" ID="PAG_00000200_ST000048" STYLEREFS="TXT_5" VPOS="967" WC="1" WIDTH="79"/>
            <SP HPOS="1229" ID="PAG_00000200_SP000041" VPOS="953" WIDTH="22"/>
            <String CONTENT="oblongues," HEIGHT="53" HPOS="1251" ID="PAG_00000200_ST000049" STYLEREFS="TXT_5" VPOS="953" WC="1" WIDTH="239"/>
            <SP HPOS="1490" ID="PAG_00000200_SP000042" VPOS="967" WIDTH="30"/>
            <String CONTENT="avec" HEIGHT="28" HPOS="1520" ID="PAG_00000200_ST000050" STYLEREFS="TXT_5" VPOS="967" WC="1" WIDTH="97"/>
          </TextLine>
          <TextLine HEIGHT="52" HPOS="376" ID="PAG_00000200_TL000009" STYLEREFS="TXT_5" VPOS="1028" WIDTH="1237">
            <String CONTENT="une" HEIGHT="27" HPOS="376" ID="PAG_00000200_ST000051" STYLEREFS="TXT_5" VPOS="1040" WC="1" WIDTH="80"/>
            <SP HPOS="456" ID="PAG_00000200_SP000043" VPOS="1028" WIDTH="39"/>
            <String CONTENT="bande," HEIGHT="49" HPOS="495" ID="PAG_00000200_ST000052" STYLEREFS="TXT_5" VPOS="1028" WC="1" WIDTH="149"/>
            <SP HPOS="644" ID="PAG_00000200_SP000044" VPOS="1040" WIDTH="33"/>
            <String CONTENT="peu" HEIGHT="40" HPOS="677" ID="PAG_00000200_ST000053" STYLEREFS="TXT_5" VPOS="1040" WC="1" WIDTH="79"/>
            <SP HPOS="756" ID="PAG_00000200_SP000045" VPOS="1028" WIDTH="32"/>
            <String CONTENT="arrêtée," HEIGHT="47" HPOS="788" ID="PAG_00000200_ST000054" STYLEREFS="TXT_5" VPOS="1028" WC="1" WIDTH="168"/>
            <SP HPOS="956" ID="PAG_00000200_SP000046" VPOS="1028" WIDTH="33"/>
            <String CONTENT="d'un" HEIGHT="39" HPOS="989" ID="PAG_00000200_ST000055" STYLEREFS="TXT_5" VPOS="1028" WC="1" WIDTH="95"/>
            <SP HPOS="1084" ID="PAG_00000200_SP000047" VPOS="1028" WIDTH="33"/>
            <String CONTENT="ferrugineux" HEIGHT="50" HPOS="1117" ID="PAG_00000200_ST000056" STYLEREFS="TXT_5" VPOS="1028" WC="1" WIDTH="260"/>
            <SP HPOS="1377" ID="PAG_00000200_SP000048" VPOS="1028" WIDTH="31"/>
            <String CONTENT="noirâtre" HEIGHT="39" HPOS="1408" ID="PAG_00000200_ST000057" STYLEREFS="TXT_5" VPOS="1028" WC="1" WIDTH="176"/>
            <SP HPOS="1584" ID="PAG_00000200_SP000049" VPOS="1040" WIDTH="19"/>
            <String CONTENT=";" HEIGHT="35" HPOS="1603" ID="PAG_00000200_ST000058" STYLEREFS="TXT_5" VPOS="1040" WC="1" WIDTH="10"/>
          </TextLine>
          <TextLine HEIGHT="54" HPOS="376" ID="PAG_00000200_TL000010" STYLEREFS="TXT_5" VPOS="1098" WIDTH="1243">
            <String CONTENT="quatre" HEIGHT="45" HPOS="376" ID="PAG_00000200_ST000059" STYLEREFS="TXT_5" VPOS="1105" WC="1" WIDTH="142"/>
            <SP HPOS="518" ID="PAG_00000200_SP000050" VPOS="1101" WIDTH="20"/>
            <String CONTENT="points" HEIGHT="51" HPOS="538" ID="PAG_00000200_ST000060" STYLEREFS="TXT_5" VPOS="1101" WC="1" WIDTH="135"/>
            <SP HPOS="673" ID="PAG_00000200_SP000051" VPOS="1101" WIDTH="21"/>
            <String CONTENT="noirs" HEIGHT="40" HPOS="694" ID="PAG_00000200_ST000061" STYLEREFS="TXT_5" VPOS="1101" WC="1" WIDTH="113"/>
            <SP HPOS="807" ID="PAG_00000200_SP000052" VPOS="1112" WIDTH="28"/>
            <String CONTENT="non" HEIGHT="28" HPOS="835" ID="PAG_00000200_ST000062" STYLEREFS="TXT_5" VPOS="1112" WC="1" WIDTH="83"/>
            <SP HPOS="918" ID="PAG_00000200_SP000053" VPOS="1100" WIDTH="27"/>
            <String CONTENT="ocellés" HEIGHT="41" HPOS="945" ID="PAG_00000200_ST000063" STYLEREFS="TXT_5" VPOS="1100" WC="1" WIDTH="147"/>
            <SP HPOS="1092" ID="PAG_00000200_SP000054" VPOS="1112" WIDTH="31"/>
            <String CONTENT="sur" HEIGHT="28" HPOS="1123" ID="PAG_00000200_ST000064" STYLEREFS="TXT_5" VPOS="1112" WC="1" WIDTH="70"/>
            <SP HPOS="1193" ID="PAG_00000200_SP000055" VPOS="1099" WIDTH="32"/>
            <String CONTENT="les" HEIGHT="40" HPOS="1225" ID="PAG_00000200_ST000065" STYLEREFS="TXT_5" VPOS="1099" WC="1" WIDTH="57"/>
            <SP HPOS="1282" ID="PAG_00000200_SP000056" VPOS="1098" WIDTH="20"/>
            <String CONTENT="supérieures" HEIGHT="53" HPOS="1302" ID="PAG_00000200_ST000066" STYLEREFS="TXT_5" VPOS="1098" WC="1" WIDTH="253"/>
            <SP HPOS="1555" ID="PAG_00000200_SP000057" VPOS="1103" WIDTH="25"/>
            <String CONTENT="et" HEIGHT="36" HPOS="1580" ID="PAG_00000200_ST000067" STYLEREFS="TXT_5" VPOS="1103" WC="1" WIDTH="39"/>
          </TextLine>
          <TextLine HEIGHT="52" HPOS="377" ID="PAG_00000200_TL000011" STYLEREFS="TXT_5" VPOS="1171" WIDTH="1239">
            <String CONTENT="ordinairement" HEIGHT="41" HPOS="377" ID="PAG_00000200_ST000068" STYLEREFS="TXT_5" VPOS="1172" WC="1" WIDTH="321"/>
            <SP HPOS="698" ID="PAG_00000200_SP000058" VPOS="1173" WIDTH="38"/>
            <String CONTENT="trois" HEIGHT="39" HPOS="736" ID="PAG_00000200_ST000069" STYLEREFS="TXT_5" VPOS="1173" WC="1" WIDTH="99"/>
            <SP HPOS="835" ID="PAG_00000200_SP000059" VPOS="1184" WIDTH="32"/>
            <String CONTENT="aux" HEIGHT="28" HPOS="867" ID="PAG_00000200_ST000070" STYLEREFS="TXT_5" VPOS="1184" WC="1" WIDTH="78"/>
            <SP HPOS="945" ID="PAG_00000200_SP000060" VPOS="1172" WIDTH="33"/>
            <String CONTENT="inférieures" HEIGHT="40" HPOS="978" ID="PAG_00000200_ST000071" STYLEREFS="TXT_5" VPOS="1172" WC="1" WIDTH="237"/>
            <SP HPOS="1215" ID="PAG_00000200_SP000061" VPOS="1186" WIDTH="18"/>
            <String CONTENT=";" HEIGHT="37" HPOS="1233" ID="PAG_00000200_ST000072" STYLEREFS="TXT_5" VPOS="1186" WC="1" WIDTH="10"/>
            <SP HPOS="1243" ID="PAG_00000200_SP000062" VPOS="1172" WIDTH="34"/>
            <String CONTENT="quelques" HEIGHT="50" HPOS="1277" ID="PAG_00000200_ST000073" STYLEREFS="TXT_5" VPOS="1172" WC="1" WIDTH="193"/>
            <SP HPOS="1470" ID="PAG_00000200_SP000063" VPOS="1171" WIDTH="31"/>
            <String CONTENT="traits" HEIGHT="39" HPOS="1501" ID="PAG_00000200_ST000074" STYLEREFS="TXT_5" VPOS="1171" WC="1" WIDTH="115"/>
          </TextLine>
          <TextLine HEIGHT="50" HPOS="377" ID="PAG_00000200_TL000012" STYLEREFS="TXT_5" VPOS="1243" WIDTH="1241">
            <String CONTENT="noirs" HEIGHT="40" HPOS="377" ID="PAG_00000200_ST000075" STYLEREFS="TXT_5" VPOS="1246" WC="1" WIDTH="112"/>
            <SP HPOS="489" ID="PAG_00000200_SP000064" VPOS="1246" WIDTH="21"/>
            <String CONTENT="dans" HEIGHT="39" HPOS="510" ID="PAG_00000200_ST000076" STYLEREFS="TXT_5" VPOS="1246" WC="1" WIDTH="101"/>
            <SP HPOS="611" ID="PAG_00000200_SP000065" VPOS="1246" WIDTH="24"/>
            <String CONTENT="la" HEIGHT="39" HPOS="635" ID="PAG_00000200_ST000077" STYLEREFS="TXT_5" VPOS="1246" WC="1" WIDTH="39"/>
            <SP HPOS="674" ID="PAG_00000200_SP000066" VPOS="1246" WIDTH="15"/>
            <String CONTENT="cellule." HEIGHT="40" HPOS="689" ID="PAG_00000200_ST000078" STYLEREFS="TXT_5" VPOS="1246" WC="1" WIDTH="156"/>
            <SP HPOS="845" ID="PAG_00000200_SP000067" VPOS="1247" WIDTH="25"/>
            <String CONTENT="Dessous" HEIGHT="38" HPOS="870" ID="PAG_00000200_ST000079" STYLEREFS="TXT_5" VPOS="1247" WC="1" WIDTH="176"/>
            <SP HPOS="1046" ID="PAG_00000200_SP000068" VPOS="1244" WIDTH="22"/>
            <String CONTENT="des" HEIGHT="41" HPOS="1068" ID="PAG_00000200_ST000080" STYLEREFS="TXT_5" VPOS="1244" WC="1" WIDTH="70"/>
            <SP HPOS="1138" ID="PAG_00000200_SP000069" VPOS="1243" WIDTH="24"/>
            <String CONTENT="inférieures" HEIGHT="41" HPOS="1162" ID="PAG_00000200_ST000081" STYLEREFS="TXT_5" VPOS="1243" WC="1" WIDTH="237"/>
            <SP HPOS="1399" ID="PAG_00000200_SP000070" VPOS="1243" WIDTH="21"/>
            <String CONTENT="d'un" HEIGHT="39" HPOS="1420" ID="PAG_00000200_ST000082" STYLEREFS="TXT_5" VPOS="1243" WC="1" WIDTH="96"/>
            <SP HPOS="1516" ID="PAG_00000200_SP000071" VPOS="1244" WIDTH="19"/>
            <String CONTENT="gris" HEIGHT="49" HPOS="1535" ID="PAG_00000200_ST000083" STYLEREFS="TXT_5" VPOS="1244" WC="1" WIDTH="83"/>
          </TextLine>
          <TextLine HEIGHT="53" HPOS="379" ID="PAG_00000200_TL000013" STYLEREFS="TXT_5" VPOS="1315" WIDTH="1237">
            <String CONTENT="brunâtre," HEIGHT="50" HPOS="379" ID="PAG_00000200_ST000084" STYLEREFS="TXT_5" VPOS="1318" WC="1" WIDTH="211"/>
            <SP HPOS="590" ID="PAG_00000200_SP000072" VPOS="1329" WIDTH="23"/>
            <String CONTENT="avec" HEIGHT="29" HPOS="613" ID="PAG_00000200_ST000085" STYLEREFS="TXT_5" VPOS="1329" WC="1" WIDTH="96"/>
            <SP HPOS="709" ID="PAG_00000200_SP000073" VPOS="1317" WIDTH="20"/>
            <String CONTENT="les" HEIGHT="41" HPOS="729" ID="PAG_00000200_ST000086" STYLEREFS="TXT_5" VPOS="1317" WC="1" WIDTH="58"/>
            <SP HPOS="787" ID="PAG_00000200_SP000074" VPOS="1317" WIDTH="33"/>
            <String CONTENT="lignes" HEIGHT="50" HPOS="820" ID="PAG_00000200_ST000087" STYLEREFS="TXT_5" VPOS="1317" WC="1" WIDTH="130"/>
            <SP HPOS="950" ID="PAG_00000200_SP000075" VPOS="1316" WIDTH="22"/>
            <String CONTENT="basilaire" HEIGHT="41" HPOS="972" ID="PAG_00000200_ST000088" STYLEREFS="TXT_5" VPOS="1316" WC="1" WIDTH="189"/>
            <SP HPOS="1161" ID="PAG_00000200_SP000076" VPOS="1320" WIDTH="19"/>
            <String CONTENT="et" HEIGHT="36" HPOS="1180" ID="PAG_00000200_ST000089" STYLEREFS="TXT_5" VPOS="1320" WC="1" WIDTH="39"/>
            <SP HPOS="1219" ID="PAG_00000200_SP000077" VPOS="1315" WIDTH="20"/>
            <String CONTENT="médiane" HEIGHT="41" HPOS="1239" ID="PAG_00000200_ST000090" STYLEREFS="TXT_5" VPOS="1315" WC="1" WIDTH="185"/>
            <SP HPOS="1424" ID="PAG_00000200_SP000078" VPOS="1315" WIDTH="27"/>
            <String CONTENT="brunes," HEIGHT="48" HPOS="1451" ID="PAG_00000200_ST000091" STYLEREFS="TXT_5" VPOS="1315" WC="1" WIDTH="165"/>
          </TextLine>
          <TextLine HEIGHT="51" HPOS="379" ID="PAG_00000200_TL000014" STYLEREFS="TXT_5" VPOS="1386" WIDTH="1237">
            <String CONTENT="sinuées," HEIGHT="48" HPOS="379" ID="PAG_00000200_ST000092" STYLEREFS="TXT_5" VPOS="1389" WC="1" WIDTH="179"/>
            <SP HPOS="558" ID="PAG_00000200_SP000079" VPOS="1390" WIDTH="13"/>
            <String CONTENT="formant" HEIGHT="40" HPOS="571" ID="PAG_00000200_ST000093" STYLEREFS="TXT_5" VPOS="1390" WC="1" WIDTH="179"/>
            <SP HPOS="750" ID="PAG_00000200_SP000080" VPOS="1400" WIDTH="14"/>
            <String CONTENT="une" HEIGHT="29" HPOS="764" ID="PAG_00000200_ST000094" STYLEREFS="TXT_5" VPOS="1400" WC="1" WIDTH="82"/>
            <SP HPOS="846" ID="PAG_00000200_SP000081" VPOS="1388" WIDTH="15"/>
            <String CONTENT="bande" HEIGHT="41" HPOS="861" ID="PAG_00000200_ST000095" STYLEREFS="TXT_5" VPOS="1388" WC="1" WIDTH="129"/>
            <SP HPOS="990" ID="PAG_00000200_SP000082" VPOS="1388" WIDTH="15"/>
            <String CONTENT="rétrécie" HEIGHT="41" HPOS="1005" ID="PAG_00000200_ST000096" STYLEREFS="TXT_5" VPOS="1388" WC="1" WIDTH="165"/>
            <SP HPOS="1170" ID="PAG_00000200_SP000083" VPOS="1400" WIDTH="18"/>
            <String CONTENT="au" HEIGHT="28" HPOS="1188" ID="PAG_00000200_ST000097" STYLEREFS="TXT_5" VPOS="1400" WC="1" WIDTH="52"/>
            <SP HPOS="1240" ID="PAG_00000200_SP000084" VPOS="1386" WIDTH="11"/>
            <String CONTENT="bord" HEIGHT="42" HPOS="1251" ID="PAG_00000200_ST000098" STYLEREFS="TXT_5" VPOS="1386" WC="1" WIDTH="102"/>
            <SP HPOS="1353" ID="PAG_00000200_SP000085" VPOS="1386" WIDTH="14"/>
            <String CONTENT="abdominal." HEIGHT="41" HPOS="1367" ID="PAG_00000200_ST000099" STYLEREFS="TXT_5" VPOS="1386" WC="1" WIDTH="249"/>
          </TextLine>
          <TextLine HEIGHT="51" HPOS="378" ID="PAG_00000200_TL000015" STYLEREFS="TXT_5" VPOS="1460" WIDTH="1037">
            <String CONTENT="Massue" HEIGHT="39" HPOS="378" ID="PAG_00000200_ST000100" STYLEREFS="TXT_5" VPOS="1462" WC="1" WIDTH="157"/>
            <SP HPOS="535" ID="PAG_00000200_SP000086" VPOS="1461" WIDTH="21"/>
            <String CONTENT="des" HEIGHT="40" HPOS="556" ID="PAG_00000200_ST000101" STYLEREFS="TXT_5" VPOS="1461" WC="1" WIDTH="68"/>
            <SP HPOS="624" ID="PAG_00000200_SP000087" VPOS="1465" WIDTH="16"/>
            <String CONTENT="antennes" HEIGHT="36" HPOS="640" ID="PAG_00000200_ST000102" STYLEREFS="TXT_5" VPOS="1465" WC="1" WIDTH="199"/>
            <SP HPOS="839" ID="PAG_00000200_SP000088" VPOS="1461" WIDTH="22"/>
            <String CONTENT="ferrugineuse" HEIGHT="50" HPOS="861" ID="PAG_00000200_ST000103" STYLEREFS="TXT_5" VPOS="1461" WC="1" WIDTH="280"/>
            <SP HPOS="1141" ID="PAG_00000200_SP000089" VPOS="1472" WIDTH="22"/>
            <String CONTENT="en" HEIGHT="29" HPOS="1163" ID="PAG_00000200_ST000104" STYLEREFS="TXT_5" VPOS="1472" WC="1" WIDTH="50"/>
            <SP HPOS="1213" ID="PAG_00000200_SP000090" VPOS="1460" WIDTH="19"/>
            <String CONTENT="dessous." HEIGHT="40" HPOS="1232" ID="PAG_00000200_ST000105" STYLEREFS="TXT_5" VPOS="1460" WC="1" WIDTH="183"/>
          </TextLine>
        </TextBlock>
        <TextBlock HEIGHT="125" HPOS="381" ID="PAG_00000200_TB000007" LANG="fr" STYLEREFS="TXT_5" VPOS="1531" WIDTH="1239">
          <TextLine HEIGHT="55" HPOS="439" ID="PAG_00000200_TL000016" STYLEREFS="TXT_5" VPOS="1531" WIDTH="1181">
            <String CONTENT="9" HEIGHT="55" HPOS="439" ID="PAG_00000200_ST000106" STYLEREFS="TXT_5" VPOS="1531" WC="1" WIDTH="34"/>
            <SP HPOS="473" ID="PAG_00000200_SP000091" VPOS="1533" WIDTH="29"/>
            <String CONTENT="plus" HEIGHT="52" HPOS="502" ID="PAG_00000200_ST000107" STYLEREFS="TXT_5" VPOS="1533" WC="1" WIDTH="91"/>
            <SP HPOS="593" ID="PAG_00000200_SP000092" VPOS="1536" WIDTH="34"/>
            <String CONTENT="terne," HEIGHT="46" HPOS="627" ID="PAG_00000200_ST000108" STYLEREFS="TXT_5" VPOS="1536" WC="1" WIDTH="130"/>
            <SP HPOS="757" ID="PAG_00000200_SP000093" VPOS="1533" WIDTH="34"/>
            <String CONTENT="plus" HEIGHT="52" HPOS="791" ID="PAG_00000200_ST000109" STYLEREFS="TXT_5" VPOS="1533" WC="1" WIDTH="92"/>
            <SP HPOS="883" ID="PAG_00000200_SP000094" VPOS="1533" WIDTH="27"/>
            <String CONTENT="pâle" HEIGHT="52" HPOS="910" ID="PAG_00000200_ST000110" STYLEREFS="TXT_5" VPOS="1533" WC="0.97" WIDTH="90"/>
            <SP HPOS="1000" ID="PAG_00000200_SP000095" VPOS="1545" WIDTH="23"/>
            <String CONTENT="en" HEIGHT="28" HPOS="1023" ID="PAG_00000200_ST000111" STYLEREFS="TXT_5" VPOS="1545" WC="1" WIDTH="50"/>
            <SP HPOS="1073" ID="PAG_00000200_SP000096" VPOS="1533" WIDTH="22"/>
            <String CONTENT="dessous," HEIGHT="49" HPOS="1095" ID="PAG_00000200_ST000112" STYLEREFS="TXT_5" VPOS="1533" WC="1" WIDTH="181"/>
            <SP HPOS="1276" ID="PAG_00000200_SP000097" VPOS="1543" WIDTH="27"/>
            <String CONTENT="avec" HEIGHT="29" HPOS="1303" ID="PAG_00000200_ST000113" STYLEREFS="TXT_5" VPOS="1543" WC="1" WIDTH="94"/>
            <SP HPOS="1397" ID="PAG_00000200_SP000098" VPOS="1532" WIDTH="20"/>
            <String CONTENT="les" HEIGHT="40" HPOS="1417" ID="PAG_00000200_ST000114" STYLEREFS="TXT_5" VPOS="1532" WC="1" WIDTH="57"/>
            <SP HPOS="1474" ID="PAG_00000200_SP000099" VPOS="1531" WIDTH="17"/>
            <String CONTENT="lignes" HEIGHT="52" HPOS="1491" ID="PAG_00000200_ST000115" STYLEREFS="TXT_5" VPOS="1531" WC="1" WIDTH="129"/>
          </TextLine>
          <TextLine HEIGHT="52" HPOS="381" ID="PAG_00000200_TL000017" STYLEREFS="TXT_5" VPOS="1604" WIDTH="736">
            <String CONTENT="des" HEIGHT="40" HPOS="381" ID="PAG_00000200_ST000116" STYLEREFS="TXT_5" VPOS="1605" WC="1" WIDTH="70"/>
            <SP HPOS="451" ID="PAG_00000200_SP000100" VPOS="1604" WIDTH="19"/>
            <String CONTENT="inférieures" HEIGHT="42" HPOS="470" ID="PAG_00000200_ST000117" STYLEREFS="TXT_5" VPOS="1604" WC="1" WIDTH="240"/>
            <SP HPOS="710" ID="PAG_00000200_SP000101" VPOS="1606" WIDTH="20"/>
            <String CONTENT="mieux" HEIGHT="39" HPOS="730" ID="PAG_00000200_ST000118" STYLEREFS="TXT_5" VPOS="1606" WC="1" WIDTH="137"/>
            <SP HPOS="867" ID="PAG_00000200_SP000102" VPOS="1604" WIDTH="19"/>
            <String CONTENT="marquées." HEIGHT="52" HPOS="886" ID="PAG_00000200_ST000119" STYLEREFS="TXT_5" VPOS="1604" WC="1" WIDTH="231"/>
          </TextLine>
        </TextBlock>
        <TextBlock HEIGHT="197" HPOS="379" ID="PAG_00000200_TB000008" LANG="fr" STYLEREFS="TXT_5" VPOS="1677" WIDTH="1241">
          <TextLine HEIGHT="52" HPOS="433" ID="PAG_00000200_TL000018" STYLEREFS="TXT_5" VPOS="1677" WIDTH="1187">
            <String CONTENT="Hauts" HEIGHT="40" HPOS="433" ID="PAG_00000200_ST000120" STYLEREFS="TXT_5" VPOS="1678" WC="1" WIDTH="129"/>
            <SP HPOS="562" ID="PAG_00000200_SP000103" VPOS="1682" WIDTH="19"/>
            <String CONTENT="sommets" HEIGHT="36" HPOS="581" ID="PAG_00000200_ST000121" STYLEREFS="TXT_5" VPOS="1682" WC="1" WIDTH="195"/>
            <SP HPOS="776" ID="PAG_00000200_SP000104" VPOS="1678" WIDTH="16"/>
            <String CONTENT="des" HEIGHT="40" HPOS="792" ID="PAG_00000200_ST000122" STYLEREFS="TXT_5" VPOS="1678" WC="1" WIDTH="70"/>
            <SP HPOS="862" ID="PAG_00000200_SP000105" VPOS="1678" WIDTH="20"/>
            <String CONTENT="Alpes" HEIGHT="51" HPOS="882" ID="PAG_00000200_ST000123" STYLEREFS="TXT_5" TAGREFS="TAG_importantEN" VPOS="1678" WC="1" WIDTH="120"/>
            <SP HPOS="1002" ID="PAG_00000200_SP000106" VPOS="1681" WIDTH="12"/>
            <String CONTENT="et" HEIGHT="37" HPOS="1014" ID="PAG_00000200_ST000124" STYLEREFS="TXT_5" VPOS="1681" WC="1" WIDTH="39"/>
            <SP HPOS="1053" ID="PAG_00000200_SP000107" VPOS="1678" WIDTH="15"/>
            <String CONTENT="des" HEIGHT="40" HPOS="1068" ID="PAG_00000200_ST000125" STYLEREFS="TXT_5" VPOS="1678" WC="1" WIDTH="70"/>
            <SP HPOS="1138" ID="PAG_00000200_SP000108" VPOS="1677" WIDTH="14"/>
            <String CONTENT="Pyrénées," HEIGHT="52" HPOS="1152" ID="PAG_00000200_ST000126" STYLEREFS="TXT_5" TAGREFS="TAG_importantEN" VPOS="1677" WC="1" WIDTH="214"/>
            <SP HPOS="1366" ID="PAG_00000200_SP000109" VPOS="1677" WIDTH="23"/>
            <String CONTENT="auprès" HEIGHT="52" HPOS="1389" ID="PAG_00000200_ST000127" STYLEREFS="TXT_5" VPOS="1677" WC="1" WIDTH="146"/>
            <SP HPOS="1535" ID="PAG_00000200_SP000110" VPOS="1677" WIDTH="14"/>
            <String CONTENT="des" HEIGHT="40" HPOS="1549" ID="PAG_00000200_ST000128" STYLEREFS="TXT_5" VPOS="1677" WC="1" WIDTH="71"/>
          </TextLine>
          <TextLine HEIGHT="53" HPOS="379" ID="PAG_00000200_TL000019" STYLEREFS="TXT_5" VPOS="1749" WIDTH="1239">
            <String CONTENT="neiges" HEIGHT="49" HPOS="379" ID="PAG_00000200_ST000129" STYLEREFS="TXT_5" VPOS="1751" WC="1" WIDTH="139"/>
            <SP HPOS="518" ID="PAG_00000200_SP000111" VPOS="1749" WIDTH="39"/>
            <String CONTENT="éternelles." HEIGHT="42" HPOS="557" ID="PAG_00000200_ST000130" STYLEREFS="TXT_5" VPOS="1749" WC="1" WIDTH="228"/>
            <SP HPOS="785" ID="PAG_00000200_SP000112" VPOS="1750" WIDTH="37"/>
            <String CONTENT="Dauphiné," HEIGHT="52" HPOS="822" ID="PAG_00000200_ST000131" STYLEREFS="TXT_5" VPOS="1750" WC="1" WIDTH="226"/>
            <SP HPOS="1048" ID="PAG_00000200_SP000113" VPOS="1749" WIDTH="29"/>
            <String CONTENT="Galibier," HEIGHT="50" HPOS="1077" ID="PAG_00000200_ST000132" STYLEREFS="TXT_5" TAGREFS="TAG_importantEN" VPOS="1749" WC="1" WIDTH="192"/>
            <SP HPOS="1269" ID="PAG_00000200_SP000114" VPOS="1751" WIDTH="37"/>
            <String CONTENT="haut" HEIGHT="39" HPOS="1306" ID="PAG_00000200_ST000133" STYLEREFS="TXT_5" VPOS="1751" WC="1" WIDTH="98"/>
            <SP HPOS="1404" ID="PAG_00000200_SP000115" VPOS="1749" WIDTH="21"/>
            <String CONTENT="Richard," HEIGHT="51" HPOS="1425" ID="PAG_00000200_ST000134" STYLEREFS="TXT_5" TAGREFS="TAG_importantEN" VPOS="1749" WC="1" WIDTH="193"/>
          </TextLine>
          <TextLine HEIGHT="51" HPOS="380" ID="PAG_00000200_TL000020" STYLEREFS="TXT_5" VPOS="1823" WIDTH="689">
            <String CONTENT="B.-Alpes," HEIGHT="51" HPOS="380" ID="PAG_00000200_ST000135" STYLEREFS="TXT_5" VPOS="1823" WC="1" WIDTH="207"/>
            <SP HPOS="587" ID="PAG_00000200_SP000116" VPOS="1824" WIDTH="26"/>
            <String CONTENT="Lauzanier," HEIGHT="48" HPOS="613" ID="PAG_00000200_ST000136" STYLEREFS="TXT_5" TAGREFS="TAG_important" VPOS="1824" WC="1" WIDTH="238"/>
            <SP HPOS="851" ID="PAG_00000200_SP000117" VPOS="1834" WIDTH="23"/>
            <String CONTENT="pas" HEIGHT="40" HPOS="874" ID="PAG_00000200_ST000137" STYLEREFS="TXT_5" VPOS="1834" WC="1" WIDTH="74"/>
            <SP HPOS="948" ID="PAG_00000200_SP000118" VPOS="1833" WIDTH="18"/>
            <String CONTENT="rare." HEIGHT="30" HPOS="966" ID="PAG_00000200_ST000138" STYLEREFS="TXT_5" VPOS="1833" WC="1" WIDTH="103"/>
          </TextLine>
        </TextBlock>
        <TextBlock HEIGHT="52" HPOS="380" ID="PAG_00000200_TB000009" LANG="fr" STYLEREFS="TXT_5" VPOS="1919" WIDTH="607">
          <TextLine HEIGHT="52" HPOS="380" ID="PAG_00000200_TL000021" STYLEREFS="TXT_5" VPOS="1919" WIDTH="607">
            <String CONTENT="Var." HEIGHT="39" HPOS="380" ID="PAG_00000200_ST000139" STYLEREFS="TXT_5" VPOS="1921" WC="1" WIDTH="93"/>
            <SP HPOS="473" ID="PAG_00000200_SP000119" VPOS="1919" WIDTH="22"/>
            <String CONTENT="Slhennyo," HEIGHT="52" HPOS="495" ID="PAG_00000200_ST000140" STYLEREFS="TXT_5" VPOS="1919" WC="0.98" WIDTH="219"/>
            <SP HPOS="714" ID="PAG_00000200_SP000120" VPOS="1919" WIDTH="28"/>
            <String CONTENT="de" HEIGHT="41" HPOS="742" ID="PAG_00000200_ST000141" STYLEREFS="TXT_5" VPOS="1919" WC="1" WIDTH="50"/>
            <SP HPOS="792" ID="PAG_00000200_SP000121" VPOS="1919" WIDTH="21"/>
            <String CONTENT="Graslin." HEIGHT="40" HPOS="813" ID="PAG_00000200_ST000142" STYLEREFS="TXT_5" TAGREFS="TAG_importantEN" VPOS="1919" WC="0.98" WIDTH="174"/>
          </TextLine>
        </TextBlock>
        <TextBlock HEIGHT="558" HPOS="379" ID="PAG_00000200_TB000010" LANG="fr" STYLEREFS="TXT_5" VPOS="2013" WIDTH="1244">
          <TextLine HEIGHT="55" HPOS="434" ID="PAG_00000200_TL000022" STYLEREFS="TXT_5" VPOS="2013" WIDTH="1188">
            <String CONTENT="Se" HEIGHT="39" HPOS="434" ID="PAG_00000200_ST000143" STYLEREFS="TXT_5" VPOS="2018" WC="1" WIDTH="50"/>
            <SP HPOS="484" ID="PAG_00000200_SP000122" VPOS="2016" WIDTH="21"/>
            <String CONTENT="distingue" HEIGHT="50" HPOS="505" ID="PAG_00000200_ST000144" STYLEREFS="TXT_5" VPOS="2016" WC="1" WIDTH="203"/>
            <SP HPOS="708" ID="PAG_00000200_SP000123" VPOS="2015" WIDTH="19"/>
            <String CONTENT="de" HEIGHT="40" HPOS="727" ID="PAG_00000200_ST000145" STYLEREFS="TXT_5" VPOS="2015" WC="1" WIDTH="49"/>
            <SP HPOS="776" ID="PAG_00000200_SP000124" VPOS="2014" WIDTH="21"/>
            <String CONTENT="Manto" HEIGHT="42" HPOS="797" ID="PAG_00000200_ST000146" STYLEREFS="TXT_5" TAGREFS="TAG_important" VPOS="2014" WC="1" WIDTH="132"/>
            <SP HPOS="929" ID="PAG_00000200_SP000125" VPOS="2027" WIDTH="16"/>
            <String CONTENT="par" HEIGHT="41" HPOS="945" ID="PAG_00000200_ST000147" STYLEREFS="TXT_5" VPOS="2027" WC="1" WIDTH="74"/>
            <SP HPOS="1019" ID="PAG_00000200_SP000126" VPOS="2027" WIDTH="21"/>
            <String CONTENT="sa" HEIGHT="29" HPOS="1040" ID="PAG_00000200_ST000148" STYLEREFS="TXT_5" VPOS="2027" WC="1" WIDTH="44"/>
            <SP HPOS="1084" ID="PAG_00000200_SP000127" VPOS="2016" WIDTH="16"/>
            <String CONTENT="couleur" HEIGHT="40" HPOS="1100" ID="PAG_00000200_ST000149" STYLEREFS="TXT_5" VPOS="2016" WC="1" WIDTH="167"/>
            <SP HPOS="1267" ID="PAG_00000200_SP000128" VPOS="2016" WIDTH="19"/>
            <String CONTENT="plus" HEIGHT="51" HPOS="1286" ID="PAG_00000200_ST000150" STYLEREFS="TXT_5" VPOS="2016" WC="1" WIDTH="90"/>
            <SP HPOS="1376" ID="PAG_00000200_SP000129" VPOS="2013" WIDTH="14"/>
            <String CONTENT="foncée" HEIGHT="42" HPOS="1390" ID="PAG_00000200_ST000151" STYLEREFS="TXT_5" VPOS="2013" WC="1" WIDTH="140"/>
            <SP HPOS="1530" ID="PAG_00000200_SP000130" VPOS="2025" WIDTH="19"/>
            <String CONTENT="par" HEIGHT="41" HPOS="1549" ID="PAG_00000200_ST000152" STYLEREFS="TXT_5" VPOS="2025" WC="1" WIDTH="73"/>
          </TextLine>
          <TextLine HEIGHT="53" HPOS="380" ID="PAG_00000200_TL000023" STYLEREFS="TXT_5" VPOS="2087" WIDTH="1242">
            <String CONTENT="ses" HEIGHT="29" HPOS="380" ID="PAG_00000200_ST000153" STYLEREFS="TXT_5" VPOS="2100" WC="1" WIDTH="66"/>
            <SP HPOS="446" ID="PAG_00000200_SP000131" VPOS="2100" WIDTH="20"/>
            <String CONTENT="yeux" HEIGHT="40" HPOS="466" ID="PAG_00000200_ST000154" STYLEREFS="TXT_5" VPOS="2100" WC="1" WIDTH="105"/>
            <SP HPOS="571" ID="PAG_00000200_SP000132" VPOS="2088" WIDTH="19"/>
            <String CONTENT="plus" HEIGHT="52" HPOS="590" ID="PAG_00000200_ST000155" STYLEREFS="TXT_5" VPOS="2088" WC="1" WIDTH="92"/>
            <SP HPOS="682" ID="PAG_00000200_SP000133" VPOS="2087" WIDTH="16"/>
            <String CONTENT="rapprochés" HEIGHT="53" HPOS="698" ID="PAG_00000200_ST000156" STYLEREFS="TXT_5" VPOS="2087" WC="1" WIDTH="246"/>
            <SP HPOS="944" ID="PAG_00000200_SP000134" VPOS="2087" WIDTH="19"/>
            <String CONTENT="du" HEIGHT="40" HPOS="963" ID="PAG_00000200_ST000157" STYLEREFS="TXT_5" VPOS="2087" WC="1" WIDTH="53"/>
            <SP HPOS="1016" ID="PAG_00000200_SP000135" VPOS="2087" WIDTH="14"/>
            <String CONTENT="bord" HEIGHT="41" HPOS="1030" ID="PAG_00000200_ST000158" STYLEREFS="TXT_5" VPOS="2087" WC="1" WIDTH="103"/>
            <SP HPOS="1133" ID="PAG_00000200_SP000136" VPOS="2088" WIDTH="23"/>
            <String CONTENT="de" HEIGHT="40" HPOS="1156" ID="PAG_00000200_ST000159" STYLEREFS="TXT_5" VPOS="2088" WC="1" WIDTH="48"/>
            <SP HPOS="1204" ID="PAG_00000200_SP000137" VPOS="2087" WIDTH="21"/>
            <String CONTENT="l'aile," HEIGHT="48" HPOS="1225" ID="PAG_00000200_ST000160" STYLEREFS="TXT_5" VPOS="2087" WC="1" WIDTH="120"/>
            <SP HPOS="1345" ID="PAG_00000200_SP000138" VPOS="2090" WIDTH="21"/>
            <String CONTENT="surtout" HEIGHT="36" HPOS="1366" ID="PAG_00000200_ST000161" STYLEREFS="TXT_5" VPOS="2090" WC="1" WIDTH="158"/>
            <SP HPOS="1524" ID="PAG_00000200_SP000139" VPOS="2098" WIDTH="18"/>
            <String CONTENT="aux" HEIGHT="27" HPOS="1542" ID="PAG_00000200_ST000162" STYLEREFS="TXT_5" VPOS="2098" WC="0.82" WIDTH="80"/>
          </TextLine>
          <TextLine HEIGHT="56" HPOS="380" ID="PAG_00000200_TL000024" STYLEREFS="TXT_5" VPOS="2158" WIDTH="1243">
            <String CONTENT="supérieures" HEIGHT="54" HPOS="380" ID="PAG_00000200_ST000163" STYLEREFS="TXT_5" VPOS="2160" WC="1" WIDTH="255"/>
            <SP HPOS="635" ID="PAG_00000200_SP000140" VPOS="2174" WIDTH="19"/>
            <String CONTENT=";" HEIGHT="38" HPOS="654" ID="PAG_00000200_ST000164" STYLEREFS="TXT_5" VPOS="2174" WC="1" WIDTH="10"/>
            <SP HPOS="664" ID="PAG_00000200_SP000141" VPOS="2160" WIDTH="24"/>
            <String CONTENT="elle" HEIGHT="41" HPOS="688" ID="PAG_00000200_ST000165" STYLEREFS="TXT_5" VPOS="2160" WC="1" WIDTH="76"/>
            <SP HPOS="764" ID="PAG_00000200_SP000142" VPOS="2161" WIDTH="19"/>
            <String CONTENT="n'a" HEIGHT="39" HPOS="783" ID="PAG_00000200_ST000166" STYLEREFS="TXT_5" VPOS="2161" WC="1" WIDTH="67"/>
            <SP HPOS="850" ID="PAG_00000200_SP000143" VPOS="2161" WIDTH="19"/>
            <String CONTENT="point" HEIGHT="51" HPOS="869" ID="PAG_00000200_ST000167" STYLEREFS="TXT_5" VPOS="2161" WC="1" WIDTH="114"/>
            <SP HPOS="983" ID="PAG_00000200_SP000144" VPOS="2172" WIDTH="22"/>
            <String CONTENT="comme" HEIGHT="29" HPOS="1005" ID="PAG_00000200_ST000168" STYLEREFS="TXT_5" VPOS="2172" WC="1" WIDTH="158"/>
            <SP HPOS="1163" ID="PAG_00000200_SP000145" VPOS="2162" WIDTH="22"/>
            <String CONTENT="Manto," HEIGHT="46" HPOS="1185" ID="PAG_00000200_ST000169" STYLEREFS="TXT_5" TAGREFS="TAG_important" VPOS="2162" WC="1" WIDTH="151"/>
            <SP HPOS="1336" ID="PAG_00000200_SP000146" VPOS="2171" WIDTH="20"/>
            <String CONTENT="en" HEIGHT="28" HPOS="1356" ID="PAG_00000200_ST000170" STYLEREFS="TXT_5" VPOS="2171" WC="1" WIDTH="48"/>
            <SP HPOS="1404" ID="PAG_00000200_SP000147" VPOS="2158" WIDTH="21"/>
            <String CONTENT="dessus" HEIGHT="41" HPOS="1425" ID="PAG_00000200_ST000171" STYLEREFS="TXT_5" VPOS="2158" WC="1" WIDTH="143"/>
            <SP HPOS="1568" ID="PAG_00000200_SP000148" VPOS="2163" WIDTH="15"/>
            <String CONTENT="et" HEIGHT="35" HPOS="1583" ID="PAG_00000200_ST000172" STYLEREFS="TXT_5" VPOS="2163" WC="1" WIDTH="40"/>
          </TextLine>
          <TextLine HEIGHT="53" HPOS="379" ID="PAG_00000200_TL000025" STYLEREFS="TXT_5" VPOS="2231" WIDTH="1243">
            <String CONTENT="en" HEIGHT="28" HPOS="379" ID="PAG_00000200_ST000173" STYLEREFS="TXT_5" VPOS="2246" WC="1" WIDTH="51"/>
            <SP HPOS="430" ID="PAG_00000200_SP000149" VPOS="2234" WIDTH="17"/>
            <String CONTENT="dessous," HEIGHT="48" HPOS="447" ID="PAG_00000200_ST000174" STYLEREFS="TXT_5" VPOS="2234" WC="1" WIDTH="187"/>
            <SP HPOS="634" ID="PAG_00000200_SP000150" VPOS="2244" WIDTH="30"/>
            <String CONTENT="une" HEIGHT="29" HPOS="664" ID="PAG_00000200_ST000175" STYLEREFS="TXT_5" VPOS="2244" WC="1" WIDTH="82"/>
            <SP HPOS="746" ID="PAG_00000200_SP000151" VPOS="2233" WIDTH="28"/>
            <String CONTENT="raie" HEIGHT="40" HPOS="774" ID="PAG_00000200_ST000176" STYLEREFS="TXT_5" VPOS="2233" WC="1" WIDTH="84"/>
            <SP HPOS="858" ID="PAG_00000200_SP000152" VPOS="2233" WIDTH="23"/>
            <String CONTENT="brune" HEIGHT="40" HPOS="881" ID="PAG_00000200_ST000177" STYLEREFS="TXT_5" VPOS="2233" WC="1" WIDTH="131"/>
            <SP HPOS="1012" ID="PAG_00000200_SP000153" VPOS="2233" WIDTH="27"/>
            <String CONTENT="transversale" HEIGHT="40" HPOS="1039" ID="PAG_00000200_ST000178" STYLEREFS="TXT_5" VPOS="2233" WC="1" WIDTH="266"/>
            <SP HPOS="1305" ID="PAG_00000200_SP000154" VPOS="2231" WIDTH="20"/>
            <String CONTENT="placée" HEIGHT="53" HPOS="1325" ID="PAG_00000200_ST000179" STYLEREFS="TXT_5" VPOS="2231" WC="1" WIDTH="136"/>
            <SP HPOS="1461" ID="PAG_00000200_SP000155" VPOS="2231" WIDTH="28"/>
            <String CONTENT="à" HEIGHT="39" HPOS="1489" ID="PAG_00000200_ST000180" STYLEREFS="TXT_5" VPOS="2231" WC="1" WIDTH="24"/>
            <SP HPOS="1513" ID="PAG_00000200_SP000156" VPOS="2242" WIDTH="31"/>
            <String CONTENT="peu" HEIGHT="41" HPOS="1544" ID="PAG_00000200_ST000181" STYLEREFS="TXT_5" VPOS="2242" WC="1" WIDTH="78"/>
          </TextLine>
          <TextLine HEIGHT="54" HPOS="380" ID="PAG_00000200_TL000026" STYLEREFS="TXT_5" VPOS="2299" WIDTH="1242">
            <String CONTENT="de" HEIGHT="41" HPOS="380" ID="PAG_00000200_ST000182" STYLEREFS="TXT_5" VPOS="2301" WC="1" WIDTH="50"/>
            <SP HPOS="430" ID="PAG_00000200_SP000157" VPOS="2301" WIDTH="18"/>
            <String CONTENT="distance" HEIGHT="41" HPOS="448" ID="PAG_00000200_ST000183" STYLEREFS="TXT_5" VPOS="2301" WC="1" WIDTH="185"/>
            <SP HPOS="633" ID="PAG_00000200_SP000158" VPOS="2301" WIDTH="19"/>
            <String CONTENT="des" HEIGHT="40" HPOS="652" ID="PAG_00000200_ST000184" STYLEREFS="TXT_5" VPOS="2301" WC="1" WIDTH="72"/>
            <SP HPOS="724" ID="PAG_00000200_SP000159" VPOS="2313" WIDTH="21"/>
            <String CONTENT="yeux" HEIGHT="40" HPOS="745" ID="PAG_00000200_ST000185" STYLEREFS="TXT_5" VPOS="2313" WC="1" WIDTH="104"/>
            <SP HPOS="849" ID="PAG_00000200_SP000160" VPOS="2305" WIDTH="22"/>
            <String CONTENT="entre" HEIGHT="36" HPOS="871" ID="PAG_00000200_ST000186" STYLEREFS="TXT_5" VPOS="2305" WC="1" WIDTH="113"/>
            <SP HPOS="984" ID="PAG_00000200_SP000161" VPOS="2301" WIDTH="21"/>
            <String CONTENT="ceux-ci" HEIGHT="39" HPOS="1005" ID="PAG_00000200_ST000187" STYLEREFS="TXT_5" VPOS="2301" WC="1" WIDTH="165"/>
            <SP HPOS="1170" ID="PAG_00000200_SP000162" VPOS="2304" WIDTH="30"/>
            <String CONTENT="et" HEIGHT="36" HPOS="1200" ID="PAG_00000200_ST000188" STYLEREFS="TXT_5" VPOS="2304" WC="1" WIDTH="39"/>
            <SP HPOS="1239" ID="PAG_00000200_SP000163" VPOS="2300" WIDTH="20"/>
            <String CONTENT="le" HEIGHT="39" HPOS="1259" ID="PAG_00000200_ST000189" STYLEREFS="TXT_5" VPOS="2300" WC="1" WIDTH="37"/>
            <SP HPOS="1296" ID="PAG_00000200_SP000164" VPOS="2311" WIDTH="30"/>
            <String CONTENT="corps," HEIGHT="40" HPOS="1326" ID="PAG_00000200_ST000190" STYLEREFS="TXT_5" VPOS="2311" WC="1" WIDTH="133"/>
            <SP HPOS="1459" ID="PAG_00000200_SP000165" VPOS="2299" WIDTH="23"/>
            <String CONTENT="ni" HEIGHT="38" HPOS="1482" ID="PAG_00000200_ST000191" STYLEREFS="TXT_5" VPOS="2299" WC="1" WIDTH="40"/>
            <SP HPOS="1522" ID="PAG_00000200_SP000166" VPOS="2310" WIDTH="18"/>
            <String CONTENT="une" HEIGHT="27" HPOS="1540" ID="PAG_00000200_ST000192" STYLEREFS="TXT_5" VPOS="2310" WC="1" WIDTH="82"/>
          </TextLine>
          <TextLine HEIGHT="55" HPOS="380" ID="PAG_00000200_TL000027" STYLEREFS="TXT_5" VPOS="2370" WIDTH="1242">
            <String CONTENT="seconde" HEIGHT="42" HPOS="380" ID="PAG_00000200_ST000193" STYLEREFS="TXT_5" VPOS="2374" WC="1" WIDTH="178"/>
            <SP HPOS="558" ID="PAG_00000200_SP000167" VPOS="2374" WIDTH="20"/>
            <String CONTENT="raie" HEIGHT="40" HPOS="578" ID="PAG_00000200_ST000194" STYLEREFS="TXT_5" VPOS="2374" WC="1" WIDTH="83"/>
            <SP HPOS="661" ID="PAG_00000200_SP000168" VPOS="2373" WIDTH="15"/>
            <String CONTENT="semblable" HEIGHT="41" HPOS="676" ID="PAG_00000200_ST000195" STYLEREFS="TXT_5" VPOS="2373" WC="1" WIDTH="220"/>
            <SP HPOS="896" ID="PAG_00000200_SP000169" VPOS="2373" WIDTH="15"/>
            <String CONTENT="qui" HEIGHT="51" HPOS="911" ID="PAG_00000200_ST000196" STYLEREFS="TXT_5" VPOS="2373" WC="1" WIDTH="70"/>
            <SP HPOS="981" ID="PAG_00000200_SP000170" VPOS="2384" WIDTH="21"/>
            <String CONTENT="se" HEIGHT="29" HPOS="1002" ID="PAG_00000200_ST000197" STYLEREFS="TXT_5" VPOS="2384" WC="1" WIDTH="43"/>
            <SP HPOS="1045" ID="PAG_00000200_SP000171" VPOS="2376" WIDTH="20"/>
            <String CONTENT="trouve" HEIGHT="37" HPOS="1065" ID="PAG_00000200_ST000198" STYLEREFS="TXT_5" VPOS="2376" WC="1" WIDTH="142"/>
            <SP HPOS="1207" ID="PAG_00000200_SP000172" VPOS="2373" WIDTH="22"/>
            <String CONTENT="à" HEIGHT="40" HPOS="1229" ID="PAG_00000200_ST000199" STYLEREFS="TXT_5" VPOS="2373" WC="1" WIDTH="24"/>
            <SP HPOS="1253" ID="PAG_00000200_SP000173" VPOS="2383" WIDTH="19"/>
            <String CONTENT="peu" HEIGHT="42" HPOS="1272" ID="PAG_00000200_ST000200" STYLEREFS="TXT_5" VPOS="2383" WC="1" WIDTH="78"/>
            <SP HPOS="1350" ID="PAG_00000200_SP000174" VPOS="2370" WIDTH="19"/>
            <String CONTENT="de" HEIGHT="41" HPOS="1369" ID="PAG_00000200_ST000201" STYLEREFS="TXT_5" VPOS="2370" WC="1" WIDTH="49"/>
            <SP HPOS="1418" ID="PAG_00000200_SP000175" VPOS="2370" WIDTH="21"/>
            <String CONTENT="distance" HEIGHT="41" HPOS="1439" ID="PAG_00000200_ST000202" STYLEREFS="TXT_5" VPOS="2370" WC="1" WIDTH="183"/>
          </TextLine>
          <TextLine HEIGHT="58" HPOS="381" ID="PAG_00000200_TL000028" STYLEREFS="TXT_5" VPOS="2442" WIDTH="1241">
            <String CONTENT="du" HEIGHT="41" HPOS="381" ID="PAG_00000200_ST000203" STYLEREFS="TXT_5" VPOS="2446" WC="1" WIDTH="55"/>
            <SP HPOS="436" ID="PAG_00000200_SP000176" VPOS="2446" WIDTH="18"/>
            <String CONTENT="bord" HEIGHT="41" HPOS="454" ID="PAG_00000200_ST000204" STYLEREFS="TXT_5" VPOS="2446" WC="1" WIDTH="103"/>
            <SP HPOS="557" ID="PAG_00000200_SP000177" VPOS="2446" WIDTH="23"/>
            <String CONTENT="de" HEIGHT="42" HPOS="580" ID="PAG_00000200_ST000205" STYLEREFS="TXT_5" VPOS="2446" WC="1" WIDTH="50"/>
            <SP HPOS="630" ID="PAG_00000200_SP000178" VPOS="2447" WIDTH="20"/>
            <String CONTENT="l'aile" HEIGHT="40" HPOS="650" ID="PAG_00000200_ST000206" STYLEREFS="TXT_5" VPOS="2447" WC="1" WIDTH="109"/>
            <SP HPOS="759" ID="PAG_00000200_SP000179" VPOS="2447" WIDTH="21"/>
            <String CONTENT="chez" HEIGHT="40" HPOS="780" ID="PAG_00000200_ST000207" STYLEREFS="TXT_5" VPOS="2447" WC="1" WIDTH="95"/>
            <SP HPOS="875" ID="PAG_00000200_SP000180" VPOS="2445" WIDTH="33"/>
            <String CONTENT="la" HEIGHT="42" HPOS="908" ID="PAG_00000200_ST000208" STYLEREFS="TXT_5" VPOS="2445" WC="1" WIDTH="40"/>
            <SP HPOS="948" ID="PAG_00000200_SP000181" VPOS="2447" WIDTH="19"/>
            <String CONTENT="plupart" HEIGHT="53" HPOS="967" ID="PAG_00000200_ST000209" STYLEREFS="TXT_5" VPOS="2447" WC="1" WIDTH="164"/>
            <SP HPOS="1131" ID="PAG_00000200_SP000182" VPOS="2445" WIDTH="19"/>
            <String CONTENT="des" HEIGHT="41" HPOS="1150" ID="PAG_00000200_ST000210" STYLEREFS="TXT_5" VPOS="2445" WC="1" WIDTH="72"/>
            <SP HPOS="1222" ID="PAG_00000200_SP000183" VPOS="2446" WIDTH="29"/>
            <String CONTENT="Manto" HEIGHT="39" HPOS="1251" ID="PAG_00000200_ST000211" STYLEREFS="TXT_5" TAGREFS="TAG_important" VPOS="2446" WC="1" WIDTH="136"/>
            <SP HPOS="1387" ID="PAG_00000200_SP000184" VPOS="2458" WIDTH="17"/>
            <String CONTENT=";" HEIGHT="38" HPOS="1404" ID="PAG_00000200_ST000212" STYLEREFS="TXT_5" VPOS="2458" WC="1" WIDTH="11"/>
            <SP HPOS="1415" ID="PAG_00000200_SP000185" VPOS="2442" WIDTH="23"/>
            <String CONTENT="enfin," HEIGHT="50" HPOS="1438" ID="PAG_00000200_ST000213" STYLEREFS="TXT_5" VPOS="2442" WC="1" WIDTH="123"/>
            <SP HPOS="1561" ID="PAG_00000200_SP000186" VPOS="2443" WIDTH="23"/>
            <String CONTENT="le" HEIGHT="41" HPOS="1584" ID="PAG_00000200_ST000214" STYLEREFS="TXT_5" VPOS="2443" WC="1" WIDTH="38"/>
          </TextLine>
          <TextLine HEIGHT="54" HPOS="381" ID="PAG_00000200_TL000029" STYLEREFS="TXT_5" VPOS="2517" WIDTH="1237">
            <String CONTENT="milieu" HEIGHT="41" HPOS="381" ID="PAG_00000200_ST000215" STYLEREFS="TXT_5" VPOS="2521" WC="1" WIDTH="141"/>
            <SP HPOS="522" ID="PAG_00000200_SP000187" VPOS="2521" WIDTH="23"/>
            <String CONTENT="du" HEIGHT="40" HPOS="545" ID="PAG_00000200_ST000216" STYLEREFS="TXT_5" VPOS="2521" WC="1" WIDTH="53"/>
            <SP HPOS="598" ID="PAG_00000200_SP000188" VPOS="2520" WIDTH="19"/>
            <String CONTENT="dessous" HEIGHT="42" HPOS="617" ID="PAG_00000200_ST000217" STYLEREFS="TXT_5" VPOS="2520" WC="1" WIDTH="172"/>
            <SP HPOS="789" ID="PAG_00000200_SP000189" VPOS="2520" WIDTH="20"/>
            <String CONTENT="des" HEIGHT="42" HPOS="809" ID="PAG_00000200_ST000218" STYLEREFS="TXT_5" VPOS="2520" WC="1" WIDTH="71"/>
            <SP HPOS="880" ID="PAG_00000200_SP000190" VPOS="2521" WIDTH="20"/>
            <String CONTENT="ailes" HEIGHT="41" HPOS="900" ID="PAG_00000200_ST000219" STYLEREFS="TXT_5" VPOS="2521" WC="1" WIDTH="99"/>
            <SP HPOS="999" ID="PAG_00000200_SP000191" VPOS="2518" WIDTH="20"/>
            <String CONTENT="inférieures" HEIGHT="44" HPOS="1019" ID="PAG_00000200_ST000220" STYLEREFS="TXT_5" VPOS="2518" WC="1" WIDTH="239"/>
            <SP HPOS="1258" ID="PAG_00000200_SP000192" VPOS="2518" WIDTH="20"/>
            <String CONTENT="de" HEIGHT="43" HPOS="1278" ID="PAG_00000200_ST000221" STYLEREFS="TXT_5" VPOS="2518" WC="1" WIDTH="50"/>
            <SP HPOS="1328" ID="PAG_00000200_SP000193" VPOS="2517" WIDTH="19"/>
            <String CONTENT="laSthennyo," HEIGHT="54" HPOS="1347" ID="PAG_00000200_ST000222" STYLEREFS="TXT_5" VPOS="2517" WC="1" WIDTH="271"/>
          </TextLine>
        </TextBlock>
      </PrintSpace>
    </Page>
  </Layout>
</alto>
