1800 2984
662 318 53 6 —
745 298 77 39 235
852 317 51 8 —

221 397 202 43 Chenilles
457 408 110 30 assez
600 397 217 54 allongées,
853 398 288 53 pubescentes,
1178 397 141 55 rayées
1350 411 50 28 en

166 473 111 48 long,
300 482 95 29 avec
418 470 39 40 la
477 472 77 39 tête
575 482 202 39 rugueuse
806 475 38 37 et
876 470 367 54 demi-sphérique,
1282 472 120 53 chry-

165 543 149 41 salides
334 542 274 49 très-effilées,
632 554 95 30 avec
742 543 39 40 la
807 544 128 52 partie
956 544 257 40 abdominale
1233 544 166 40 conico-

165 616 267 52 cylindrique,
468 614 59 41 les
565 627 107 40 yeux
706 616 184 40 saillants
927 621 38 36 et
994 617 39 40 la
1065 619 77 38 tète
1170 616 231 41 surmontée

164 688 121 43 d'une
304 689 137 55 pointe
461 689 186 51 conique.
668 690 116 51 (Dup.
809 690 101 49 Cat.)

166 805 230 47 STEROPES,
422 815 78 37 S,V.
530 803 272 53 Aracynthus,
824 805 97 40 Fab.
942 805 102 40 God.
1067 806 73 48 (Pl.
1167 805 65 47 18,
1256 805 67 51 fig.
1343 805 57 52 8).

219 922 113 39 Cette
352 920 139 53 espèce
511 920 104 42 n'est
645 920 301 52 généralement
973 933 72 41 pas
1071 922 328 52 très-répandue,

165 994 104 39 mais
288 992 77 42 elle
393 997 61 37 est
478 1005 111 29 assez
621 1005 218 29 commune
867 994 103 41 dans
994 996 197 50 quelques
1218 994 183 41 localités

167 1065 114 41 telles
309 1078 78 39 que
406 1067 58 40 les
498 1067 123 40 forêts
648 1067 199 41 d'Hallate
867 1068 145 52 (Oise),
1049 1067 48 41 de
1116 1067 144 41 Sénart
1292 1072 39 36 et
1351 1069 50 40 de

170 1138 217 53 Chantilly,
410 1150 51 29 au
482 1143 348 37 commencement
851 1139 48 40 de
914 1140 148 51 juillet.

221 1213 58 38 La
296 1211 172 41 chenille
487 1212 58 40 vit
564 1223 50 29 en
630 1212 82 40 mai
727 1215 38 37 et
779 1213 93 51 juin
894 1224 70 28 sur
984 1212 58 41 les
1062 1212 239 51 graminées.

222 1291 54 38 Le
296 1301 96 28 nom
425 1289 49 41 de
501 1290 187 52 Steropes
719 1290 110 41 étant
849 1289 91 54 plus
958 1292 147 40 ancien
1127 1303 77 39 que
1226 1292 105 40 celui
1353 1292 50 41 de

168 1362 256 52 Aracynthus
451 1364 44 38 F.
530 1361 85 41 doit
634 1362 83 41 être
737 1363 146 53 adopté
898 1378 9 36 ;
942 1375 73 41 par
1035 1364 249 52 conséquent
1302 1377 101 28 nous

167 1447 126 29 avons
323 1435 54 40 dû
398 1440 186 48 accepter
615 1437 111 38 aussi
759 1436 36 40 le
817 1448 123 38 genre
974 1437 237 53 Cyclopides
1231 1450 104 40 pour
1354 1451 50 28 ne

169 1520 72 40 pas
259 1509 98 39 faire
373 1508 147 40 double
541 1509 147 52 emploi
714 1520 95 29 avec
831 1509 105 40 celui
951 1508 48 42 de
1019 1512 187 51 Steropes
1225 1511 88 40 créé
1332 1523 73 41 par

171 1579 47 40 M.
242 1579 95 41 Bdv.

463 1741 120 34 Genre
605 1742 438 43 CARTEROCEPHALUS,
1069 1744 63 33 Ld.

226 1883 216 46 PANISCUS,
464 1882 96 51 Esp.
584 1881 100 40 God.

228 1975 94 37 28m.
346 1973 109 39 Ailes
475 1972 98 40 d'un
590 1973 106 40 brun
718 1974 194 48 noirâtre,
937 1973 256 54 supérieures
1215 1986 95 30 avec
1338 1975 69 40 des

172 2046 138 40 taches
328 2044 268 52 irrégulières,
621 2045 95 41 d'un
733 2048 125 51 jaune
880 2048 131 47 fauve,
1037 2048 120 40 celles
1180 2047 43 41 de
1223 2047 58 41 la
1307 2048 102 40 série

174 2118 331 51 anté-marginale
538 2130 79 40 peu
647 2119 228 51 marquées.
917 2119 242 41 Inférieures
1197 2124 122 48 ayant
1352 2120 58 40 les

173 2189 138 41 taches
327 2191 147 51 jaunes
493 2190 91 51 plus
605 2190 209 40 arrondies
836 2194 37 37 et
895 2190 208 52 disposées
1119 2203 159 29 comme
1296 2192 81 39 suit
1396 2203 9 28 :

175 2273 80 28 une
275 2262 90 51 près
386 2260 48 40 de
456 2261 37 39 la
513 2261 111 48 base,
647 2261 106 41 deux
773 2262 208 40 médianes
999 2262 98 41 dont
1117 2264 38 39 la
1176 2262 234 53 supérieure

175 2333 89 51 plus
281 2331 164 51 grande,
462 2332 90 51 puis
567 2344 80 28 une
666 2332 102 41 série
785 2333 336 51 anté-marginale
1142 2334 50 40 de
1210 2335 201 52 plusieurs

177 2408 134 38 autres
331 2405 90 51 plus
442 2405 160 51 petites,
625 2405 169 41 dessous
814 2406 71 41 des
903 2407 253 52 supérieures
1171 2408 126 51 jaune
1316 2419 95 30 avec

179 2477 71 41 des
270 2477 139 40 taches
430 2475 166 51 brunes,
618 2477 167 43 dessous
806 2479 70 41 des
893 2479 236 41 inférieures
1148 2481 142 52 jaune,
1313 2492 95 28 sau-
