1764 2996
637 319 53 8 —
717 298 51 41 35
797 319 53 8 —

128 395 156 41 surface
309 395 90 54 plus
420 407 52 31 ou
502 398 133 41 moins
659 398 149 52 grande
829 409 69 31 sur
916 397 37 43 le
974 410 117 42 corps
1112 397 71 43 des
1218 400 140 41 arbres

130 469 97 40 dont
245 481 52 29 on
321 482 23 28 a
363 471 70 40 fait
447 470 119 41 choix
586 471 204 43 d'avance.
811 471 143 50 Quand
971 472 38 41 la
1024 474 88 39 nuit
1130 476 59 38 est
1208 474 153 40 arrivée

131 553 51 28 on
200 544 108 38 vient
334 544 201 52 inspecter
556 556 95 30 avec
683 558 81 28 une
795 546 181 40 lanterne
1006 545 57 41 les
1088 544 140 43 arbres
1256 547 103 39 ainsi

131 614 201 52 préparés,
360 627 70 29 sur
449 617 176 51 lesquels
647 630 52 28 on
719 622 140 37 trouve
886 617 182 50 attablés,
1090 618 83 41 bon
1192 618 170 42 nombre

132 685 48 41 de
211 688 227 41 Noctuelles
456 693 40 36 et
517 690 233 41 Géomètres
770 691 68 51 qui
872 702 42 29 se
941 691 168 40 laissent
1128 690 234 42 facilement

130 762 143 49 piquer
302 773 69 28 sur
388 761 115 53 place
524 765 38 38 et
582 775 76 39 que
689 763 81 40 l'on
789 762 129 53 prend
940 766 170 38 souvent
1130 765 110 40 aussi
1260 765 99 39 fraî-

126 832 99 40 ches
257 845 77 39 que
355 835 33 38 si
421 846 59 29 on
498 835 58 40 les
584 836 105 39 avait
713 835 165 41 élevées.
912 836 62 40 On
1002 839 98 49 peut
1127 837 236 41 renouveler

124 904 203 52 plusieurs
344 905 77 41 fois
441 917 44 29 sa
498 907 114 40 visite
634 907 100 41 dans
753 908 39 40 la
808 909 131 40 même
962 908 144 42 soirée.

178 974 142 50 Quand
338 990 56 27 un
409 977 157 42 endroit
581 983 138 48 paraît
739 980 162 53 propice
915 992 103 41 pour
1035 981 98 40 faire
1151 992 81 29 une
1250 981 112 42 miel-

126 1049 72 49 lée,
221 1051 101 39 mais
334 1061 77 41 que
431 1051 58 40 les
503 1050 138 42 arbres
655 1055 236 49 manquent,
905 1064 158 30 comme
1078 1065 69 29 sur
1166 1053 57 41 les
1234 1053 127 41 bords

124 1122 95 41 d'un
233 1124 162 49 marais,
413 1124 120 42 d'une
546 1126 161 52 prairie,
725 1125 98 42 d'un
837 1126 145 53 champ
998 1127 49 41 de
1058 1127 187 53 bruyère,
1264 1132 95 46 etc.,

125 1207 51 28 on
197 1195 161 53 supplée
378 1207 50 30 au
451 1197 138 41 défaut
607 1198 195 53 d'arbres,
834 1211 47 29 en
907 1200 186 52 plantant
1113 1199 71 42 des
1203 1202 159 52 piquets

125 1267 122 50 qu'on
266 1267 141 42 enduit
427 1268 48 42 de
506 1270 39 40 la
564 1270 256 54 préparation
853 1271 155 42 miellée
1033 1284 53 29 ou
1109 1285 51 28 en
1188 1272 170 42 tendant

128 1339 47 40 de
193 1340 123 40 fortes
343 1340 142 42 cordes
498 1343 123 50 qu'on
636 1353 23 29 a
677 1342 319 53 préalablement
1023 1344 166 42 frottées
1213 1344 48 42 de
1286 1357 74 30 son

126 1415 137 49 appât.

177 1486 75 39 Les
273 1485 145 41 raisins
440 1487 220 41 très-mûrs
681 1500 50 29 en
752 1489 170 53 espalier
942 1490 165 40 attirent
1127 1489 225 53 également

122 1556 209 54 beaucoup
355 1558 47 41 de
423 1560 230 41 Noctuelles
674 1561 24 40 à
721 1562 355 41 l'arrière-saison.
1107 1564 63 39 En
1195 1564 165 40 visitant

122 1630 57 39 les
208 1631 166 49 treilles,
402 1632 36 40 le
467 1633 96 49 soir,
595 1633 24 40 à
653 1634 39 39 la
719 1634 207 50 lanterne,
948 1646 105 29 nous
1086 1648 25 39 y
1136 1646 125 31 avons
1286 1636 73 41 fait

123 1707 167 36 souvent
309 1702 48 42 de
372 1705 264 41 nombreuses
659 1708 38 38 et
718 1707 241 42 excellentes
974 1711 203 49 captures.

176 1776 77 39 Les
285 1775 231 43 Phalénites
539 1778 153 40 aiment
721 1790 50 29 en
790 1778 160 52 général
976 1780 60 40 les
1057 1780 110 41 lieux
1193 1780 163 42 ombra-

124 1846 68 50 gés
207 1861 10 38 ;
248 1859 102 40 pour
371 1860 41 28 se
431 1849 59 40 les
514 1861 218 41 procurer,
767 1851 28 40 il
814 1852 86 40 faut
917 1851 132 42 battre
1070 1852 58 41 les
1158 1853 199 42 branches

124 1918 177 42 d'arbres
321 1923 38 37 et
379 1921 57 40 les
458 1921 209 42 buissons.

175 1992 61 39 Du
256 1995 104 38 reste
379 2004 56 29 un
456 1995 127 49 grand
603 1995 168 41 nombre
791 1995 48 42 de
860 1996 247 42 Noctuélites
1129 2000 38 38 et
1184 1996 51 42 de
1253 1996 103 41 Pha-

121 2063 142 41 lénites
296 2069 91 36 sont
413 2066 165 41 diurnes
607 2079 74 41 par
713 2067 109 42 leurs
852 2068 231 52 habitudes,
1118 2081 50 29 en
1197 2082 45 28 ce
1263 2081 92 29 sens

121 2136 162 51 qu'elles
301 2138 148 49 volent,
473 2151 157 29 comme
642 2140 57 41 les
724 2141 312 53 Rhopalocères,
1058 2141 100 41 dans
1178 2142 58 40 les
1254 2141 100 41 clai-

120 2208 120 40 rières
261 2208 69 41 des
350 2209 104 50 bois,
484 2210 103 42 dans
606 2212 58 41 les
683 2214 184 51 prairies,
892 2217 75 38 etc.
998 2215 63 39 On
1080 2225 150 42 pourra
1250 2213 102 42 donc

117 2284 58 39 les
194 2285 186 51 prendre,
398 2298 157 30 comme
575 2300 66 29 ces
663 2288 193 51 derniers,
880 2289 24 41 à
921 2288 119 41 l'aide
1061 2288 54 41 du
1132 2288 82 41 filet
1234 2299 52 30 ou
1303 2287 48 41 de

119 2355 40 41 la
183 2357 132 51 pince.

169 2429 134 47 Quant
333 2439 78 31 aux
431 2429 209 54 Pyralites,
674 2445 79 30 aux
793 2433 191 51 Tinéites,
1007 2445 78 30 aux
1106 2433 245 53 Crambites,

118 2500 89 41 leur
228 2501 166 42 nombre
410 2506 60 38 est
488 2505 33 39 si
542 2505 143 50 grand,
704 2511 111 39 leurs
834 2519 151 29 mœurs
1010 2511 92 38 sont
1122 2509 34 39 si
1177 2507 166 50 variées,
