1756 3024
1012 373 48 7 -
1091 351 53 41 54
1175 375 51 4 —

505 455 123 40 fleurs
645 454 52 42 de
717 465 159 39 ronces,
906 465 69 30 sur
992 453 98 43 celle
1111 453 72 41 des
1202 453 220 50 chardons;
1442 453 47 42 de
1511 453 39 43 la
1570 456 166 38 centau-

504 527 67 41 rée
591 527 302 53 chaussetrape.
917 525 108 42 C'est
1045 526 119 41 aussi
1176 536 88 31 vers
1286 526 36 41 le
1340 529 54 38 20
1408 526 329 53 juin,Quelque-

504 600 77 39 fois
601 603 130 36 même
758 600 131 52 plutôt
928 600 35 39 si
1004 597 158 41 l'année
1193 609 25 29 a
1251 597 63 43 été
1349 598 185 53 précoce,
1565 610 82 40 que
1681 598 59 40 les

506 671 193 52 Apatura
718 674 88 45 iris,
846 670 75 40 ilia
951 672 39 38 et
1018 681 96 29 val'.
1153 670 117 53 clytie
1304 674 281 38 commencent,
1614 671 26 41 à
1667 681 74 42 pa-

507 746 137 38 raître.
668 745 110 39 Nous
812 743 58 41 les
906 754 124 29 avons
1058 742 85 52 pris
1179 746 171 38 souvent
1380 742 100 42 dans
1504 744 39 40 la
1571 744 103 39 forêt
1694 742 49 41 de

509 815 156 52 Rondy,
690 827 70 28 sur
774 815 57 40 les
850 813 125 41 bords
998 814 53 40 du
1066 815 116 40 canal
1197 814 244 53 del'Ourcq,
1466 819 112 37 entre
1590 816 39 40 le
1640 818 106 49 pont

511 887 70 40 des
602 888 248 40 Six-Routes
868 890 39 36 et
925 886 37 40 le
989 890 101 49 pont
1118 886 48 41 de
1187 889 271 49 Rougemont,
1498 887 101 40 dans
1618 886 128 42 l'allée

512 959 69 40 des
603 959 144 40 Mulets
779 959 24 41 à
822 959 229 49 Versailles,
1084 962 38 38 et
1144 970 77 30 aux
1256 960 189 40 environs
1466 959 49 41 de
1534 958 147 51 l'étang
1698 958 49 41 de

513 1029 202 51 Villebon,
737 1030 102 40 dans
858 1031 39 40 le
915 1031 90 40 bois
1024 1030 50 41 de
1104 1031 187 41 Meudon.
1319 1031 240 52 L'Apatura
1587 1031 82 39 Ilia
1688 1034 61 37 est

514 1103 209 52 beaucoup
743 1104 90 51 plus
849 1102 211 53 répa&du;
1082 1101 110 54 jadis
1212 1115 53 29 on
1284 1104 36 39 le
1340 1104 177 40 trouvait
1536 1104 214 40 très-com-

515 1174 236 42 munément
771 1175 100 40 dans
891 1175 59 40 les
971 1175 92 52 prés
1083 1174 50 42 de
1150 1176 39 40 la
1209 1175 194 50 Glacière,
1427 1176 90 51 près
1538 1174 48 41 de
1605 1176 115 40 Paris
1734 1188 11 35 ;

517 1248 101 40 mais
648 1259 66 29 ces
731 1248 170 52 prairies
920 1250 121 49 ayant
1065 1246 62 41 été
1151 1247 182 41 encloses
1355 1246 48 42 de
1420 1259 112 30 murs
1552 1251 39 36 et
1608 1247 39 41 la
1664 1247 88 52 plu'

517 1323 88 48 part
626 1320 70 39 des
716 1320 133 40 saules
871 1323 39 36 et
929 1319 70 41 des
1033 1320 204 52 peupliers
1270 1323 125 48 ayant
1429 1318 63 42 été
1523 1319 177 49 abattus,
1725 1319 27 39 il

520 1396 59 36 est
599 1392 143 40 inutile
763 1391 140 41 d'aller
922 1391 37 41 le
985 1392 195 40 chercher
1199 1391 101 41 dans
1320 1394 105 38 cette
1444 1391 176 41 localité.
1644 1392 62 40 On
1719 1392 34 40 le

521 1469 137 35 trouve
679 1464 101 40 dans
813 1464 57 41 les
892 1462 151 55 parties
1075 1464 190 40 humides
1298 1463 50 41 de
1378 1474 173 42 presque
1584 1467 93 37 tous
1697 1464 56 40 les

517 1538 87 40 bois
626 1539 53 39 où
700 1538 28 40 il
744 1551 26 39 y
788 1550 23 28 a
832 1538 71 41 des
922 1538 253 52 plantations
1197 1538 49 41 de
1262 1539 133 41 saules
1416 1542 38 36 et
1476 1536 48 43 de
1534 1539 218 52 peupliers,

519 1611 104 40 mais
642 1611 30 39 il
691 1622 44 29 se
752 1611 99 52 plaît
870 1611 373 52 particulièrement
1263 1621 69 32 sur
1350 1610 58 40 les
1420 1609 125 49 bords
1566 1610 55 45 du
1639 1611 114 40 canal

522 1683 49 40 de
590 1683 179 51 l'Ourcq,
794 1683 101 40 dans
925 1684 38 39 la
994 1682 103 42 forêt
1130 1683 50 41 de
1210 1683 159 52 Bondy,
1392 1694 80 29 aux
1492 1684 188 39 environs
1702 1682 51 41 du

520 1759 99 48 pont
646 1755 70 41 des
737 1757 69 40 Six
836 1757 167 39 Routes.
1048 1754 31 41 Il
1111 1768 44 28 se
1192 1767 154 41 repose,
1386 1765 157 30 comme
1563 1755 37 41 le
1620 1755 133 46 Grand

520 1827 164 53 Sylvain
703 1832 39 36 et
762 1839 159 29 comme
940 1829 38 40 le
1002 1828 135 41 Grand
1161 1827 117 51 Mars,
1302 1840 69 28 sur
1393 1829 56 40 les
1467 1829 189 39 matières
1684 1840 69 28 ex-

521 1899 309 41 crémentielles.
887 1900 241 53 VApatura
1165 1902 74 39 ilia
1271 1912 91 29 var.
1395 1899 121 53 chjtie
1548 1911 48 29 se
1618 1903 135 41 trouve

521 1972 101 40 dans
638 1973 58 39 les
718 1975 152 37 mêmes
890 1973 182 40 endroits
1093 1985 81 39 que
1193 1985 44 28 ce
1256 1976 110 49 type.

578 2047 51 41 La
648 2046 164 42 Procris
847 2047 248 41 Globularix
1129 2049 90 40 vole
1238 2048 104 41 d'ans
1371 2048 38 40 la
1430 2048 185 40 dernière
1631 2049 122 50 quin-

522 2120 112 40 zaine
662 2119 48 40 de
733 2120 119 51 juin;
888 2120 76 39 elle
996 2131 43 29 se
1073 2121 99 52 plait
1199 2120 337 53 principalement
1568 2119 101 43 dans
1699 2120 54 41 les

523 2192 155 51 grands:
700 2192 89 40 bois
821 2203 57 28 un
908 2203 78 40 peu
1015 2192 188 43 humides
1217 2208 10 37 ;
1256 2194 75 41 elle
1358 2196 60 37 est
1444 2203 92 30 rare
1565 2193 100 42 dans
1701 2195 52 40 les

525 2265 190 40 environs
749 2264 47 41 de
835 2266 128 50 Paris,
1001 2266 103 40 mais
1133 2278 53 29 on
1214 2269 38 39 la
1272 2273 140 37 trouve
1433 2267 320 42 communément

523 2338 103 40 dans
641 2338 37 39 la
704 2338 104 40 forêt
828 2337 49 40 de
899 2338 259 52 Compiègne.
1184 2341 53 40 Sa
1256 2340 248 52 congénète,
1521 2341 44 40 la
1596 2341 157 40 Procris

525 2414 172 41 Statices
719 2416 59 37 est
804 2411 215 54 beaucoup
1049 2414 90 52 plus
1171 2426 218 30 commune
1415 2420 38 36 et
1472 2415 88 41 vole
1580 2413 102 41 dans
1700 2416 53 38 les

527 2490 200 40 clairières
747 2490 50 40 de
814 2492 94 38 tous
923 2490 57 40 les
998 2489 111 53 bois;
1131 2491 73 39 elle
1225 2492 106 39 aime
1352 2494 22 37 à
1395 2503 42 28 se
1449 2496 164 48 reposer
1633 2502 71 28 sur
1721 2491 32 39 la

527 2562 208 41 scabieuse
755 2561 70 43 des
846 2562 168 53 champs
1030 2562 205 54 (Seabios«,
1257 2567 212 48 arvensis).
