1780 3000
960 371 54 5 —
1047 347 74 40 176
1149 371 52 5 —

473 442 168 42 rétrécie
664 446 40 37 et
724 446 172 38 souvent
931 446 91 37 tout
1041 443 24 40 à
1084 443 73 40 fait
1174 444 125 39 nulle.
1322 441 173 50 (Guénée
1527 445 39 35 et
1593 440 107 48 Vill.)

526 516 113 40 Cette
659 527 82 28 var.
760 528 51 27 ne
831 527 42 28 se
888 518 141 37 trouve
1045 526 73 41 pas
1139 515 317 41 ordinairement
1470 525 50 29 en
1531 514 170 44 France,

472 586 104 40 mais
591 597 104 29 nous
715 587 38 39 la
774 587 223 50 signalons,
1014 598 120 41 parce
1147 587 123 51 qu'on
1289 598 103 29 nous
1412 596 140 30 assure
1566 582 142 55 qu'elle

473 670 24 29 a
514 659 61 41 été
593 661 110 51 prise
722 659 102 41 dans
842 661 58 40 les
918 661 153 51 Vosges
1092 660 23 41 à
1135 659 150 55 Orbey.

473 754 91 48 DIA,
590 751 45 42 L.
662 752 103 42 God.

528 844 95 42 34m.
646 844 110 40 Ailes
773 847 120 50 ayant
913 857 54 28 un
985 856 78 42 peu
1082 845 40 41 la
1142 856 128 42 coupe
1288 845 49 42 de
1359 845 120 43 celles
1505 844 50 42 de
1572 844 135 50 Pales,

474 915 140 41 fauves
634 927 95 30 avec
749 916 40 40 la
800 916 98 42 base
913 917 89 53 plus
1019 929 52 29 ou
1086 918 135 40 moins
1236 918 179 40 noirâtre
1433 920 42 38 et
1490 916 70 41 des
1573 917 140 40 taches

474 989 136 39 noires
639 999 114 30 assez
779 1000 176 39 grosses,
981 989 120 41 celles
1133 989 55 40 du
1223 989 145 51 disque
1400 993 40 38 et
1466 989 48 40 de
1548 989 36 40 la
1615 989 99 40 base

478 1062 320 41 ordinairement
814 1065 227 49 contigües.
1054 1066 177 40 Dessous
1246 1065 70 41 des
1328 1064 256 53 supérieures
1597 1064 120 40 fauve

476 1136 92 51 plus
593 1136 111 49 clair,
728 1147 96 30 avec
842 1136 37 42 le
906 1137 101 41 bord
1034 1138 187 40 terminal
1254 1137 242 54 entrecoupé
1516 1137 49 40 de
1589 1138 129 51 jaure

478 1212 40 36 et
537 1208 49 40 de
605 1209 275 50 ferrugineux.
906 1210 175 40 Dessous
1111 1210 72 40 des
1211 1208 238 41 inférieures
1469 1208 98 41 d'un
1586 1208 133 42 ferru-

480 1281 148 50 gineux
654 1282 183 48 violâtre,
859 1281 108 41 varié
988 1281 49 40 de
1057 1282 142 51 jaune,
1228 1293 96 29 avec
1354 1281 100 39 deux
1485 1281 155 41 bandes
1668 1279 50 43 de

478 1353 140 40 taches
646 1353 182 49 nacrées,
850 1354 109 40 l'une
987 1365 52 28 au
1066 1353 104 41 bord
1201 1353 236 53 postérieur,
1460 1352 143 41 l'autre
1632 1352 88 40 mé-

481 1425 119 40 diane
621 1430 39 36 et
675 1425 207 41 décrivant
899 1438 57 27 un
977 1426 144 41 cercle.
1146 1427 124 39 Entre
1283 1437 67 30 ces
1369 1425 106 40 deux
1486 1424 154 41 bandes
1660 1429 76 43 est.

480 1509 82 28 une
592 1498 109 49 ligne
732 1501 229 37 transverse
995 1497 97 41 d'un
1126 1498 124 40 violet
1280 1497 263 48 blanchâtre,
1578 1495 144 52 longée

481 1571 338 41 extérieurement
840 1571 118 40 d'une
984 1575 113 36 autre
1115 1572 110 50 ligne
1245 1570 152 42 formée
1421 1569 49 41 de
1489 1571 63 39 six
1580 1569 142 41 taches

483 1644 201 40 oculaires
715 1643 301 51 ferrugineuses
1048 1643 100 40 dont
1177 1644 58 39 les
1259 1641 43 41 2'
1329 1646 39 37 et
1399 1642 41 40 3"
1467 1642 24 41 à
1517 1643 129 52 partir
1675 1641 50 42 de

482 1716 149 51 l'angle
650 1716 90 39 anal
764 1715 144 41 offrent
928 1714 134 41 seules
1081 1726 80 29 une
1180 1715 180 53 prunelle
1373 1714 206 52 jaunâtre.

548 1787 33 55 Y
611 1788 243 41 Semblable.

486 1870 7 5 •
542 1859 182 42 Chenille
739 1872 49 28 en
799 1859 132 53 juillet
943 1863 40 37 et
993 1859 226 52 septembre
1235 1870 71 29 sur
1316 1857 232 42 différentes
1564 1859 161 52 espèces

487 1931 51 42 de
560 1933 195 39 violettes.

541 2007 46 38 T.
609 2005 39 39 la
672 2007 63 46 F.,
757 2016 218 29 commune
1001 2003 103 41 dans
1122 2003 59 41 les
1203 2004 204 40 clairières
1434 2003 70 41 des
1528 2003 90 43 bois
1638 2016 89 29 secs

488 2090 50 29 en
557 2078 82 39 mai
659 2080 39 37 et
718 2080 113 36 août.

487 2168 259 47 AMATHUSIA,
770 2169 95 50 Esp.
890 2166 102 41 God.
1014 2167 70 52 (pl.
1110 2170 65 46 12,
1192 2166 70 52 fig.
1284 2168 56 50 6.)

544 2262 113 38 Cette
676 2260 142 52 espèce
832 2258 103 41 n'est
951 2270 72 41 pas
1042 2258 318 52 très-répandue
1381 2269 50 29 en
1453 2259 155 41 France
1624 2271 10 36 ;
1658 2258 74 40 elle

489 2331 136 40 habite
663 2333 57 39 les
755 2332 170 52 prairies
961 2330 191 41 humides
1188 2330 71 40 des
1297 2333 268 47 montagnes,
1605 2341 49 28 on
1693 2330 40 40 la

492 2407 139 36 trouve
660 2416 50 27 en
742 2404 131 50 juillet
909 2407 37 36 et
978 2406 97 38 août
1108 2403 101 40 dans
1246 2402 59 41 les
1339 2402 308 47 Basses-Alpes,
1680 2412 51 30 au

492 2475 243 52 Godessart;
767 2476 102 41 dans
898 2476 154 46 l'Isère,
1074 2476 24 40 à
1117 2476 39 39 la
1183 2475 433 41 Grande-Chartrerse
1643 2476 39 38 et
1710 2474 24 40 à

491 2548 40 40 la
552 2548 247 42 Chartreuse
817 2549 50 40 de
886 2548 237 42 Premolles.
