1780 3000
943 349 51 6 —
1025 326 51 40 4r)
1106 349 51 5 —

427 442 21 29 c
464 430 136 50 basse,
631 430 103 40 ainsi
765 441 77 40 que
862 440 103 30 nous
994 429 153 40 l'avons
1178 427 89 53 déjà
1287 429 71 49 dit,
1381 433 63 37 est
1462 429 105 42 celui
1595 431 69 53 qui

428 503 196 40 convient
649 503 37 40 le
706 501 138 42 mieux
861 503 23 40 à
904 503 38 39 la
961 502 216 40 recherche
1197 502 70 41 des
1286 502 241 41 Phalénites.

484 576 98 40 Mais
599 576 36 39 le
664 578 183 38 moment
866 575 37 40 le
922 574 90 53 plus
1033 575 201 41 favorable
1253 577 24 39 à
1294 576 39 40 la
1361 575 215 42 recherche
1595 576 70 41 des

431 647 259 41 Noctuélites
712 651 73 46 est,
809 659 94 29 sans
924 647 213 49 contredit,
1160 646 37 42 le
1214 657 169 43 passage
1414 647 53 41 du
1490 649 105 41 mois
1616 648 50 40 de

428 721 83 39 mai
548 731 51 29 au
626 721 104 40 mois
752 719 48 41 de
816 720 108 52 juin.
948 720 42 40 Si
1016 720 40 40 la
1075 720 142 40 chasse
1246 728 51 32 au
1325 720 155 41 maillet
1508 720 159 42 devient

428 791 175 42 féconde
625 804 50 28 en
696 791 202 50 résultats,
922 791 98 41 c'est
1036 792 337 53 principalement
1392 792 99 41 dans
1510 793 154 40 l'inter-

428 864 110 40 valle
559 866 69 49 qui
648 864 141 53 sépare
810 864 37 41 le
865 856 53 49 20
937 866 82 38 mai
1037 864 54 41 du
1109 865 47 42 15
1171 865 105 52 juin.
1296 866 107 40 Dans
1416 865 39 44 la
1472 864 195 54 première

428 936 171 52 période
633 936 49 41 de
710 939 101 38 cette
836 937 103 40 belle
968 936 171 54 époque,
1167 937 58 41 les
1252 936 283 54 Lépidoptères
1562 949 102 30 noc-

427 1012 148 38 turnes
601 1008 178 42 éclosent
803 1021 50 28 en
878 1010 130 51 foule;
1040 1010 37 40 le
1103 1008 176 55 Earpya
1302 1009 256 53 lHilhauseri,
1579 1020 89 31 rare

429 1080 104 41 dans
570 1085 108 37 toute
711 1082 39 40 la
783 1083 166 48 France,
986 1094 43 29 se
1072 1086 142 40 trouve
1250 1082 100 41 dans
1379 1083 60 40 les
1468 1083 120 40 taillis
1620 1082 71 58 de.

431 1155 127 40 chêne
601 1154 168 53 exposés
797 1165 53 29 au
877 1154 111 50 midi,
1011 1166 50 29 au
1091 1155 90 41 bois
1212 1155 49 41 de
1283 1157 221 50 Boulogne,
1528 1155 24 40 à
1568 1157 102 40 Vin-

432 1238 168 37 cennes,
623 1226 102 41 dans
745 1228 57 40 les
821 1228 90 40 bois
932 1227 49 41 de
1003 1227 188 52 Meudon,
1217 1227 47 41 de
1283 1228 158 52 Bondy,
1460 1228 50 41 de
1530 1229 137 40 Saint-

431 1299 208 52 Germain,
666 1303 78 38 etc.
765 1300 31 39 Il
827 1304 61 37 est
912 1298 103 43 suivi
1034 1312 174 40 presque
1231 1300 346 41 immédiatement
1597 1312 73 40 par

429 1371 40 40 la
507 1371 104 41 belle
636 1372 200 53 Catephia
856 1373 230 40 alchimisia
1107 1373 69 51 qui
1195 1384 42 29 se
1256 1384 141 41 repose
1427 1373 242 53 principale-

429 1448 111 36 ment
566 1456 70 29 sur
655 1445 35 40 le
710 1448 115 37 tronc
847 1445 70 41 des
938 1445 146 41 chênes
1104 1450 37 36 et
1162 1444 70 42 des
1252 1456 135 29 ormes
1410 1445 70 51 qui
1496 1444 176 41 bordent

428 1517 57 40 les
529 1518 167 40 lisières.
737 1517 218 53 L'Apfecta
993 1518 166 40 herbida
1197 1529 42 30 se
1281 1529 144 41 repose
1459 1520 137 38 contre
1634 1518 37 39 le

432 1593 117 36 tronc
584 1588 72 41 des
689 1590 137 41 arbres
848 1591 100 40 dans
979 1591 56 40 les
1060 1591 150 51 parties
1242 1590 188 40 humides
1460 1590 72 40 des
1552 1588 90 42 bois
1658 1604 10 37 ;

426 1662 58 40 l'
484 1662 155 40 Hadena
668 1664 202 51 atriplicis
900 1666 65 50 (1),
997 1674 52 29 au
1077 1663 215 49 contraire,
1322 1663 106 39 aime
1458 1661 49 41 de
1538 1661 133 53 préfé-

428 1745 124 30 rence
581 1735 37 40 le
642 1734 135 53 séjour
798 1735 69 40 des
893 1736 169 52 jardins,
1096 1738 135 38 contre
1259 1736 60 40 les
1346 1744 113 31 murs
1480 1734 190 52 desquels

429 1819 57 28 on
507 1808 39 39 la
576 1811 140 36 trouve
735 1812 169 37 souvent
923 1807 223 54 appliquée.

491 1883 76 38 Les
605 1880 173 41 Hadena
825 1881 228 40 thalassina
1092 1885 37 36 et
1171 1883 194 49 continua
1403 1880 269 52 s'appliquent

430 1957 141 37 contre
604 1953 36 40 le
673 1957 114 37 tronc
823 1953 68 40 des
926 1954 157 51 arbres;
1117 1954 28 39 il
1176 1965 50 29 en
1259 1956 61 37 est
1356 1952 48 40 de
1435 1955 130 37 même
1600 1952 71 40 des

434 2028 258 40 Bianlhœcia
713 2027 197 49 cucubali,
928 2029 243 51 capsincola,
1196 2026 277 54 carpophago,
1495 2029 172 49 compta,

430 2112 233 41 conspersa,
694 2100 254 49 albimacula,
976 2104 76 36 etc.
1066 2115 9 37 ;
1100 2101 104 39 mais
1224 2101 33 38 si
1288 2100 80 39 l'on
1388 2102 96 37 veut
1510 2109 43 29 se
1571 2109 97 42 pro-

430 2185 116 28 curer
560 2184 56 28 ua
638 2172 125 51 grand
785 2172 168 39 nombre
974 2171 247 41 d'individus
1237 2171 49 40 de
1313 2182 66 29 ces
1398 2168 263 48 Dianthœcîa,
1680 2168 10 5 "

431 2257 93 28 sans
547 2257 47 28 en
616 2246 130 40 élever
766 2245 57 40 les
844 2244 208 48 chenilles,
1084 2245 28 38 il
1134 2245 86 39 faut
1240 2239 78 44 leur
1318 2239 127 44 l'aire
1466 2243 36 39 la
1525 2242 142 43 chasse

430 2329 94 29 avec
558 2318 37 40 le
616 2317 81 40 filet-
726 2329 52 28 au
797 2320 179 37 moment
1005 2316 53 40 du
1093 2315 251 55 crépuscule,
1378 2315 78 41 soit
1487 2315 102 41 dans
1607 2315 59 41 les

469 2435 42 39 (1)
532 2434 25 32 Il
578 2442 19 32 y
619 2443 18 24 a
656 2434 158 41 quelques
836 2434 131 40 années,
981 2434 83 32 cette
1085 2434 114 40 espèce
1221 2433 79 33 était
1322 2432 238 34 extrêmement
1580 2439 84 25 com-

428 2496 99 25 mune
548 2496 64 24 sur
639 2488 47 32 les
709 2496 92 24 murs
823 2490 30 30 et
874 2490 112 30 contre
1016 2488 30 32 le
1073 2489 92 31 tronc
1189 2487 55 32 des
1275 2495 119 34 ormes,
1430 2495 58 24 sur
1518 2488 75 31 tous
1614 2487 47 31 les

428 2542 195 34 boulevards
646 2543 37 32 de
705 2542 30 33 la
759 2542 150 41 capitale.
1614 2575 14 14 t
