1780 3000
955 334 55 9 —
1039 315 78 40 162
1147 334 47 8 —

456 412 178 44 solitaire
651 425 105 31 nous
772 413 156 43 l'avons
949 415 110 41 aussi
1079 413 164 43 trouvée
1268 424 70 31 sur
1355 413 37 42 le
1410 410 222 57 prunellier
1648 416 41 39 et

456 491 38 41 le
517 491 225 51 groseiller.

512 564 201 40 Commun
742 563 101 41 dans
871 566 114 38 toute
1013 563 40 40 la
1081 564 170 48 France,
1276 562 103 41 dans
1406 562 60 41 les
1493 561 105 51 bois,
1632 560 59 41 les

457 640 152 45 routes,
631 636 57 40 les
700 634 171 54 jardins,
895 647 50 28 en
960 634 135 53 juillet
1114 639 38 37 et
1169 635 243 53 septembre.

510 734 322 40 POLYCHLOROS.
856 733 46 39 L.
923 731 101 42 God.
1047 731 73 54 (pl.
1146 736 65 45 10,
1230 731 55 52 fig
1324 735 55 49 3).

515 832 111 40 Cette
653 831 140 53 espèce
821 833 62 38 est
914 842 112 29 assez
1055 843 217 29 commune
1292 830 101 41 dans
1418 832 46 39 T.
1482 830 40 40 la
1541 832 154 40 France

461 915 80 30 aux
568 903 148 41 abords
754 903 71 41 des
862 903 106 49 bois,
1005 914 71 30 sur
1102 904 60 41 les
1193 907 137 39 routes
1357 907 39 39 et
1426 903 269 53 promenades

459 976 182 53 plantées
662 975 177 41 d'ormes
854 980 39 36 et
907 979 170 39 souvent
1091 978 112 39 aussi
1217 976 103 42 dans
1333 977 58 40 les
1409 975 107 51 bois,
1534 987 50 29 en
1597 976 100 52 juil-

459 1049 70 50 let,
551 1050 97 39 août
662 1051 39 38 et
720 1048 241 53 septembre.

515 1125 58 38 La
597 1123 172 41 chenille
796 1123 55 39 vit
882 1134 51 29 en
952 1123 120 52 petite
1098 1121 147 43 société
1272 1134 70 30 sur
1359 1123 142 41 l'orme
1522 1126 40 38 et
1580 1122 116 52 quel-

464 1206 99 40 ques
583 1198 135 37 autres
739 1194 154 50 arbres,
910 1206 105 29 nous
1027 1195 155 40 l'avons
1200 1195 108 52 prise
1325 1199 170 38 souvent
1513 1206 71 29 sur
1600 1195 92 40 l'A-

463 1266 126 41 lisier.
606 1266 86 41 Elle
706 1278 43 29 se
764 1270 140 37 trouve
924 1278 51 29 en
990 1267 94 52 juin
1101 1269 40 38 et
1162 1270 110 37 août.

466 1362 71 41 AB.
563 1360 193 50 Testudo,
780 1361 97 52 Esp.

521 1456 111 39 Cette
653 1455 64 40 ab.
740 1458 90 37 tout
848 1455 23 40 à
891 1455 73 40 fait
976 1454 263 42 accidentelle
1259 1453 139 42 diffère
1424 1454 49 41 de
1493 1454 210 53 Polychlo-

466 1538 65 29 ras
560 1539 51 28 en
638 1539 44 29 ce
712 1539 76 39 que
808 1528 58 39 les
887 1526 213 42 deuxième
1121 1531 38 36 et
1178 1527 205 40 troisième
1402 1526 139 42 taches
1567 1527 137 41 noires

467 1600 175 40 costales
662 1604 93 36 sont
771 1599 163 40 réunies
954 1610 51 29 en
1023 1611 79 28 une
1124 1598 111 41 seule
1254 1598 154 52 grande
1421 1599 118 41 tache
1559 1599 115 41 noire
1690 1612 11 38 ;

465 1672 29 39 il
510 1672 170 39 n'existe
699 1683 69 28 sur
786 1672 38 39 le
844 1671 146 51 disque
1018 1682 78 40 que
1117 1670 105 41 deux
1247 1671 135 52 points
1400 1672 112 40 noirs
1530 1682 174 41 presque

467 1743 138 40 réunis
624 1748 38 35 et
686 1744 180 40 formant
896 1754 80 29 une
1008 1743 141 52 espèce
1182 1743 49 40 de
1260 1742 134 41 bande
1424 1743 211 52 parrallèle
1653 1754 53 29 au

467 1815 103 41 bord
590 1816 173 48 interne,
800 1816 98 41 ailes
929 1815 240 41 inférieures
1199 1826 95 30 avec
1323 1816 40 40 le
1395 1815 101 41 fond
1526 1816 175 40 entière-

469 1896 112 36 ment
609 1891 97 40 d'un
732 1891 106 40 brun
866 1889 107 51 noir,
1003 1894 40 37 et
1075 1902 77 29 une
1173 1891 111 40 seule
1302 1891 133 41 bande
1454 1892 117 40 fauve
1590 1891 114 53 sépa-

470 1964 66 40 rée
555 1975 73 41 par
643 1964 58 39 les
720 1974 208 29 nervures.
950 1964 177 40 Dessous
1154 1964 89 52 plus
1265 1962 116 43 foncé
1408 1967 39 38 et
1472 1976 96 28 sans
1587 1965 116 53 point

465 2037 119 40 blanc
609 2036 163 42 central.
792 2035 207 53 (Guénée).

467 2133 330 45 XANTHOMELAS,
821 2132 41 39 S.
886 2132 48 40 V.
957 2132 104 52 Dup,

522 2225 234 41 Ressemble
773 2224 212 54 beaucoup
1000 2225 24 40 à
1042 2225 278 52 Polychloros,
1341 2225 105 39 mais
1461 2223 83 42 s'en
1565 2224 145 41 distin-

469 2309 79 39 gue
564 2309 73 41 par
656 2298 59 40 les
734 2299 224 39 caractères
979 2298 197 40 suivants.

527 2374 38 34 1°
586 2371 73 39 Ses
679 2370 100 40 ailes
798 2373 93 38 sont
904 2370 92 52 plus
1011 2370 247 53 anguleuses
1274 2382 9 37 ;
1300 2373 42 36 2°
1355 2370 39 40 la
1410 2370 169 41 couleur
1592 2370 120 41 fauve

472 2446 60 36 est
560 2441 318 41 ordinairement
912 2443 92 51 plus
1035 2443 87 40 vive
1141 2456 11 37 ;
1193 2442 40 40 la
1259 2442 118 41 tache
1412 2454 52 29 en
1491 2443 131 41 forme
1658 2442 51 42 de

471 2513 136 43 bande
628 2518 232 37 transverse
886 2514 135 55 placée
1032 2515 90 53 près
1132 2515 52 40 du
1201 2519 173 37 sommet
1387 2515 71 41 des
1471 2515 101 41 ailes
1585 2514 123 54 supé-
