1728 2984
613 286 50 6 —
695 267 53 38 69
778 286 49 6 —

163 370 57 38 La
244 366 35 44 C
279 366 161 44 alocala
459 366 161 54 fraxini
640 370 129 50 parait
785 366 141 54 depuis
945 368 36 40 le
1005 371 48 36 10
1072 371 96 37 août
1185 370 148 50 jusque

108 438 100 42 dans
238 440 56 40 les
315 441 191 50 premiers
533 441 116 50 jours
671 440 49 40 de
753 439 239 53 septembre.
1017 439 85 41 Elle
1129 444 59 36 est
1220 453 113 28 com-

107 524 122 28 mune
256 513 22 39 à
302 512 311 40 Fontainebleau
630 526 9 37 ;
662 524 102 28 nous
792 525 49 28 en
861 524 122 28 avons
1005 512 139 41 trouvé
1164 525 170 40 presque

106 596 78 27 aux
209 588 134 48 portes
378 585 48 40 de
459 587 101 37 cette
591 585 106 46 ville,
731 597 69 28 sur
831 585 37 40 la
900 590 114 35 route
1041 585 49 41 de
1117 584 127 50 Paris,
1278 597 54 28 un

106 656 128 50 grand
263 656 167 40 nombre
464 656 258 41 d'individus.
758 657 85 40 Elle
875 657 221 52 s'applique
1130 662 137 36 contre
1298 658 35 39 le

104 732 115 37 tronc
258 728 78 40 de&
365 729 166 49 arbres,
571 729 337 51 principalement
946 733 137 37 contre
1122 730 104 39 celui
1265 729 69 41 des

106 800 187 40 trembles
325 804 37 36 et
391 800 69 40 des
480 801 214 51 peupliers.
730 801 62 40 On
826 801 38 40 la
885 804 212 37 rencontre
1125 803 109 38 aussi
1264 813 70 28 sur

106 872 36 40 le
168 876 114 36 tronc
304 872 69 40 des
402 873 199 51 peupliers
632 873 66 50 qui
733 873 267 40 environnent
1030 874 37 39 la
1086 874 109 52 pièce
1217 874 114 40 d'eau

107 943 69 40 des
208 945 157 39 Suisses
392 947 22 36 à
448 944 212 41 Versailles
692 948 37 36 et
765 956 69 28 sur
864 945 103 40 celui
1000 945 70 41 des
1098 946 134 40 arbres
1266 948 67 49 qui

106 1015 171 40 bordent
295 1016 38 39 la
353 1015 121 51 berge
504 1015 53 40 du
576 1015 117 41 canal
715 1016 48 40 de
782 1015 164 53 l'Ourcq
968 1017 100 41 dans
1099 1018 39 40 la
1158 1019 102 41 forêt
1286 1020 48 39 de

109 1089 153 52 Bondy.

160 1164 130 37 Avant
309 1162 47 40 de
375 1173 139 41 passer
533 1173 51 29 au
609 1163 102 39 mois
731 1162 48 41 de
799 1163 238 52 septembre,
1057 1175 105 28 nous
1183 1164 151 40 devons

106 1234 131 51 parler
253 1234 48 41 de
323 1236 195 50 quelques
539 1235 160 52 espèces
720 1235 48 40 de
790 1234 278 54 Lépidoptères
1089 1237 70 50 qui
1177 1238 156 50 parais-

108 1309 88 35 sent
218 1305 173 52 pendant
418 1310 88 36 tout
537 1307 36 39 le
590 1307 103 39 mois
728 1307 149 40 d'août.
910 1307 53 40 Ce
997 1310 89 37 sont
1115 1308 57 39 les
1200 1308 134 39 ColiSt

107 1376 117 51 hyale
259 1380 38 36 et
328 1377 139 40 edusa.
501 1379 56 38 La
587 1378 195 51 première
813 1382 60 36 est
901 1382 289 37 extrêmement
1220 1392 113 28 com-

104 1459 123 28 mune
258 1447 100 40 dans
384 1451 91 37 tous
508 1448 57 40 les
594 1448 166 53 champs
782 1449 49 41 de
856 1450 159 40 luzerne
1046 1451 68 50 qui
1145 1451 188 40 environ-

105 1524 98 35 nent
235 1521 37 39 la
293 1521 168 51 capitale
478 1535 9 36 ;
518 1521 38 39 la
578 1521 173 41 seconde
782 1527 59 36 est
873 1523 90 52 plus
984 1534 87 29 rare
1092 1526 38 37 et
1150 1524 104 39 aime
1286 1536 47 27 en

106 1589 160 50 général
288 1592 55 39 les
364 1592 166 52 prairies
546 1593 166 41 élevées.

157 1667 54 37 Le
232 1665 103 40 mois
364 1664 136 41 d'aoùt
529 1667 81 39 voit
630 1666 129 41 éclore
787 1680 54 28 un
874 1668 122 51 grand
1026 1667 169 43 nombre
1228 1669 105 40 d'es-

106 1731 118 51 pèces
261 1743 234 29 communes
533 1732 54 40 du
626 1745 120 38 genre
777 1735 181 50 Agrotis.
995 1736 127 40 Telles
1155 1740 89 36 sont
1279 1737 56 38 les

103 1801 168 52 Agrotis
293 1802 136 50 tritici,
460 1804 198 51 aquilina,
684 1809 195 46 segetum,
910 1805 223 52 nigricans,
1154 1809 175 50 fumosa,

106 1874 182 48 obelisca,
326 1878 76 35 etc.
438 1874 74 41 Ces
542 1875 162 53 espèces
741 1880 91 37 sont
865 1878 250 41 abondantes
1143 1878 100 41 dans
1277 1880 56 38 les

105 1951 166 52 champs
294 1950 49 41 de
362 1952 158 40 luzerne
545 1954 69 50 qui
647 1955 224 41 avoisinent
890 1957 57 39 les
967 1957 103 40 bois.
1103 1958 106 40 C'est
1227 1958 108 52 prin-

104 2022 240 53 cipalement
368 2024 152 40 l'heure
550 2025 54 40 du
637 2026 235 53 crépuscule
899 2028 165 50 qu'elles
1092 2030 243 40 choisissent

103 2107 106 40 pour
228 2095 121 40 voler.

158 2167 137 49 Enfin,
319 2168 33 39 si
380 2168 80 40 l'on
488 2167 138 54 frappe
647 2170 56 40 les
724 2170 201 41 bouleaux
951 2167 101 44 dans
1082 2172 55 40 les
1163 2172 172 50 grandes

107 2239 121 39 forêts
248 2239 175 52 pendant
443 2240 34 40 le
499 2242 103 38 mois
624 2241 148 49 d'août,
799 2254 52 28 on
872 2255 49 28 en
939 2244 90 40 fera
1050 2244 152 40 tomber
1221 2247 114 50 quel-

108 2311 170 49 quefois,
301 2312 103 39 mais
422 2316 217 44 rarement,
660 2314 39 39 la
719 2313 161 42 Cosmirr-
908 2317 183 51 fulvago.

163 2383 40 38 Si
240 2381 81 41 l'on
348 2384 115 39 visite
495 2383 34 41 le
560 2385 93 51 pied
692 2385 68 41 des
798 2398 133 30 ormes
961 2390 69 49 qui
1067 2389 172 41 bordent
1277 2390 57 39 les

112 2457 155 45 routes,
304 2455 56 39 les
387 2454 259 51 boulevards,
681 2470 52 28 on
764 2472 23 39 y
825 2463 186 38 trouvera
1043 2461 47 41 de
1123 2466 128 49 temps
1285 2473 48 28 en
