<?xml version="1.0" encoding="utf-8"?>
<alto SCHEMAVERSION="alto_bnf-v2_0" xmlns="http://www.loc.gov/standards/alto/ns-v3#" xmlns:xlink="http://www.w3.org/TR/xlink" xmlns:xsi="http://www.w3.org/2001/XMLSchema-instance" xsi:schemaLocation="http://www.loc.gov/standards/alto/ns-v3# http://bibnum.bnf.fr/schema/alto_bnf-v2_0.xsd">
  <Description>
    <MeasurementUnit>pixel</MeasurementUnit>
    <sourceImageInformation>
      <fileName>00000069.jp2</fileName>
      <documentIdentifier documentIdentifierLocation="IFN">9612399</documentIdentifier>
    </sourceImageInformation>
    <OCRProcessing ID="OCR_1">
      <ocrProcessingStep>
        <processingDateTime>2015-10-09</processingDateTime>
        <processingStepDescription>[001_OCR_BRUT]OCR BRUT 97.49 %</processingStepDescription>
        <processingStepDescription>[002_CHARS]{1198}</processingStepDescription>
        <processingStepDescription>[003_CHARS_USED]{1128}</processingStepDescription>
        <processingStepDescription>[004_CHARS_SUSPECTS_USED]{0}</processingStepDescription>
        <processingStepDescription>[005_CHARS_UNUSED]{70}</processingStepDescription>
        <processingStepDescription>[006_CHARS_SUSPECTS_UNUSED]{0}</processingStepDescription>
        <processingStepDescription>[007_STRINGS]{242}</processingStepDescription>
        <processingStepDescription>[008_STRINGS_USED]{242}</processingStepDescription>
        <processingStepDescription>[009_STRINGS_SUSPECTS_UNUSED]{0}</processingStepDescription>
        <processingStepDescription>[010_CHARS_LETTERS]{1128}</processingStepDescription>
        <processingStepDescription>[011_CHARS_PUNCTUATION]{58}</processingStepDescription>
        <processingStepDescription>[012_CHARS_DIGITS]{10}</processingStepDescription>
        <processingStepDescription>[013_CHARS_SUSPECT]{0}</processingStepDescription>
        <processingStepDescription>[022_CHARS_UNUSED_BY_BLOCK]{0}</processingStepDescription>
        <processingStepDescription>[023_BLOCKS_SUSPECTS]{0}</processingStepDescription>
        <processingStepDescription>[111_LIGS_DETECTED_CURV]{0}</processingStepDescription>
      </ocrProcessingStep>
    </OCRProcessing>
  </Description>
  <Styles>
    <TextStyle FONTFAMILY="Times" FONTSIZE="9" ID="TXT_5"/>
  </Styles>
  <Tags>
    <OtherTag ID="TAG_importantEN" LABEL="important" TYPE="EN"/>
    <OtherTag ID="TAG_important" LABEL="important"/>
  </Tags>
  <Layout>
    <Page ACCURACY="97.49" HEIGHT="2996" ID="PAG_00000069" PHYSICAL_IMG_NR="69" PRINTED_IMG_NR="63" QUALITY="OK" WIDTH="1716">
      <TopMargin HEIGHT="374" HPOS="0" ID="PAG_00000069_TopMargin" VPOS="0" WIDTH="1716">
        <TextBlock HEIGHT="39" HPOS="623" ID="PAG_00000069_TB000001" LANG="fr" STYLEREFS="TXT_5" VPOS="280" WIDTH="210">
          <TextLine HEIGHT="39" HPOS="623" ID="PAG_00000069_TL000001" STYLEREFS="TXT_5" VPOS="280" WIDTH="210">
            <String CONTENT="—" HEIGHT="6" HPOS="623" ID="PAG_00000069_ST000001" STYLEREFS="TXT_5" VPOS="301" WC="1" WIDTH="50"/>
            <SP HPOS="673" ID="PAG_00000069_SP000001" VPOS="280" WIDTH="30"/>
            <String CONTENT="63" HEIGHT="39" HPOS="703" ID="PAG_00000069_ST000002" STYLEREFS="TXT_5" VPOS="280" WC="1" WIDTH="53"/>
            <SP HPOS="756" ID="PAG_00000069_SP000002" VPOS="299" WIDTH="30"/>
            <String CONTENT="—" HEIGHT="6" HPOS="786" ID="PAG_00000069_ST000003" STYLEREFS="TXT_5" VPOS="299" WC="1" WIDTH="47"/>
          </TextLine>
        </TextBlock>
      </TopMargin>
      <PrintSpace HEIGHT="2141" HPOS="103" ID="PAG_00000069_PrintSpace" VPOS="374" WIDTH="1268">
        <TextBlock HEIGHT="421" HPOS="112" ID="PAG_00000069_TB000002" LANG="fr" STYLEREFS="TXT_5" VPOS="374" WIDTH="1259">
          <TextLine HEIGHT="55" HPOS="116" ID="PAG_00000069_TL000002" STYLEREFS="TXT_5" VPOS="374" WIDTH="1225">
            <String CONTENT="saut" HEIGHT="36" HPOS="116" ID="PAG_00000069_ST000004" STYLEREFS="TXT_5" VPOS="384" WC="0.97" WIDTH="91"/>
            <SP HPOS="207" ID="PAG_00000069_SP000003" VPOS="380" WIDTH="23"/>
            <String CONTENT="des" HEIGHT="40" HPOS="230" ID="PAG_00000069_ST000005" STYLEREFS="TXT_5" VPOS="380" WC="1" WIDTH="69"/>
            <SP HPOS="299" ID="PAG_00000069_SP000004" VPOS="383" WIDTH="21"/>
            <String CONTENT="coteaux" HEIGHT="37" HPOS="320" ID="PAG_00000069_ST000006" STYLEREFS="TXT_5" VPOS="383" WC="1" WIDTH="169"/>
            <SP HPOS="489" ID="PAG_00000069_SP000005" VPOS="379" WIDTH="23"/>
            <String CONTENT="arides" HEIGHT="40" HPOS="512" ID="PAG_00000069_ST000007" STYLEREFS="TXT_5" VPOS="379" WC="1" WIDTH="132"/>
            <SP HPOS="644" ID="PAG_00000069_SP000006" VPOS="380" WIDTH="29"/>
            <String CONTENT="qui" HEIGHT="49" HPOS="673" ID="PAG_00000069_ST000008" STYLEREFS="TXT_5" VPOS="380" WC="1" WIDTH="68"/>
            <SP HPOS="741" ID="PAG_00000069_SP000007" VPOS="379" WIDTH="21"/>
            <String CONTENT="dominent" HEIGHT="39" HPOS="762" ID="PAG_00000069_ST000009" STYLEREFS="TXT_5" VPOS="379" WC="1" WIDTH="209"/>
            <SP HPOS="971" ID="PAG_00000069_SP000008" VPOS="376" WIDTH="24"/>
            <String CONTENT="Lardy" HEIGHT="52" HPOS="995" ID="PAG_00000069_ST000010" STYLEREFS="TXT_5" TAGREFS="TAG_importantEN" VPOS="376" WC="1" WIDTH="129"/>
            <SP HPOS="1124" ID="PAG_00000069_SP000009" VPOS="375" WIDTH="20"/>
            <String CONTENT="des" HEIGHT="40" HPOS="1144" ID="PAG_00000069_ST000011" STYLEREFS="TXT_5" VPOS="375" WC="1" WIDTH="70"/>
            <SP HPOS="1214" ID="PAG_00000069_SP000010" VPOS="374" WIDTH="27"/>
            <String CONTENT="deux" HEIGHT="40" HPOS="1241" ID="PAG_00000069_ST000012" STYLEREFS="TXT_5" VPOS="374" WC="1" WIDTH="100"/>
          </TextLine>
          <TextLine HEIGHT="52" HPOS="114" ID="PAG_00000069_TL000003" STYLEREFS="TXT_5" VPOS="448" WIDTH="1228">
            <String CONTENT="côtés" HEIGHT="41" HPOS="114" ID="PAG_00000069_ST000013" STYLEREFS="TXT_5" VPOS="453" WC="1" WIDTH="108"/>
            <SP HPOS="222" ID="PAG_00000069_SP000011" VPOS="453" WIDTH="25"/>
            <String CONTENT="du" HEIGHT="39" HPOS="247" ID="PAG_00000069_ST000014" STYLEREFS="TXT_5" VPOS="453" WC="1" WIDTH="54"/>
            <SP HPOS="301" ID="PAG_00000069_SP000012" VPOS="453" WIDTH="21"/>
            <String CONTENT="chemin" HEIGHT="40" HPOS="322" ID="PAG_00000069_ST000015" STYLEREFS="TXT_5" VPOS="453" WC="1" WIDTH="158"/>
            <SP HPOS="480" ID="PAG_00000069_SP000013" VPOS="452" WIDTH="23"/>
            <String CONTENT="de" HEIGHT="40" HPOS="503" ID="PAG_00000069_ST000016" STYLEREFS="TXT_5" VPOS="452" WC="1" WIDTH="47"/>
            <SP HPOS="550" ID="PAG_00000069_SP000014" VPOS="450" WIDTH="21"/>
            <String CONTENT="fer." HEIGHT="42" HPOS="571" ID="PAG_00000069_ST000017" STYLEREFS="TXT_5" VPOS="450" WC="1" WIDTH="71"/>
            <SP HPOS="642" ID="PAG_00000069_SP000015" VPOS="451" WIDTH="24"/>
            <String CONTENT="Nous" HEIGHT="41" HPOS="666" ID="PAG_00000069_ST000018" STYLEREFS="TXT_5" VPOS="451" WC="1" WIDTH="108"/>
            <SP HPOS="774" ID="PAG_00000069_SP000016" VPOS="452" WIDTH="20"/>
            <String CONTENT="l'avons" HEIGHT="39" HPOS="794" ID="PAG_00000069_ST000019" STYLEREFS="TXT_5" VPOS="452" WC="1" WIDTH="152"/>
            <SP HPOS="946" ID="PAG_00000069_SP000017" VPOS="452" WIDTH="22"/>
            <String CONTENT="souvent" HEIGHT="38" HPOS="968" ID="PAG_00000069_ST000020" STYLEREFS="TXT_5" VPOS="452" WC="1" WIDTH="168"/>
            <SP HPOS="1136" ID="PAG_00000069_SP000018" VPOS="448" WIDTH="28"/>
            <String CONTENT="prise" HEIGHT="52" HPOS="1164" ID="PAG_00000069_ST000021" STYLEREFS="TXT_5" VPOS="448" WC="1" WIDTH="107"/>
            <SP HPOS="1271" ID="PAG_00000069_SP000019" VPOS="458" WIDTH="21"/>
            <String CONTENT="en" HEIGHT="28" HPOS="1292" ID="PAG_00000069_ST000022" STYLEREFS="TXT_5" VPOS="458" WC="1" WIDTH="50"/>
          </TextLine>
          <TextLine HEIGHT="58" HPOS="114" ID="PAG_00000069_TL000004" STYLEREFS="TXT_5" VPOS="520" WIDTH="1257">
            <String CONTENT="compagnie" HEIGHT="52" HPOS="114" ID="PAG_00000069_ST000023" STYLEREFS="TXT_5" VPOS="526" WC="1" WIDTH="237"/>
            <SP HPOS="351" ID="PAG_00000069_SP000020" VPOS="525" WIDTH="33"/>
            <String CONTENT="de" HEIGHT="40" HPOS="384" ID="PAG_00000069_ST000024" STYLEREFS="TXT_5" VPOS="525" WC="1" WIDTH="48"/>
            <SP HPOS="432" ID="PAG_00000069_SP000021" VPOS="525" WIDTH="29"/>
            <String CONTENT="la" HEIGHT="38" HPOS="461" ID="PAG_00000069_ST000025" STYLEREFS="TXT_5" VPOS="525" WC="1" WIDTH="38"/>
            <SP HPOS="499" ID="PAG_00000069_SP000022" VPOS="525" WIDTH="29"/>
            <String CONTENT="Minos," HEIGHT="46" HPOS="528" ID="PAG_00000069_ST000026" STYLEREFS="TXT_5" TAGREFS="TAG_important" VPOS="525" WC="0.91" WIDTH="141"/>
            <SP HPOS="669" ID="PAG_00000069_SP000023" VPOS="523" WIDTH="32"/>
            <String CONTENT="de" HEIGHT="41" HPOS="701" ID="PAG_00000069_ST000027" STYLEREFS="TXT_5" VPOS="523" WC="1" WIDTH="47"/>
            <SP HPOS="748" ID="PAG_00000069_SP000024" VPOS="521" WIDTH="28"/>
            <String CONTENT="l'hippocrepidis," HEIGHT="54" HPOS="776" ID="PAG_00000069_ST000028" STYLEREFS="TXT_5" VPOS="521" WC="1" WIDTH="337"/>
            <SP HPOS="1113" ID="PAG_00000069_SP000025" VPOS="520" WIDTH="30"/>
            <String CONTENT="de" HEIGHT="39" HPOS="1143" ID="PAG_00000069_ST000029" STYLEREFS="TXT_5" VPOS="520" WC="1" WIDTH="49"/>
            <SP HPOS="1192" ID="PAG_00000069_SP000026" VPOS="520" WIDTH="21"/>
            <String CONTENT="l'ono-" HEIGHT="38" HPOS="1213" ID="PAG_00000069_ST000030" STYLEREFS="TXT_5" SUBS_CONTENT="l'onobrychis" SUBS_TYPE="HypPart1" VPOS="520" WC="1" WIDTH="128"/>
            <HYP CONTENT="-" HPOS="1341" VPOS="558" WIDTH="30"/>
          </TextLine>
          <TextLine HEIGHT="58" HPOS="114" ID="PAG_00000069_TL000005" STYLEREFS="TXT_5" VPOS="591" WIDTH="1228">
            <String CONTENT="brychis" HEIGHT="52" HPOS="114" ID="PAG_00000069_ST000031" STYLEREFS="TXT_5" SUBS_CONTENT="l'onobrychis" SUBS_TYPE="HypPart2" VPOS="597" WC="0.87" WIDTH="154"/>
            <SP HPOS="268" ID="PAG_00000069_SP000027" VPOS="600" WIDTH="31"/>
            <String CONTENT="et" HEIGHT="37" HPOS="299" ID="PAG_00000069_ST000032" STYLEREFS="TXT_5" VPOS="600" WC="1" WIDTH="37"/>
            <SP HPOS="336" ID="PAG_00000069_SP000028" VPOS="596" WIDTH="30"/>
            <String CONTENT="de" HEIGHT="40" HPOS="366" ID="PAG_00000069_ST000033" STYLEREFS="TXT_5" VPOS="596" WC="1" WIDTH="48"/>
            <SP HPOS="414" ID="PAG_00000069_SP000029" VPOS="597" WIDTH="33"/>
            <String CONTENT="la" HEIGHT="38" HPOS="447" ID="PAG_00000069_ST000034" STYLEREFS="TXT_5" VPOS="597" WC="1" WIDTH="37"/>
            <SP HPOS="484" ID="PAG_00000069_SP000030" VPOS="596" WIDTH="31"/>
            <String CONTENT="peucedani," HEIGHT="52" HPOS="515" ID="PAG_00000069_ST000035" STYLEREFS="TXT_5" VPOS="596" WC="0.99" WIDTH="234"/>
            <SP HPOS="749" ID="PAG_00000069_SP000031" VPOS="607" WIDTH="28"/>
            <String CONTENT="sur" HEIGHT="28" HPOS="777" ID="PAG_00000069_ST000036" STYLEREFS="TXT_5" VPOS="607" WC="1" WIDTH="69"/>
            <SP HPOS="846" ID="PAG_00000069_SP000032" VPOS="596" WIDTH="24"/>
            <String CONTENT="les" HEIGHT="42" HPOS="870" ID="PAG_00000069_ST000037" STYLEREFS="TXT_5" VPOS="596" WC="1" WIDTH="58"/>
            <SP HPOS="928" ID="PAG_00000069_SP000033" VPOS="594" WIDTH="32"/>
            <String CONTENT="mamelons" HEIGHT="39" HPOS="960" ID="PAG_00000069_ST000038" STYLEREFS="TXT_5" VPOS="594" WC="1" WIDTH="223"/>
            <SP HPOS="1183" ID="PAG_00000069_SP000034" VPOS="591" WIDTH="26"/>
            <String CONTENT="arides" HEIGHT="40" HPOS="1209" ID="PAG_00000069_ST000039" STYLEREFS="TXT_5" VPOS="591" WC="1" WIDTH="133"/>
          </TextLine>
          <TextLine HEIGHT="55" HPOS="114" ID="PAG_00000069_TL000006" STYLEREFS="TXT_5" VPOS="664" WIDTH="1256">
            <String CONTENT="situés" HEIGHT="40" HPOS="114" ID="PAG_00000069_ST000040" STYLEREFS="TXT_5" VPOS="668" WC="1" WIDTH="122"/>
            <SP HPOS="236" ID="PAG_00000069_SP000035" VPOS="671" WIDTH="16"/>
            <String CONTENT="entre" HEIGHT="37" HPOS="252" ID="PAG_00000069_ST000041" STYLEREFS="TXT_5" VPOS="671" WC="1" WIDTH="112"/>
            <SP HPOS="364" ID="PAG_00000069_SP000036" VPOS="670" WIDTH="14"/>
            <String CONTENT="Bouret" HEIGHT="38" HPOS="378" ID="PAG_00000069_ST000042" STYLEREFS="TXT_5" TAGREFS="TAG_importantEN" VPOS="670" WC="1" WIDTH="150"/>
            <SP HPOS="528" ID="PAG_00000069_SP000037" VPOS="671" WIDTH="26"/>
            <String CONTENT="et" HEIGHT="37" HPOS="554" ID="PAG_00000069_ST000043" STYLEREFS="TXT_5" VPOS="671" WC="1" WIDTH="39"/>
            <SP HPOS="593" ID="PAG_00000069_SP000038" VPOS="668" WIDTH="21"/>
            <String CONTENT="Itteville," HEIGHT="47" HPOS="614" ID="PAG_00000069_ST000044" STYLEREFS="TXT_5" TAGREFS="TAG_importantEN" VPOS="668" WC="1" WIDTH="181"/>
            <SP HPOS="795" ID="PAG_00000069_SP000039" VPOS="667" WIDTH="17"/>
            <String CONTENT="près" HEIGHT="52" HPOS="812" ID="PAG_00000069_ST000045" STYLEREFS="TXT_5" VPOS="667" WC="1" WIDTH="91"/>
            <SP HPOS="903" ID="PAG_00000069_SP000040" VPOS="666" WIDTH="20"/>
            <String CONTENT="de" HEIGHT="40" HPOS="923" ID="PAG_00000069_ST000046" STYLEREFS="TXT_5" VPOS="666" WC="1" WIDTH="49"/>
            <SP HPOS="972" ID="PAG_00000069_SP000041" VPOS="666" WIDTH="22"/>
            <String CONTENT="la" HEIGHT="39" HPOS="994" ID="PAG_00000069_ST000047" STYLEREFS="TXT_5" VPOS="666" WC="1" WIDTH="39"/>
            <SP HPOS="1033" ID="PAG_00000069_SP000042" VPOS="666" WIDTH="20"/>
            <String CONTENT="ferme" HEIGHT="40" HPOS="1053" ID="PAG_00000069_ST000048" STYLEREFS="TXT_5" VPOS="666" WC="1" WIDTH="124"/>
            <SP HPOS="1177" ID="PAG_00000069_SP000043" VPOS="664" WIDTH="15"/>
            <String CONTENT="de" HEIGHT="40" HPOS="1192" ID="PAG_00000069_ST000049" STYLEREFS="TXT_5" VPOS="664" WC="1" WIDTH="48"/>
            <SP HPOS="1240" ID="PAG_00000069_SP000044" VPOS="665" WIDTH="21"/>
            <String CONTENT="Po-" HEIGHT="38" HPOS="1261" ID="PAG_00000069_ST000050" STYLEREFS="TXT_5" SUBS_CONTENT="Poquency," SUBS_TYPE="HypPart1" VPOS="665" WC="1" WIDTH="79"/>
            <HYP CONTENT="-" HPOS="1340" VPOS="703" WIDTH="30"/>
          </TextLine>
          <TextLine HEIGHT="48" HPOS="112" ID="PAG_00000069_TL000007" STYLEREFS="TXT_5" VPOS="747" WIDTH="398">
            <String CONTENT="quency," HEIGHT="40" HPOS="112" ID="PAG_00000069_ST000051" STYLEREFS="TXT_5" SUBS_CONTENT="Poquency," SUBS_TYPE="HypPart2" VPOS="755" WC="1" WIDTH="175"/>
            <SP HPOS="287" ID="PAG_00000069_SP000045" VPOS="747" WIDTH="27"/>
            <String CONTENT="etc.," HEIGHT="44" HPOS="314" ID="PAG_00000069_ST000052" STYLEREFS="TXT_5" VPOS="747" WC="1" WIDTH="96"/>
            <SP HPOS="410" ID="PAG_00000069_SP000046" VPOS="747" WIDTH="23"/>
            <String CONTENT="etc." HEIGHT="36" HPOS="433" ID="PAG_00000069_ST000053" STYLEREFS="TXT_5" VPOS="747" WC="1" WIDTH="77"/>
          </TextLine>
        </TextBlock>
        <TextBlock HEIGHT="342" HPOS="106" ID="PAG_00000069_TB000003" LANG="fr" STYLEREFS="TXT_5" VPOS="813" WIDTH="1265">
          <TextLine HEIGHT="55" HPOS="172" ID="PAG_00000069_TL000008" STYLEREFS="TXT_5" VPOS="813" WIDTH="1169">
            <String CONTENT="La" HEIGHT="38" HPOS="172" ID="PAG_00000069_ST000054" STYLEREFS="TXT_5" VPOS="817" WC="1" WIDTH="52"/>
            <SP HPOS="224" ID="PAG_00000069_SP000047" VPOS="816" WIDTH="21"/>
            <String CONTENT="Sesia" HEIGHT="39" HPOS="245" ID="PAG_00000069_ST000055" STYLEREFS="TXT_5" TAGREFS="TAG_important" VPOS="816" WC="1" WIDTH="113"/>
            <SP HPOS="358" ID="PAG_00000069_SP000048" VPOS="816" WIDTH="20"/>
            <String CONTENT="cynipiformis" HEIGHT="52" HPOS="378" ID="PAG_00000069_ST000056" STYLEREFS="TXT_5" VPOS="816" WC="0.94" WIDTH="276"/>
            <SP HPOS="654" ID="PAG_00000069_SP000049" VPOS="814" WIDTH="20"/>
            <String CONTENT="éclot" HEIGHT="41" HPOS="674" ID="PAG_00000069_ST000057" STYLEREFS="TXT_5" VPOS="814" WC="1" WIDTH="103"/>
            <SP HPOS="777" ID="PAG_00000069_SP000050" VPOS="815" WIDTH="19"/>
            <String CONTENT="à" HEIGHT="39" HPOS="796" ID="PAG_00000069_ST000058" STYLEREFS="TXT_5" VPOS="815" WC="1" WIDTH="24"/>
            <SP HPOS="820" ID="PAG_00000069_SP000051" VPOS="814" WIDTH="20"/>
            <String CONTENT="la" HEIGHT="40" HPOS="840" ID="PAG_00000069_ST000059" STYLEREFS="TXT_5" VPOS="814" WC="1" WIDTH="38"/>
            <SP HPOS="878" ID="PAG_00000069_SP000052" VPOS="816" WIDTH="15"/>
            <String CONTENT="même" HEIGHT="38" HPOS="893" ID="PAG_00000069_ST000060" STYLEREFS="TXT_5" VPOS="816" WC="1" WIDTH="129"/>
            <SP HPOS="1022" ID="PAG_00000069_SP000053" VPOS="813" WIDTH="14"/>
            <String CONTENT="époque;" HEIGHT="52" HPOS="1036" ID="PAG_00000069_ST000061" STYLEREFS="TXT_5" VPOS="813" WC="1" WIDTH="178"/>
            <SP HPOS="1214" ID="PAG_00000069_SP000054" VPOS="824" WIDTH="23"/>
            <String CONTENT="nous" HEIGHT="28" HPOS="1237" ID="PAG_00000069_ST000062" STYLEREFS="TXT_5" VPOS="824" WC="1" WIDTH="104"/>
          </TextLine>
          <TextLine HEIGHT="54" HPOS="106" ID="PAG_00000069_TL000009" STYLEREFS="TXT_5" VPOS="885" WIDTH="1235">
            <String CONTENT="l'avons" HEIGHT="39" HPOS="106" ID="PAG_00000069_ST000063" STYLEREFS="TXT_5" VPOS="888" WC="1" WIDTH="154"/>
            <SP HPOS="260" ID="PAG_00000069_SP000055" VPOS="888" WIDTH="29"/>
            <String CONTENT="prise" HEIGHT="51" HPOS="289" ID="PAG_00000069_ST000064" STYLEREFS="TXT_5" VPOS="888" WC="1" WIDTH="106"/>
            <SP HPOS="395" ID="PAG_00000069_SP000056" VPOS="887" WIDTH="27"/>
            <String CONTENT="quelquefois" HEIGHT="51" HPOS="422" ID="PAG_00000069_ST000065" STYLEREFS="TXT_5" VPOS="887" WC="1" WIDTH="251"/>
            <SP HPOS="673" ID="PAG_00000069_SP000057" VPOS="886" WIDTH="39"/>
            <String CONTENT="à" HEIGHT="40" HPOS="712" ID="PAG_00000069_ST000066" STYLEREFS="TXT_5" VPOS="886" WC="1" WIDTH="23"/>
            <SP HPOS="735" ID="PAG_00000069_SP000058" VPOS="887" WIDTH="36"/>
            <String CONTENT="Vincennes," HEIGHT="47" HPOS="771" ID="PAG_00000069_ST000067" STYLEREFS="TXT_5" TAGREFS="TAG_importantEN" VPOS="887" WC="1" WIDTH="249"/>
            <SP HPOS="1020" ID="PAG_00000069_SP000059" VPOS="886" WIDTH="37"/>
            <String CONTENT="ainsi" HEIGHT="39" HPOS="1057" ID="PAG_00000069_ST000068" STYLEREFS="TXT_5" VPOS="886" WC="1" WIDTH="101"/>
            <SP HPOS="1158" ID="PAG_00000069_SP000060" VPOS="896" WIDTH="37"/>
            <String CONTENT="que" HEIGHT="40" HPOS="1195" ID="PAG_00000069_ST000069" STYLEREFS="TXT_5" VPOS="896" WC="1" WIDTH="78"/>
            <SP HPOS="1273" ID="PAG_00000069_SP000061" VPOS="885" WIDTH="31"/>
            <String CONTENT="la" HEIGHT="39" HPOS="1304" ID="PAG_00000069_ST000070" STYLEREFS="TXT_5" VPOS="885" WC="1" WIDTH="37"/>
          </TextLine>
          <TextLine HEIGHT="54" HPOS="110" ID="PAG_00000069_TL000010" STYLEREFS="TXT_5" VPOS="957" WIDTH="1261">
            <String CONTENT="tenilirédiniformis." HEIGHT="53" HPOS="110" ID="PAG_00000069_ST000071" STYLEREFS="TXT_5" VPOS="958" WC="0.90" WIDTH="404"/>
            <SP HPOS="514" ID="PAG_00000069_SP000062" VPOS="959" WIDTH="30"/>
            <String CONTENT="Cette" HEIGHT="39" HPOS="544" ID="PAG_00000069_ST000072" STYLEREFS="TXT_5" VPOS="959" WC="1" WIDTH="112"/>
            <SP HPOS="656" ID="PAG_00000069_SP000063" VPOS="958" WIDTH="29"/>
            <String CONTENT="dernière" HEIGHT="41" HPOS="685" ID="PAG_00000069_ST000073" STYLEREFS="TXT_5" VPOS="958" WC="1" WIDTH="181"/>
            <SP HPOS="866" ID="PAG_00000069_SP000064" VPOS="970" WIDTH="27"/>
            <String CONTENT="se" HEIGHT="28" HPOS="893" ID="PAG_00000069_ST000074" STYLEREFS="TXT_5" VPOS="970" WC="1" WIDTH="41"/>
            <SP HPOS="934" ID="PAG_00000069_SP000065" VPOS="970" WIDTH="29"/>
            <String CONTENT="repose" HEIGHT="40" HPOS="963" ID="PAG_00000069_ST000075" STYLEREFS="TXT_5" VPOS="970" WC="1" WIDTH="141"/>
            <SP HPOS="1104" ID="PAG_00000069_SP000066" VPOS="958" WIDTH="28"/>
            <String CONTENT="de" HEIGHT="40" HPOS="1132" ID="PAG_00000069_ST000076" STYLEREFS="TXT_5" VPOS="958" WC="1" WIDTH="49"/>
            <SP HPOS="1181" ID="PAG_00000069_SP000067" VPOS="957" WIDTH="29"/>
            <String CONTENT="préfé-" HEIGHT="52" HPOS="1210" ID="PAG_00000069_ST000077" STYLEREFS="TXT_5" SUBS_CONTENT="préférence" SUBS_TYPE="HypPart1" VPOS="957" WC="1" WIDTH="131"/>
            <HYP CONTENT="-" HPOS="1341" VPOS="1009" WIDTH="30"/>
          </TextLine>
          <TextLine HEIGHT="54" HPOS="109" ID="PAG_00000069_TL000011" STYLEREFS="TXT_5" VPOS="1029" WIDTH="1229">
            <String CONTENT="rence" HEIGHT="29" HPOS="109" ID="PAG_00000069_ST000078" STYLEREFS="TXT_5" SUBS_CONTENT="préférence" SUBS_TYPE="HypPart2" VPOS="1042" WC="0.91" WIDTH="117"/>
            <SP HPOS="226" ID="PAG_00000069_SP000068" VPOS="1043" WIDTH="24"/>
            <String CONTENT="sur" HEIGHT="27" HPOS="250" ID="PAG_00000069_ST000079" STYLEREFS="TXT_5" VPOS="1043" WC="1" WIDTH="69"/>
            <SP HPOS="319" ID="PAG_00000069_SP000069" VPOS="1031" WIDTH="20"/>
            <String CONTENT="le" HEIGHT="40" HPOS="339" ID="PAG_00000069_ST000080" STYLEREFS="TXT_5" VPOS="1031" WC="1" WIDTH="36"/>
            <SP HPOS="375" ID="PAG_00000069_SP000070" VPOS="1030" WIDTH="30"/>
            <String CONTENT="tithymale" HEIGHT="53" HPOS="405" ID="PAG_00000069_ST000081" STYLEREFS="TXT_5" VPOS="1030" WC="1" WIDTH="211"/>
            <SP HPOS="616" ID="PAG_00000069_SP000071" VPOS="1031" WIDTH="26"/>
            <String CONTENT="à" HEIGHT="40" HPOS="642" ID="PAG_00000069_ST000082" STYLEREFS="TXT_5" VPOS="1031" WC="1" WIDTH="24"/>
            <SP HPOS="666" ID="PAG_00000069_SP000072" VPOS="1030" WIDTH="23"/>
            <String CONTENT="feuilles" HEIGHT="40" HPOS="689" ID="PAG_00000069_ST000083" STYLEREFS="TXT_5" VPOS="1030" WC="1" WIDTH="157"/>
            <SP HPOS="846" ID="PAG_00000069_SP000073" VPOS="1030" WIDTH="24"/>
            <String CONTENT="de" HEIGHT="40" HPOS="870" ID="PAG_00000069_ST000084" STYLEREFS="TXT_5" VPOS="1030" WC="1" WIDTH="49"/>
            <SP HPOS="919" ID="PAG_00000069_SP000074" VPOS="1031" WIDTH="21"/>
            <String CONTENT="cyprès" HEIGHT="51" HPOS="940" ID="PAG_00000069_ST000085" STYLEREFS="TXT_5" VPOS="1031" WC="1" WIDTH="140"/>
            <SP HPOS="1080" ID="PAG_00000069_SP000075" VPOS="1029" WIDTH="20"/>
            <String CONTENT="Euphorbia" HEIGHT="53" HPOS="1100" ID="PAG_00000069_ST000086" STYLEREFS="TXT_5" TAGREFS="TAG_important" VPOS="1029" WC="0.65" WIDTH="238"/>
          </TextLine>
          <TextLine HEIGHT="49" HPOS="108" ID="PAG_00000069_TL000012" STYLEREFS="TXT_5" VPOS="1106" WIDTH="258">
            <String CONTENT="cyparissias." HEIGHT="49" HPOS="108" ID="PAG_00000069_ST000087" STYLEREFS="TXT_5" VPOS="1106" WC="1" WIDTH="258"/>
          </TextLine>
        </TextBlock>
        <TextBlock HEIGHT="485" HPOS="104" ID="PAG_00000069_TB000004" LANG="fr" STYLEREFS="TXT_5" VPOS="1173" WIDTH="1266">
          <TextLine HEIGHT="53" HPOS="163" ID="PAG_00000069_TL000013" STYLEREFS="TXT_5" VPOS="1173" WIDTH="1177">
            <String CONTENT="Parmi" HEIGHT="38" HPOS="163" ID="PAG_00000069_ST000088" STYLEREFS="TXT_5" VPOS="1176" WC="1" WIDTH="133"/>
            <SP HPOS="296" ID="PAG_00000069_SP000076" VPOS="1176" WIDTH="20"/>
            <String CONTENT="les" HEIGHT="38" HPOS="316" ID="PAG_00000069_ST000089" STYLEREFS="TXT_5" VPOS="1176" WC="1" WIDTH="57"/>
            <SP HPOS="373" ID="PAG_00000069_SP000077" VPOS="1174" WIDTH="22"/>
            <String CONTENT="Hétérocerès," HEIGHT="51" HPOS="395" ID="PAG_00000069_ST000090" STYLEREFS="TXT_5" TAGREFS="TAG_importantEN" VPOS="1174" WC="1" WIDTH="271"/>
            <SP HPOS="666" ID="PAG_00000069_SP000078" VPOS="1175" WIDTH="26"/>
            <String CONTENT="la" HEIGHT="38" HPOS="692" ID="PAG_00000069_ST000091" STYLEREFS="TXT_5" VPOS="1175" WC="1" WIDTH="36"/>
            <SP HPOS="728" ID="PAG_00000069_SP000079" VPOS="1175" WIDTH="15"/>
            <String CONTENT="jolie" HEIGHT="51" HPOS="743" ID="PAG_00000069_ST000092" STYLEREFS="TXT_5" VPOS="1175" WC="1" WIDTH="99"/>
            <SP HPOS="842" ID="PAG_00000069_SP000080" VPOS="1174" WIDTH="19"/>
            <String CONTENT="Anarta" HEIGHT="41" HPOS="861" ID="PAG_00000069_ST000093" STYLEREFS="TXT_5" TAGREFS="TAG_important" VPOS="1174" WC="1" WIDTH="163"/>
            <SP HPOS="1024" ID="PAG_00000069_SP000081" VPOS="1174" WIDTH="19"/>
            <String CONTENT="myrtilli" HEIGHT="51" HPOS="1043" ID="PAG_00000069_ST000094" STYLEREFS="TXT_5" VPOS="1174" WC="0.93" WIDTH="174"/>
            <SP HPOS="1217" ID="PAG_00000069_SP000082" VPOS="1173" WIDTH="19"/>
            <String CONTENT="éclot" HEIGHT="40" HPOS="1236" ID="PAG_00000069_ST000095" STYLEREFS="TXT_5" VPOS="1173" WC="1" WIDTH="104"/>
          </TextLine>
          <TextLine HEIGHT="53" HPOS="107" ID="PAG_00000069_TL000014" STYLEREFS="TXT_5" VPOS="1245" WIDTH="1234">
            <String CONTENT="également," HEIGHT="47" HPOS="107" ID="PAG_00000069_ST000096" STYLEREFS="TXT_5" VPOS="1247" WC="0.94" WIDTH="225"/>
            <SP HPOS="332" ID="PAG_00000069_SP000083" VPOS="1246" WIDTH="19"/>
            <String CONTENT="du" HEIGHT="40" HPOS="351" ID="PAG_00000069_ST000097" STYLEREFS="TXT_5" VPOS="1246" WC="1" WIDTH="53"/>
            <SP HPOS="404" ID="PAG_00000069_SP000084" VPOS="1249" WIDTH="28"/>
            <String CONTENT="15" HEIGHT="39" HPOS="432" ID="PAG_00000069_ST000098" STYLEREFS="TXT_5" VPOS="1249" WC="1" WIDTH="49"/>
            <SP HPOS="481" ID="PAG_00000069_SP000085" VPOS="1258" WIDTH="29"/>
            <String CONTENT="au" HEIGHT="29" HPOS="510" ID="PAG_00000069_ST000099" STYLEREFS="TXT_5" VPOS="1258" WC="0.98" WIDTH="50"/>
            <SP HPOS="560" ID="PAG_00000069_SP000086" VPOS="1250" WIDTH="28"/>
            <String CONTENT="20" HEIGHT="36" HPOS="588" ID="PAG_00000069_ST000100" STYLEREFS="TXT_5" VPOS="1250" WC="1" WIDTH="51"/>
            <SP HPOS="639" ID="PAG_00000069_SP000087" VPOS="1247" WIDTH="15"/>
            <String CONTENT="juillet." HEIGHT="51" HPOS="654" ID="PAG_00000069_ST000101" STYLEREFS="TXT_5" VPOS="1247" WC="1" WIDTH="145"/>
            <SP HPOS="799" ID="PAG_00000069_SP000088" VPOS="1245" WIDTH="24"/>
            <String CONTENT="Elle" HEIGHT="41" HPOS="823" ID="PAG_00000069_ST000102" STYLEREFS="TXT_5" VPOS="1245" WC="1" WIDTH="86"/>
            <SP HPOS="909" ID="PAG_00000069_SP000089" VPOS="1250" WIDTH="33"/>
            <String CONTENT="est" HEIGHT="36" HPOS="942" ID="PAG_00000069_ST000103" STYLEREFS="TXT_5" VPOS="1250" WC="1" WIDTH="60"/>
            <SP HPOS="1002" ID="PAG_00000069_SP000090" VPOS="1246" WIDTH="22"/>
            <String CONTENT="très-commune" HEIGHT="40" HPOS="1024" ID="PAG_00000069_ST000104" STYLEREFS="TXT_5" VPOS="1246" WC="1" WIDTH="317"/>
          </TextLine>
          <TextLine HEIGHT="54" HPOS="109" ID="PAG_00000069_TL000015" STYLEREFS="TXT_5" VPOS="1316" WIDTH="1261">
            <String CONTENT="dans" HEIGHT="41" HPOS="109" ID="PAG_00000069_ST000105" STYLEREFS="TXT_5" VPOS="1318" WC="1" WIDTH="100"/>
            <SP HPOS="209" ID="PAG_00000069_SP000091" VPOS="1319" WIDTH="20"/>
            <String CONTENT="les" HEIGHT="40" HPOS="229" ID="PAG_00000069_ST000106" STYLEREFS="TXT_5" VPOS="1319" WC="1" WIDTH="58"/>
            <SP HPOS="287" ID="PAG_00000069_SP000092" VPOS="1319" WIDTH="26"/>
            <String CONTENT="bruyères" HEIGHT="51" HPOS="313" ID="PAG_00000069_ST000107" STYLEREFS="TXT_5" VPOS="1319" WC="1" WIDTH="191"/>
            <SP HPOS="504" ID="PAG_00000069_SP000093" VPOS="1318" WIDTH="22"/>
            <String CONTENT="de" HEIGHT="40" HPOS="526" ID="PAG_00000069_ST000108" STYLEREFS="TXT_5" VPOS="1318" WC="1" WIDTH="47"/>
            <SP HPOS="573" ID="PAG_00000069_SP000094" VPOS="1319" WIDTH="21"/>
            <String CONTENT="la" HEIGHT="39" HPOS="594" ID="PAG_00000069_ST000109" STYLEREFS="TXT_5" VPOS="1319" WC="1" WIDTH="39"/>
            <SP HPOS="633" ID="PAG_00000069_SP000095" VPOS="1319" WIDTH="18"/>
            <String CONTENT="partie" HEIGHT="51" HPOS="651" ID="PAG_00000069_ST000110" STYLEREFS="TXT_5" VPOS="1319" WC="1" WIDTH="128"/>
            <SP HPOS="779" ID="PAG_00000069_SP000096" VPOS="1319" WIDTH="23"/>
            <String CONTENT="haute" HEIGHT="39" HPOS="802" ID="PAG_00000069_ST000111" STYLEREFS="TXT_5" VPOS="1319" WC="1" WIDTH="123"/>
            <SP HPOS="925" ID="PAG_00000069_SP000097" VPOS="1318" WIDTH="33"/>
            <String CONTENT="du" HEIGHT="39" HPOS="958" ID="PAG_00000069_ST000112" STYLEREFS="TXT_5" VPOS="1318" WC="1" WIDTH="54"/>
            <SP HPOS="1012" ID="PAG_00000069_SP000098" VPOS="1318" WIDTH="27"/>
            <String CONTENT="bois" HEIGHT="39" HPOS="1039" ID="PAG_00000069_ST000113" STYLEREFS="TXT_5" TAGREFS="TAG_important" VPOS="1318" WC="1" WIDTH="90"/>
            <SP HPOS="1129" ID="PAG_00000069_SP000099" VPOS="1316" WIDTH="28"/>
            <String CONTENT="de" HEIGHT="41" HPOS="1157" ID="PAG_00000069_ST000114" STYLEREFS="TXT_5" VPOS="1316" WC="1" WIDTH="47"/>
            <SP HPOS="1204" ID="PAG_00000069_SP000100" VPOS="1319" WIDTH="23"/>
            <String CONTENT="Mcu-" HEIGHT="37" HPOS="1227" ID="PAG_00000069_ST000115" STYLEREFS="TXT_5" SUBS_CONTENT="Mcudon," SUBS_TYPE="HypPart1" TAGREFS="TAG_important" VPOS="1319" WC="0.90" WIDTH="113"/>
            <HYP CONTENT="-" HPOS="1340" VPOS="1356" WIDTH="30"/>
          </TextLine>
          <TextLine HEIGHT="51" HPOS="110" ID="PAG_00000069_TL000016" STYLEREFS="TXT_5" VPOS="1389" WIDTH="1230">
            <String CONTENT="don," HEIGHT="47" HPOS="110" ID="PAG_00000069_ST000116" STYLEREFS="TXT_5" SUBS_CONTENT="Mcudon," SUBS_TYPE="HypPart2" TAGREFS="TAG_important" VPOS="1390" WC="1" WIDTH="96"/>
            <SP HPOS="206" ID="PAG_00000069_SP000101" VPOS="1403" WIDTH="35"/>
            <String CONTENT="en" HEIGHT="27" HPOS="241" ID="PAG_00000069_ST000117" STYLEREFS="TXT_5" VPOS="1403" WC="1" WIDTH="47"/>
            <SP HPOS="288" ID="PAG_00000069_SP000102" VPOS="1391" WIDTH="32"/>
            <String CONTENT="face" HEIGHT="40" HPOS="320" ID="PAG_00000069_ST000118" STYLEREFS="TXT_5" VPOS="1391" WC="1" WIDTH="85"/>
            <SP HPOS="405" ID="PAG_00000069_SP000103" VPOS="1390" WIDTH="34"/>
            <String CONTENT="de" HEIGHT="40" HPOS="439" ID="PAG_00000069_ST000119" STYLEREFS="TXT_5" VPOS="1390" WC="1" WIDTH="48"/>
            <SP HPOS="487" ID="PAG_00000069_SP000104" VPOS="1390" WIDTH="28"/>
            <String CONTENT="l'étang" HEIGHT="50" HPOS="515" ID="PAG_00000069_ST000120" STYLEREFS="TXT_5" VPOS="1390" WC="1" WIDTH="149"/>
            <SP HPOS="664" ID="PAG_00000069_SP000105" VPOS="1389" WIDTH="27"/>
            <String CONTENT="de" HEIGHT="40" HPOS="691" ID="PAG_00000069_ST000121" STYLEREFS="TXT_5" VPOS="1389" WC="1" WIDTH="49"/>
            <SP HPOS="740" ID="PAG_00000069_SP000106" VPOS="1390" WIDTH="30"/>
            <String CONTENT="Villebon," HEIGHT="48" HPOS="770" ID="PAG_00000069_ST000122" STYLEREFS="TXT_5" TAGREFS="TAG_importantEN" VPOS="1390" WC="1" WIDTH="198"/>
            <SP HPOS="968" ID="PAG_00000069_SP000107" VPOS="1390" WIDTH="29"/>
            <String CONTENT="ainsi" HEIGHT="39" HPOS="997" ID="PAG_00000069_ST000123" STYLEREFS="TXT_5" VPOS="1390" WC="1" WIDTH="104"/>
            <SP HPOS="1101" ID="PAG_00000069_SP000108" VPOS="1400" WIDTH="33"/>
            <String CONTENT="que" HEIGHT="40" HPOS="1134" ID="PAG_00000069_ST000124" STYLEREFS="TXT_5" VPOS="1400" WC="1" WIDTH="79"/>
            <SP HPOS="1213" ID="PAG_00000069_SP000109" VPOS="1389" WIDTH="26"/>
            <String CONTENT="dans" HEIGHT="39" HPOS="1239" ID="PAG_00000069_ST000125" STYLEREFS="TXT_5" VPOS="1389" WC="1" WIDTH="101"/>
          </TextLine>
          <TextLine HEIGHT="53" HPOS="106" ID="PAG_00000069_TL000017" STYLEREFS="TXT_5" VPOS="1461" WIDTH="1233">
            <String CONTENT="celles" HEIGHT="39" HPOS="106" ID="PAG_00000069_ST000126" STYLEREFS="TXT_5" VPOS="1463" WC="0.95" WIDTH="119"/>
            <SP HPOS="225" ID="PAG_00000069_SP000110" VPOS="1462" WIDTH="21"/>
            <String CONTENT="de" HEIGHT="40" HPOS="246" ID="PAG_00000069_ST000127" STYLEREFS="TXT_5" VPOS="1462" WC="1" WIDTH="48"/>
            <SP HPOS="294" ID="PAG_00000069_SP000111" VPOS="1462" WIDTH="21"/>
            <String CONTENT="la" HEIGHT="39" HPOS="315" ID="PAG_00000069_ST000128" STYLEREFS="TXT_5" VPOS="1462" WC="1" WIDTH="37"/>
            <SP HPOS="352" ID="PAG_00000069_SP000112" VPOS="1463" WIDTH="13"/>
            <String CONTENT="partie" HEIGHT="51" HPOS="365" ID="PAG_00000069_ST000129" STYLEREFS="TXT_5" VPOS="1463" WC="1" WIDTH="128"/>
            <SP HPOS="493" ID="PAG_00000069_SP000113" VPOS="1462" WIDTH="20"/>
            <String CONTENT="du" HEIGHT="39" HPOS="513" ID="PAG_00000069_ST000130" STYLEREFS="TXT_5" VPOS="1462" WC="1" WIDTH="53"/>
            <SP HPOS="566" ID="PAG_00000069_SP000114" VPOS="1462" WIDTH="20"/>
            <String CONTENT="bois" HEIGHT="40" HPOS="586" ID="PAG_00000069_ST000131" STYLEREFS="TXT_5" TAGREFS="TAG_important" VPOS="1462" WC="1" WIDTH="87"/>
            <SP HPOS="673" ID="PAG_00000069_SP000115" VPOS="1461" WIDTH="16"/>
            <String CONTENT="de" HEIGHT="41" HPOS="689" ID="PAG_00000069_ST000132" STYLEREFS="TXT_5" VPOS="1461" WC="1" WIDTH="49"/>
            <SP HPOS="738" ID="PAG_00000069_SP000116" VPOS="1461" WIDTH="14"/>
            <String CONTENT="Clamart," HEIGHT="49" HPOS="752" ID="PAG_00000069_ST000133" STYLEREFS="TXT_5" TAGREFS="TAG_importantEN" VPOS="1461" WC="1" WIDTH="193"/>
            <SP HPOS="945" ID="PAG_00000069_SP000117" VPOS="1461" WIDTH="24"/>
            <String CONTENT="située" HEIGHT="40" HPOS="969" ID="PAG_00000069_ST000134" STYLEREFS="TXT_5" VPOS="1461" WC="1" WIDTH="129"/>
            <SP HPOS="1098" ID="PAG_00000069_SP000118" VPOS="1461" WIDTH="17"/>
            <String CONTENT="au-dessus" HEIGHT="40" HPOS="1115" ID="PAG_00000069_ST000135" STYLEREFS="TXT_5" VPOS="1461" WC="1" WIDTH="224"/>
          </TextLine>
          <TextLine HEIGHT="53" HPOS="106" ID="PAG_00000069_TL000018" STYLEREFS="TXT_5" VPOS="1533" WIDTH="1232">
            <String CONTENT="du" HEIGHT="40" HPOS="106" ID="PAG_00000069_ST000136" STYLEREFS="TXT_5" VPOS="1533" WC="1" WIDTH="50"/>
            <SP HPOS="156" ID="PAG_00000069_SP000119" VPOS="1535" WIDTH="34"/>
            <String CONTENT="carrefour" HEIGHT="39" HPOS="190" ID="PAG_00000069_ST000137" STYLEREFS="TXT_5" VPOS="1535" WC="1" WIDTH="203"/>
            <SP HPOS="393" ID="PAG_00000069_SP000120" VPOS="1534" WIDTH="30"/>
            <String CONTENT="de" HEIGHT="40" HPOS="423" ID="PAG_00000069_ST000138" STYLEREFS="TXT_5" VPOS="1534" WC="1" WIDTH="47"/>
            <SP HPOS="470" ID="PAG_00000069_SP000121" VPOS="1534" WIDTH="32"/>
            <String CONTENT="la" HEIGHT="40" HPOS="502" ID="PAG_00000069_ST000139" STYLEREFS="TXT_5" VPOS="1534" WC="1" WIDTH="38"/>
            <SP HPOS="540" ID="PAG_00000069_SP000122" VPOS="1535" WIDTH="21"/>
            <String CONTENT="Garenne." HEIGHT="39" HPOS="561" ID="PAG_00000069_ST000140" STYLEREFS="TXT_5" TAGREFS="TAG_importantEN" VPOS="1535" WC="1" WIDTH="199"/>
            <SP HPOS="760" ID="PAG_00000069_SP000123" VPOS="1534" WIDTH="32"/>
            <String CONTENT="Elle" HEIGHT="40" HPOS="792" ID="PAG_00000069_ST000141" STYLEREFS="TXT_5" VPOS="1534" WC="1" WIDTH="84"/>
            <SP HPOS="876" ID="PAG_00000069_SP000124" VPOS="1534" WIDTH="29"/>
            <String CONTENT="n'est" HEIGHT="40" HPOS="905" ID="PAG_00000069_ST000142" STYLEREFS="TXT_5" VPOS="1534" WC="1" WIDTH="104"/>
            <SP HPOS="1009" ID="PAG_00000069_SP000125" VPOS="1545" WIDTH="30"/>
            <String CONTENT="pas" HEIGHT="41" HPOS="1039" ID="PAG_00000069_ST000143" STYLEREFS="TXT_5" VPOS="1545" WC="1" WIDTH="74"/>
            <SP HPOS="1113" ID="PAG_00000069_SP000126" VPOS="1545" WIDTH="24"/>
            <String CONTENT="rare" HEIGHT="29" HPOS="1137" ID="PAG_00000069_ST000144" STYLEREFS="TXT_5" VPOS="1545" WC="1" WIDTH="90"/>
            <SP HPOS="1227" ID="PAG_00000069_SP000127" VPOS="1544" WIDTH="29"/>
            <String CONTENT="non" HEIGHT="28" HPOS="1256" ID="PAG_00000069_ST000145" STYLEREFS="TXT_5" VPOS="1544" WC="1" WIDTH="82"/>
          </TextLine>
          <TextLine HEIGHT="53" HPOS="104" ID="PAG_00000069_TL000019" STYLEREFS="TXT_5" VPOS="1605" WIDTH="810">
            <String CONTENT="plus" HEIGHT="51" HPOS="104" ID="PAG_00000069_ST000146" STYLEREFS="TXT_5" VPOS="1607" WC="1" WIDTH="91"/>
            <SP HPOS="195" ID="PAG_00000069_SP000128" VPOS="1606" WIDTH="20"/>
            <String CONTENT="dans" HEIGHT="40" HPOS="215" ID="PAG_00000069_ST000147" STYLEREFS="TXT_5" VPOS="1606" WC="1" WIDTH="100"/>
            <SP HPOS="315" ID="PAG_00000069_SP000129" VPOS="1607" WIDTH="19"/>
            <String CONTENT="la" HEIGHT="38" HPOS="334" ID="PAG_00000069_ST000148" STYLEREFS="TXT_5" VPOS="1607" WC="1" WIDTH="38"/>
            <SP HPOS="372" ID="PAG_00000069_SP000130" VPOS="1606" WIDTH="20"/>
            <String CONTENT="forêt" HEIGHT="40" HPOS="392" ID="PAG_00000069_ST000149" STYLEREFS="TXT_5" VPOS="1606" WC="1" WIDTH="102"/>
            <SP HPOS="494" ID="PAG_00000069_SP000131" VPOS="1605" WIDTH="21"/>
            <String CONTENT="de" HEIGHT="41" HPOS="515" ID="PAG_00000069_ST000150" STYLEREFS="TXT_5" VPOS="1605" WC="1" WIDTH="47"/>
            <SP HPOS="562" ID="PAG_00000069_SP000132" VPOS="1605" WIDTH="21"/>
            <String CONTENT="Fontainebleau." HEIGHT="41" HPOS="583" ID="PAG_00000069_ST000151" STYLEREFS="TXT_5" TAGREFS="TAG_importantEN" VPOS="1605" WC="1" WIDTH="331"/>
          </TextLine>
        </TextBlock>
        <TextBlock HEIGHT="126" HPOS="104" ID="PAG_00000069_TB000005" LANG="fr" STYLEREFS="TXT_5" VPOS="1676" WIDTH="1230">
          <TextLine HEIGHT="54" HPOS="159" ID="PAG_00000069_TL000020" STYLEREFS="TXT_5" VPOS="1676" WIDTH="1175">
            <String CONTENT="L'Emydia" HEIGHT="52" HPOS="159" ID="PAG_00000069_ST000152" STYLEREFS="TXT_5" TAGREFS="TAG_important" VPOS="1678" WC="1" WIDTH="221"/>
            <SP HPOS="380" ID="PAG_00000069_SP000133" VPOS="1679" WIDTH="31"/>
            <String CONTENT="cribrum" HEIGHT="39" HPOS="411" ID="PAG_00000069_ST000153" STYLEREFS="TXT_5" VPOS="1679" WC="0.99" WIDTH="177"/>
            <SP HPOS="588" ID="PAG_00000069_SP000134" VPOS="1689" WIDTH="20"/>
            <String CONTENT="se" HEIGHT="29" HPOS="608" ID="PAG_00000069_ST000154" STYLEREFS="TXT_5" VPOS="1689" WC="1" WIDTH="42"/>
            <SP HPOS="650" ID="PAG_00000069_SP000135" VPOS="1681" WIDTH="22"/>
            <String CONTENT="trouve" HEIGHT="37" HPOS="672" ID="PAG_00000069_ST000155" STYLEREFS="TXT_5" VPOS="1681" WC="1" WIDTH="140"/>
            <SP HPOS="812" ID="PAG_00000069_SP000136" VPOS="1679" WIDTH="28"/>
            <String CONTENT="aussi," HEIGHT="46" HPOS="840" ID="PAG_00000069_ST000156" STYLEREFS="TXT_5" VPOS="1679" WC="1" WIDTH="125"/>
            <SP HPOS="965" ID="PAG_00000069_SP000137" VPOS="1678" WIDTH="24"/>
            <String CONTENT="mais" HEIGHT="39" HPOS="989" ID="PAG_00000069_ST000157" STYLEREFS="TXT_5" VPOS="1678" WC="1" WIDTH="102"/>
            <SP HPOS="1091" ID="PAG_00000069_SP000138" VPOS="1676" WIDTH="30"/>
            <String CONTENT="beaucoup" HEIGHT="53" HPOS="1121" ID="PAG_00000069_ST000158" STYLEREFS="TXT_5" VPOS="1676" WC="1" WIDTH="213"/>
          </TextLine>
          <TextLine HEIGHT="53" HPOS="104" ID="PAG_00000069_TL000021" STYLEREFS="TXT_5" VPOS="1749" WIDTH="917">
            <String CONTENT="plus" HEIGHT="53" HPOS="104" ID="PAG_00000069_ST000159" STYLEREFS="TXT_5" VPOS="1749" WC="1" WIDTH="91"/>
            <SP HPOS="195" ID="PAG_00000069_SP000139" VPOS="1752" WIDTH="21"/>
            <String CONTENT="rarement," HEIGHT="46" HPOS="216" ID="PAG_00000069_ST000160" STYLEREFS="TXT_5" VPOS="1752" WC="1" WIDTH="216"/>
            <SP HPOS="432" ID="PAG_00000069_SP000140" VPOS="1749" WIDTH="22"/>
            <String CONTENT="dans" HEIGHT="40" HPOS="454" ID="PAG_00000069_ST000161" STYLEREFS="TXT_5" VPOS="1749" WC="1" WIDTH="102"/>
            <SP HPOS="556" ID="PAG_00000069_SP000141" VPOS="1750" WIDTH="15"/>
            <String CONTENT="les" HEIGHT="39" HPOS="571" ID="PAG_00000069_ST000162" STYLEREFS="TXT_5" VPOS="1750" WC="1" WIDTH="58"/>
            <SP HPOS="629" ID="PAG_00000069_SP000142" VPOS="1752" WIDTH="27"/>
            <String CONTENT="mêmes" HEIGHT="38" HPOS="656" ID="PAG_00000069_ST000163" STYLEREFS="TXT_5" VPOS="1752" WC="1" WIDTH="153"/>
            <SP HPOS="809" ID="PAG_00000069_SP000143" VPOS="1750" WIDTH="18"/>
            <String CONTENT="localités." HEIGHT="40" HPOS="827" ID="PAG_00000069_ST000164" STYLEREFS="TXT_5" VPOS="1750" WC="1" WIDTH="194"/>
          </TextLine>
        </TextBlock>
        <TextBlock HEIGHT="340" HPOS="103" ID="PAG_00000069_TB000006" LANG="fr" STYLEREFS="TXT_5" VPOS="1821" WIDTH="1262">
          <TextLine HEIGHT="54" HPOS="159" ID="PAG_00000069_TL000022" STYLEREFS="TXT_5" VPOS="1821" WIDTH="1178">
            <String CONTENT="On" HEIGHT="39" HPOS="159" ID="PAG_00000069_ST000165" STYLEREFS="TXT_5" VPOS="1823" WC="1" WIDTH="62"/>
            <SP HPOS="221" ID="PAG_00000069_SP000144" VPOS="1822" WIDTH="20"/>
            <String CONTENT="fera" HEIGHT="40" HPOS="241" ID="PAG_00000069_ST000166" STYLEREFS="TXT_5" VPOS="1822" WC="1" WIDTH="84"/>
            <SP HPOS="325" ID="PAG_00000069_SP000145" VPOS="1822" WIDTH="17"/>
            <String CONTENT="bien" HEIGHT="40" HPOS="342" ID="PAG_00000069_ST000167" STYLEREFS="TXT_5" VPOS="1822" WC="1" WIDTH="94"/>
            <SP HPOS="436" ID="PAG_00000069_SP000146" VPOS="1821" WIDTH="21"/>
            <String CONTENT="d'examiner" HEIGHT="40" HPOS="457" ID="PAG_00000069_ST000168" STYLEREFS="TXT_5" VPOS="1821" WC="1" WIDTH="245"/>
            <SP HPOS="702" ID="PAG_00000069_SP000147" VPOS="1822" WIDTH="13"/>
            <String CONTENT="l'intérieur" HEIGHT="40" HPOS="715" ID="PAG_00000069_ST000169" STYLEREFS="TXT_5" VPOS="1822" WC="1" WIDTH="225"/>
            <SP HPOS="940" ID="PAG_00000069_SP000148" VPOS="1822" WIDTH="19"/>
            <String CONTENT="des" HEIGHT="40" HPOS="959" ID="PAG_00000069_ST000170" STYLEREFS="TXT_5" VPOS="1822" WC="1" WIDTH="71"/>
            <SP HPOS="1030" ID="PAG_00000069_SP000149" VPOS="1822" WIDTH="18"/>
            <String CONTENT="barrières" HEIGHT="41" HPOS="1048" ID="PAG_00000069_ST000171" STYLEREFS="TXT_5" VPOS="1822" WC="1" WIDTH="198"/>
            <SP HPOS="1246" ID="PAG_00000069_SP000150" VPOS="1824" WIDTH="21"/>
            <String CONTENT="qui" HEIGHT="51" HPOS="1267" ID="PAG_00000069_ST000172" STYLEREFS="TXT_5" VPOS="1824" WC="1" WIDTH="70"/>
          </TextLine>
          <TextLine HEIGHT="54" HPOS="104" ID="PAG_00000069_TL000023" STYLEREFS="TXT_5" VPOS="1892" WIDTH="1229">
            <String CONTENT="bordent" HEIGHT="41" HPOS="104" ID="PAG_00000069_ST000173" STYLEREFS="TXT_5" VPOS="1893" WC="1" WIDTH="173"/>
            <SP HPOS="277" ID="PAG_00000069_SP000151" VPOS="1894" WIDTH="32"/>
            <String CONTENT="les" HEIGHT="39" HPOS="309" ID="PAG_00000069_ST000174" STYLEREFS="TXT_5" VPOS="1894" WC="1" WIDTH="58"/>
            <SP HPOS="367" ID="PAG_00000069_SP000152" VPOS="1893" WIDTH="26"/>
            <String CONTENT="allées" HEIGHT="40" HPOS="393" ID="PAG_00000069_ST000175" STYLEREFS="TXT_5" VPOS="1893" WC="1" WIDTH="120"/>
            <SP HPOS="513" ID="PAG_00000069_SP000153" VPOS="1892" WIDTH="34"/>
            <String CONTENT="des" HEIGHT="40" HPOS="547" ID="PAG_00000069_ST000176" STYLEREFS="TXT_5" VPOS="1892" WC="1" WIDTH="69"/>
            <SP HPOS="616" ID="PAG_00000069_SP000154" VPOS="1892" WIDTH="27"/>
            <String CONTENT="bois" HEIGHT="41" HPOS="643" ID="PAG_00000069_ST000177" STYLEREFS="TXT_5" VPOS="1892" WC="1" WIDTH="89"/>
            <SP HPOS="732" ID="PAG_00000069_SP000155" VPOS="1893" WIDTH="32"/>
            <String CONTENT="réservés" HEIGHT="41" HPOS="764" ID="PAG_00000069_ST000178" STYLEREFS="TXT_5" VPOS="1893" WC="1" WIDTH="177"/>
            <SP HPOS="941" ID="PAG_00000069_SP000156" VPOS="1906" WIDTH="27"/>
            <String CONTENT="pour" HEIGHT="40" HPOS="968" ID="PAG_00000069_ST000179" STYLEREFS="TXT_5" VPOS="1906" WC="1" WIDTH="104"/>
            <SP HPOS="1072" ID="PAG_00000069_SP000157" VPOS="1895" WIDTH="32"/>
            <String CONTENT="la" HEIGHT="39" HPOS="1104" ID="PAG_00000069_ST000180" STYLEREFS="TXT_5" VPOS="1895" WC="1" WIDTH="38"/>
            <SP HPOS="1142" ID="PAG_00000069_SP000158" VPOS="1896" WIDTH="33"/>
            <String CONTENT="chasse." HEIGHT="40" HPOS="1175" ID="PAG_00000069_ST000181" STYLEREFS="TXT_5" VPOS="1896" WC="1" WIDTH="158"/>
          </TextLine>
          <TextLine HEIGHT="53" HPOS="106" ID="PAG_00000069_TL000024" STYLEREFS="TXT_5" VPOS="1963" WIDTH="1259">
            <String CONTENT="Souvent" HEIGHT="38" HPOS="106" ID="PAG_00000069_ST000182" STYLEREFS="TXT_5" VPOS="1968" WC="1" WIDTH="176"/>
            <SP HPOS="282" ID="PAG_00000069_SP000159" VPOS="1965" WIDTH="28"/>
            <String CONTENT="les" HEIGHT="40" HPOS="310" ID="PAG_00000069_ST000183" STYLEREFS="TXT_5" VPOS="1965" WC="1" WIDTH="58"/>
            <SP HPOS="368" ID="PAG_00000069_SP000160" VPOS="1966" WIDTH="18"/>
            <String CONTENT="jointures" HEIGHT="50" HPOS="386" ID="PAG_00000069_ST000184" STYLEREFS="TXT_5" VPOS="1966" WC="1" WIDTH="200"/>
            <SP HPOS="586" ID="PAG_00000069_SP000161" VPOS="1963" WIDTH="29"/>
            <String CONTENT="de" HEIGHT="40" HPOS="615" ID="PAG_00000069_ST000185" STYLEREFS="TXT_5" VPOS="1963" WC="1" WIDTH="48"/>
            <SP HPOS="663" ID="PAG_00000069_SP000162" VPOS="1977" WIDTH="31"/>
            <String CONTENT="ces" HEIGHT="28" HPOS="694" ID="PAG_00000069_ST000186" STYLEREFS="TXT_5" VPOS="1977" WC="1" WIDTH="66"/>
            <SP HPOS="760" ID="PAG_00000069_SP000163" VPOS="1965" WIDTH="28"/>
            <String CONTENT="barrières" HEIGHT="40" HPOS="788" ID="PAG_00000069_ST000187" STYLEREFS="TXT_5" VPOS="1965" WC="1" WIDTH="196"/>
            <SP HPOS="984" ID="PAG_00000069_SP000164" VPOS="1970" WIDTH="28"/>
            <String CONTENT="servent" HEIGHT="36" HPOS="1012" ID="PAG_00000069_ST000188" STYLEREFS="TXT_5" VPOS="1970" WC="1" WIDTH="158"/>
            <SP HPOS="1170" ID="PAG_00000069_SP000165" VPOS="1967" WIDTH="29"/>
            <String CONTENT="de" HEIGHT="40" HPOS="1199" ID="PAG_00000069_ST000189" STYLEREFS="TXT_5" VPOS="1967" WC="1" WIDTH="48"/>
            <SP HPOS="1247" ID="PAG_00000069_SP000166" VPOS="1979" WIDTH="21"/>
            <String CONTENT="re-" HEIGHT="28" HPOS="1268" ID="PAG_00000069_ST000190" STYLEREFS="TXT_5" SUBS_CONTENT="retraite" SUBS_TYPE="HypPart1" VPOS="1979" WC="1" WIDTH="67"/>
            <HYP CONTENT="-" HPOS="1335" VPOS="2007" WIDTH="30"/>
          </TextLine>
          <TextLine HEIGHT="55" HPOS="103" ID="PAG_00000069_TL000025" STYLEREFS="TXT_5" VPOS="2036" WIDTH="1262">
            <String CONTENT="traite" HEIGHT="38" HPOS="103" ID="PAG_00000069_ST000191" STYLEREFS="TXT_5" SUBS_CONTENT="retraite" SUBS_TYPE="HypPart2" VPOS="2039" WC="1" WIDTH="116"/>
            <SP HPOS="219" ID="PAG_00000069_SP000167" VPOS="2037" WIDTH="21"/>
            <String CONTENT="à" HEIGHT="40" HPOS="240" ID="PAG_00000069_ST000192" STYLEREFS="TXT_5" VPOS="2037" WC="1" WIDTH="23"/>
            <SP HPOS="263" ID="PAG_00000069_SP000168" VPOS="2038" WIDTH="18"/>
            <String CONTENT="certains" HEIGHT="39" HPOS="281" ID="PAG_00000069_ST000193" STYLEREFS="TXT_5" VPOS="2038" WC="1" WIDTH="173"/>
            <SP HPOS="454" ID="PAG_00000069_SP000169" VPOS="2039" WIDTH="18"/>
            <String CONTENT="Nocturnes," HEIGHT="45" HPOS="472" ID="PAG_00000069_ST000194" STYLEREFS="TXT_5" TAGREFS="TAG_important" VPOS="2039" WC="1" WIDTH="240"/>
            <SP HPOS="712" ID="PAG_00000069_SP000170" VPOS="2037" WIDTH="17"/>
            <String CONTENT="tels" HEIGHT="40" HPOS="729" ID="PAG_00000069_ST000195" STYLEREFS="TXT_5" VPOS="2037" WC="1" WIDTH="75"/>
            <SP HPOS="804" ID="PAG_00000069_SP000171" VPOS="2048" WIDTH="15"/>
            <String CONTENT="que" HEIGHT="40" HPOS="819" ID="PAG_00000069_ST000196" STYLEREFS="TXT_5" VPOS="2048" WC="1" WIDTH="77"/>
            <SP HPOS="896" ID="PAG_00000069_SP000172" VPOS="2037" WIDTH="16"/>
            <String CONTENT="l'" HEIGHT="40" HPOS="912" ID="PAG_00000069_ST000197" STYLEREFS="TXT_5" TAGREFS="TAG_important" VPOS="2037" WC="0.73" WIDTH="25"/>
            <SP HPOS="937" ID="PAG_00000069_SP000173" VPOS="2036" WIDTH="5"/>
            <String CONTENT="Amphipyra" HEIGHT="54" HPOS="942" ID="PAG_00000069_ST000198" STYLEREFS="TXT_5" TAGREFS="TAG_important" VPOS="2036" WC="0.86" WIDTH="252"/>
            <SP HPOS="1194" ID="PAG_00000069_SP000174" VPOS="2051" WIDTH="11"/>
            <String CONTENT="pyra-" HEIGHT="40" HPOS="1205" ID="PAG_00000069_ST000199" STYLEREFS="TXT_5" SUBS_CONTENT="pyramidea," SUBS_TYPE="HypPart1" VPOS="2051" WC="0.83" WIDTH="130"/>
            <HYP CONTENT="-" HPOS="1335" VPOS="2091" WIDTH="30"/>
          </TextLine>
          <TextLine HEIGHT="53" HPOS="104" ID="PAG_00000069_TL000026" STYLEREFS="TXT_5" VPOS="2108" WIDTH="636">
            <String CONTENT="midea," HEIGHT="50" HPOS="104" ID="PAG_00000069_ST000200" STYLEREFS="TXT_5" SUBS_CONTENT="pyramidea," SUBS_TYPE="HypPart2" VPOS="2108" WC="0.98" WIDTH="142"/>
            <SP HPOS="246" ID="PAG_00000069_SP000175" VPOS="2112" WIDTH="26"/>
            <String CONTENT="et" HEIGHT="36" HPOS="272" ID="PAG_00000069_ST000201" STYLEREFS="TXT_5" VPOS="2112" WC="1" WIDTH="39"/>
            <SP HPOS="311" ID="PAG_00000069_SP000176" VPOS="2112" WIDTH="25"/>
            <String CONTENT="tragopogonis," HEIGHT="49" HPOS="336" ID="PAG_00000069_ST000202" STYLEREFS="TXT_5" VPOS="2112" WC="0.99" WIDTH="303"/>
            <SP HPOS="639" ID="PAG_00000069_SP000177" VPOS="2112" WIDTH="24"/>
            <String CONTENT="etc." HEIGHT="37" HPOS="663" ID="PAG_00000069_ST000203" STYLEREFS="TXT_5" VPOS="2112" WC="1" WIDTH="77"/>
          </TextLine>
        </TextBlock>
        <TextBlock HEIGHT="335" HPOS="104" ID="PAG_00000069_TB000007" LANG="fr" STYLEREFS="TXT_5" VPOS="2180" WIDTH="1256">
          <TextLine HEIGHT="52" HPOS="159" ID="PAG_00000069_TL000027" STYLEREFS="TXT_5" VPOS="2180" WIDTH="1175">
            <String CONTENT="Du" HEIGHT="39" HPOS="159" ID="PAG_00000069_ST000204" STYLEREFS="TXT_5" VPOS="2181" WC="1" WIDTH="58"/>
            <SP HPOS="217" ID="PAG_00000069_SP000178" VPOS="2184" WIDTH="24"/>
            <String CONTENT="20" HEIGHT="37" HPOS="241" ID="PAG_00000069_ST000205" STYLEREFS="TXT_5" VPOS="2184" WC="1" WIDTH="50"/>
            <SP HPOS="291" ID="PAG_00000069_SP000179" VPOS="2192" WIDTH="21"/>
            <String CONTENT="au" HEIGHT="29" HPOS="312" ID="PAG_00000069_ST000206" STYLEREFS="TXT_5" VPOS="2192" WC="1" WIDTH="51"/>
            <SP HPOS="363" ID="PAG_00000069_SP000180" VPOS="2181" WIDTH="21"/>
            <String CONTENT="25" HEIGHT="39" HPOS="384" ID="PAG_00000069_ST000207" STYLEREFS="TXT_5" VPOS="2181" WC="1" WIDTH="50"/>
            <SP HPOS="434" ID="PAG_00000069_SP000181" VPOS="2182" WIDTH="19"/>
            <String CONTENT="juillet," HEIGHT="50" HPOS="453" ID="PAG_00000069_ST000208" STYLEREFS="TXT_5" VPOS="2182" WC="1" WIDTH="148"/>
            <SP HPOS="601" ID="PAG_00000069_SP000182" VPOS="2182" WIDTH="24"/>
            <String CONTENT="la" HEIGHT="39" HPOS="625" ID="PAG_00000069_ST000209" STYLEREFS="TXT_5" VPOS="2182" WC="1" WIDTH="39"/>
            <SP HPOS="664" ID="PAG_00000069_SP000183" VPOS="2181" WIDTH="22"/>
            <String CONTENT="Lycœna" HEIGHT="51" HPOS="686" ID="PAG_00000069_ST000210" STYLEREFS="TXT_5" VPOS="2181" WC="0.99" WIDTH="171"/>
            <SP HPOS="857" ID="PAG_00000069_SP000184" VPOS="2180" WIDTH="19"/>
            <String CONTENT="Amyntas" HEIGHT="52" HPOS="876" ID="PAG_00000069_ST000211" STYLEREFS="TXT_5" TAGREFS="TAG_important" VPOS="2180" WC="1" WIDTH="201"/>
            <SP HPOS="1077" ID="PAG_00000069_SP000185" VPOS="2180" WIDTH="24"/>
            <String CONTENT="éclot" HEIGHT="41" HPOS="1101" ID="PAG_00000069_ST000212" STYLEREFS="TXT_5" VPOS="2180" WC="1" WIDTH="103"/>
            <SP HPOS="1204" ID="PAG_00000069_SP000186" VPOS="2181" WIDTH="27"/>
            <String CONTENT="dans" HEIGHT="42" HPOS="1231" ID="PAG_00000069_ST000213" STYLEREFS="TXT_5" VPOS="2181" WC="1" WIDTH="103"/>
          </TextLine>
          <TextLine HEIGHT="52" HPOS="104" ID="PAG_00000069_TL000028" STYLEREFS="TXT_5" VPOS="2252" WIDTH="1229">
            <String CONTENT="les" HEIGHT="40" HPOS="104" ID="PAG_00000069_ST000214" STYLEREFS="TXT_5" VPOS="2252" WC="1" WIDTH="58"/>
            <SP HPOS="162" ID="PAG_00000069_SP000187" VPOS="2252" WIDTH="14"/>
            <String CONTENT="parties" HEIGHT="52" HPOS="176" ID="PAG_00000069_ST000215" STYLEREFS="TXT_5" VPOS="2252" WC="1" WIDTH="147"/>
            <SP HPOS="323" ID="PAG_00000069_SP000188" VPOS="2254" WIDTH="20"/>
            <String CONTENT="arides" HEIGHT="39" HPOS="343" ID="PAG_00000069_ST000216" STYLEREFS="TXT_5" VPOS="2254" WC="1" WIDTH="131"/>
            <SP HPOS="474" ID="PAG_00000069_SP000189" VPOS="2252" WIDTH="22"/>
            <String CONTENT="des" HEIGHT="41" HPOS="496" ID="PAG_00000069_ST000217" STYLEREFS="TXT_5" VPOS="2252" WC="1" WIDTH="70"/>
            <SP HPOS="566" ID="PAG_00000069_SP000190" VPOS="2253" WIDTH="19"/>
            <String CONTENT="bois." HEIGHT="40" HPOS="585" ID="PAG_00000069_ST000218" STYLEREFS="TXT_5" VPOS="2253" WC="1" WIDTH="105"/>
            <SP HPOS="690" ID="PAG_00000069_SP000191" VPOS="2253" WIDTH="19"/>
            <String CONTENT="Il" HEIGHT="39" HPOS="709" ID="PAG_00000069_ST000219" STYLEREFS="TXT_5" VPOS="2253" WC="1" WIDTH="32"/>
            <SP HPOS="741" ID="PAG_00000069_SP000192" VPOS="2256" WIDTH="15"/>
            <String CONTENT="est" HEIGHT="37" HPOS="756" ID="PAG_00000069_ST000220" STYLEREFS="TXT_5" VPOS="2256" WC="1" WIDTH="60"/>
            <SP HPOS="816" ID="PAG_00000069_SP000193" VPOS="2264" WIDTH="20"/>
            <String CONTENT="commun" HEIGHT="29" HPOS="836" ID="PAG_00000069_ST000221" STYLEREFS="TXT_5" VPOS="2264" WC="1" WIDTH="193"/>
            <SP HPOS="1029" ID="PAG_00000069_SP000194" VPOS="2263" WIDTH="21"/>
            <String CONTENT="aux" HEIGHT="29" HPOS="1050" ID="PAG_00000069_ST000222" STYLEREFS="TXT_5" VPOS="2263" WC="1" WIDTH="78"/>
            <SP HPOS="1128" ID="PAG_00000069_SP000195" VPOS="2255" WIDTH="17"/>
            <String CONTENT="environs" HEIGHT="39" HPOS="1145" ID="PAG_00000069_ST000223" STYLEREFS="TXT_5" VPOS="2255" WC="1" WIDTH="188"/>
          </TextLine>
          <TextLine HEIGHT="53" HPOS="106" ID="PAG_00000069_TL000029" STYLEREFS="TXT_5" VPOS="2328" WIDTH="1254">
            <String CONTENT="de" HEIGHT="39" HPOS="106" ID="PAG_00000069_ST000224" STYLEREFS="TXT_5" VPOS="2330" WC="1" WIDTH="48"/>
            <SP HPOS="154" ID="PAG_00000069_SP000196" VPOS="2330" WIDTH="25"/>
            <String CONTENT="Melun," HEIGHT="47" HPOS="179" ID="PAG_00000069_ST000225" STYLEREFS="TXT_5" TAGREFS="TAG_importantEN" VPOS="2330" WC="1" WIDTH="147"/>
            <SP HPOS="326" ID="PAG_00000069_SP000197" VPOS="2329" WIDTH="24"/>
            <String CONTENT="de" HEIGHT="40" HPOS="350" ID="PAG_00000069_ST000226" STYLEREFS="TXT_5" VPOS="2329" WC="1" WIDTH="48"/>
            <SP HPOS="398" ID="PAG_00000069_SP000198" VPOS="2330" WIDTH="26"/>
            <String CONTENT="Montargis," HEIGHT="49" HPOS="424" ID="PAG_00000069_ST000227" STYLEREFS="TXT_5" TAGREFS="TAG_importantEN" VPOS="2330" WC="1" WIDTH="234"/>
            <SP HPOS="658" ID="PAG_00000069_SP000199" VPOS="2332" WIDTH="26"/>
            <String CONTENT="etc." HEIGHT="36" HPOS="684" ID="PAG_00000069_ST000228" STYLEREFS="TXT_5" VPOS="2332" WC="1" WIDTH="75"/>
            <SP HPOS="759" ID="PAG_00000069_SP000200" VPOS="2330" WIDTH="30"/>
            <String CONTENT="Nous" HEIGHT="38" HPOS="789" ID="PAG_00000069_ST000229" STYLEREFS="TXT_5" VPOS="2330" WC="1" WIDTH="112"/>
            <SP HPOS="901" ID="PAG_00000069_SP000201" VPOS="2328" WIDTH="28"/>
            <String CONTENT="l'avons" HEIGHT="40" HPOS="929" ID="PAG_00000069_ST000230" STYLEREFS="TXT_5" VPOS="2328" WC="1" WIDTH="155"/>
            <SP HPOS="1084" ID="PAG_00000069_SP000202" VPOS="2330" WIDTH="18"/>
            <String CONTENT="pris" HEIGHT="51" HPOS="1102" ID="PAG_00000069_ST000231" STYLEREFS="TXT_5" VPOS="2330" WC="1" WIDTH="83"/>
            <SP HPOS="1185" ID="PAG_00000069_SP000203" VPOS="2331" WIDTH="30"/>
            <String CONTENT="quel-" HEIGHT="49" HPOS="1215" ID="PAG_00000069_ST000232" STYLEREFS="TXT_5" SUBS_CONTENT="quelquefois," SUBS_TYPE="HypPart1" VPOS="2331" WC="1" WIDTH="115"/>
            <HYP CONTENT="-" HPOS="1330" VPOS="2380" WIDTH="30"/>
          </TextLine>
          <TextLine HEIGHT="56" HPOS="107" ID="PAG_00000069_TL000030" STYLEREFS="TXT_5" VPOS="2399" WIDTH="1224">
            <String CONTENT="quefois," HEIGHT="53" HPOS="107" ID="PAG_00000069_ST000233" STYLEREFS="TXT_5" SUBS_CONTENT="quelquefois," SUBS_TYPE="HypPart2" VPOS="2402" WC="1" WIDTH="171"/>
            <SP HPOS="278" ID="PAG_00000069_SP000204" VPOS="2402" WIDTH="20"/>
            <String CONTENT="mais" HEIGHT="39" HPOS="298" ID="PAG_00000069_ST000234" STYLEREFS="TXT_5" VPOS="2402" WC="1" WIDTH="103"/>
            <SP HPOS="401" ID="PAG_00000069_SP000205" VPOS="2401" WIDTH="20"/>
            <String CONTENT="très-rarement," HEIGHT="47" HPOS="421" ID="PAG_00000069_ST000235" STYLEREFS="TXT_5" VPOS="2401" WC="1" WIDTH="317"/>
            <SP HPOS="738" ID="PAG_00000069_SP000206" VPOS="2399" WIDTH="24"/>
            <String CONTENT="dans" HEIGHT="41" HPOS="762" ID="PAG_00000069_ST000236" STYLEREFS="TXT_5" VPOS="2399" WC="1" WIDTH="100"/>
            <SP HPOS="862" ID="PAG_00000069_SP000207" VPOS="2401" WIDTH="23"/>
            <String CONTENT="les" HEIGHT="39" HPOS="885" ID="PAG_00000069_ST000237" STYLEREFS="TXT_5" VPOS="2401" WC="1" WIDTH="58"/>
            <SP HPOS="943" ID="PAG_00000069_SP000208" VPOS="2400" WIDTH="16"/>
            <String CONTENT="bruyères" HEIGHT="52" HPOS="959" ID="PAG_00000069_ST000238" STYLEREFS="TXT_5" VPOS="2400" WC="1" WIDTH="191"/>
            <SP HPOS="1150" ID="PAG_00000069_SP000209" VPOS="2401" WIDTH="21"/>
            <String CONTENT="du" HEIGHT="40" HPOS="1171" ID="PAG_00000069_ST000239" STYLEREFS="TXT_5" VPOS="2401" WC="1" WIDTH="54"/>
            <SP HPOS="1225" ID="PAG_00000069_SP000210" VPOS="2401" WIDTH="18"/>
            <String CONTENT="bois" HEIGHT="41" HPOS="1243" ID="PAG_00000069_ST000240" STYLEREFS="TXT_5" TAGREFS="TAG_important" VPOS="2401" WC="1" WIDTH="88"/>
          </TextLine>
          <TextLine HEIGHT="42" HPOS="107" ID="PAG_00000069_TL000031" STYLEREFS="TXT_5" VPOS="2473" WIDTH="249">
            <String CONTENT="de" HEIGHT="41" HPOS="107" ID="PAG_00000069_ST000241" STYLEREFS="TXT_5" VPOS="2474" WC="1" WIDTH="47"/>
            <SP HPOS="154" ID="PAG_00000069_SP000211" VPOS="2473" WIDTH="17"/>
            <String CONTENT="Meudon." HEIGHT="42" HPOS="171" ID="PAG_00000069_ST000242" STYLEREFS="TXT_5" TAGREFS="TAG_importantEN" VPOS="2473" WC="1" WIDTH="185"/>
          </TextLine>
        </TextBlock>
      </PrintSpace>
    </Page>
  </Layout>
</alto>
