1728 2984
643 280 53 6 —
728 254 71 40 119
829 278 49 5 —

204 360 34 55 9
268 361 137 39 diffère
436 360 53 39 du
526 359 45 48 cf
595 370 45 28 en
661 370 44 27 ce
725 369 77 39 que
822 357 36 39 le
879 355 96 40 fond
994 354 47 40 de
1063 366 44 28 sa
1127 353 166 41 couleur
1313 357 60 35 est

143 433 94 39 d'un
275 434 125 49 jaune
435 433 79 38 très
549 432 88 49 pâle
678 428 251 52 quelquefois
964 437 172 42 presque
1171 425 118 39 blanc
1321 436 50 27 en

143 504 157 41 dessus.

197 576 178 39 Chenille
391 587 69 28 sur
478 575 38 39 la
533 573 366 51 Coronillalvaria.

197 649 42 38 T.
265 647 25 39 1.
319 648 62 47 F.,
404 658 215 29 commune
640 645 100 40 dans
770 645 57 39 les
848 644 166 51 champs
1040 642 49 41 de
1116 643 175 48 luzerne,
1313 641 60 41 les

140 720 168 52 prairies
327 731 50 28 en
398 717 79 41 mai
500 722 40 36 et
559 722 110 36 août.

142 819 151 45 EDUSA,
311 817 96 39 Fab.
432 816 73 50 (Pl.
532 815 38 46 4,
592 814 65 51 fig.
681 813 60 50 3).

205 914 35 55 9
269 914 137 40 diffère
427 913 52 40 du
508 912 47 49 cf
571 924 49 28 en
640 924 45 28 ce
705 923 77 41 que
801 912 38 39 la
859 910 174 40 bordure
1053 912 61 37 est
1133 909 148 40 divisée
1301 921 73 41 par

140 999 81 28 une
240 986 131 40 bande
393 986 217 39 maculaire
624 986 143 50 jaune,
789 988 38 36 et
844 984 35 38 la
901 983 97 40 base
1018 981 70 41 des
1116 981 256 53 supérieures

142 1061 91 50 plus
255 1057 133 41 sablée
408 1057 48 40 de
477 1057 119 39 brun.

198 1132 44 37 T.
261 1130 26 38 1.
313 1130 64 47 F.,
401 1129 143 51 champ
569 1127 50 41 de
647 1128 178 47 luzerne,
847 1127 185 52 prairies,
1063 1138 48 28 en
1141 1126 98 48 mai,
1260 1129 111 44 août,

143 1202 242 52 septembre.

200 1273 181 40 Chenille
402 1284 51 28 en
470 1276 95 36 août
586 1276 38 35 et
644 1271 242 52 septembre,
904 1282 71 28 sur
992 1270 203 53 plusieurs
1214 1271 162 51 espèces

146 1345 49 39 de
213 1344 197 50 luzernes,
433 1344 48 40 de
502 1344 133 40 trèfles
655 1348 39 35 et
713 1343 49 39 de
782 1343 163 51 cytises,
965 1353 229 30 commune.

201 1419 53 37 M.
275 1417 214 39 Boisduval
512 1416 134 40 donne
665 1416 109 39 aussi
792 1426 157 29 comme
968 1416 200 39 caractère
1181 1421 160 35 servant
1354 1417 25 39 à

146 1489 226 50 distinguer
404 1492 103 36 cette
527 1488 140 51 espèce
687 1487 121 40 d'une
827 1492 115 35 autre
961 1487 152 40 voisine
1133 1487 58 49 (C.
1210 1489 168 50 Myrmi-

147 1561 121 51 done)
290 1560 153 40 d'avoir
464 1560 34 40 le
520 1563 172 37 sommet
711 1559 69 40 des
800 1557 254 53 supérieures
1069 1558 125 41 divisé
1226 1570 72 41 par
1329 1559 50 41 de

148 1633 100 40 fines
269 1644 190 28 nervures
472 1630 163 53 jaunes,
657 1632 105 38 mais
776 1642 45 29 ce
836 1631 200 40 caractère
1057 1631 100 40 n'est
1171 1642 71 41 pas
1262 1643 118 29 cons-

149 1710 107 40 tant,
292 1715 68 29 car
386 1715 101 29 nous
517 1702 223 53 possédons
774 1703 201 51 plusieurs
1006 1702 204 40 individus
1243 1704 83 51 pris
1357 1703 24 41 à

148 1781 113 39 Paris
276 1784 37 35 et
328 1779 101 39 dans
442 1777 58 41 les
512 1778 288 51 Basses-Alpes
815 1777 69 51 qui
898 1776 189 41 n'offrent
1101 1788 158 30 aucune
1272 1782 109 37 trace

150 1853 50 40 de
217 1864 67 28 ces
304 1862 207 29 nervures.

151 1948 93 38 Var.
269 1947 152 47 Helice,
452 1945 34 55 9
517 1945 77 41 Hb.

208 2042 174 39 Femelle
415 2041 187 40 différant
632 2041 71 41 des
731 2041 204 40 individus
963 2041 224 41 ordinaires
1205 2053 74 41 par
1303 2053 81 30 une

151 2113 110 40 taille
288 2114 92 51 plus
406 2113 152 50 grande
592 2118 38 35 et
659 2125 73 41 par
767 2114 37 38 la
832 2112 168 41 couleur
1023 2113 53 39 du
1097 2112 113 50 fond,
1233 2114 69 50 qui
1322 2118 63 36 est

153 2184 97 41 d'un
264 2187 125 50 jaune
408 2186 103 51 pâle,
527 2187 101 38 ainsi
652 2198 76 41 que
755 2186 55 39 les
829 2185 138 41 taches
990 2184 49 40 de
1054 2185 37 39 la
1109 2185 190 41 bordure.

210 2258 151 39 France
379 2258 172 40 centrale
566 2262 38 36 et
623 2257 276 48 méridionale,
915 2257 88 51 plus
1017 2267 89 30 rare
1121 2268 78 40 que
1217 2258 36 40 le
1273 2261 111 50 type.
