1792 3012
958 319 55 12 -
1043 296 79 46 144
1147 320 55 11 —

466 400 99 44 traie
596 408 40 36 et
662 416 79 29 une
774 404 146 51 rangée
951 403 344 51 anté-marginale
1327 403 48 41 dr.
1404 405 135 51 points
1571 405 128 49 noirs,

466 471 176 39 Dessous
659 470 69 40 des
747 469 237 42 inférieures
1000 470 23 39 à
1041 469 97 41 base
1158 469 184 41 verdâtre
1358 480 95 30 avec
1473 470 70 41 des
1563 472 136 51 points

468 542 145 40 ocellés
635 547 40 35 et
693 543 35 39 le
749 542 102 40 bord
866 542 199 50 marginal
1084 541 235 41 blanchâtre
1336 555 10 39 ;
1368 554 80 29 une
1465 542 139 40 lunule
1625 541 77 41 flis-

469 616 154 39 coïdale
641 616 173 40 blanche
834 621 37 35 et
890 627 81 29 une
999 615 103 41 série
1121 616 50 40 de
1189 616 139 40 taches
1354 616 139 40 fauves
1514 615 186 51 sagittées

468 689 182 53 appuyée
669 702 70 28 snr
758 689 49 41 de
824 690 120 52 petits
958 691 136 50 points
1110 690 126 40 noirs.

540 772 28 46 9
589 774 144 48 brune,
766 784 95 30 avec
878 785 80 29 une
975 773 103 41 série
1093 774 224 51 marginale
1332 773 48 42 de
1393 774 139 41 taches
1541 776 158 50 fauves,

469 846 90 50 plus
576 858 52 27 ou
646 847 133 39 moins
800 846 212 51 marquées
1026 859 10 38 ;
1061 844 169 41 dessous
1248 844 96 40 d'un
1360 844 107 41 brun
1483 845 90 53 plus
1585 845 118 41 foncé

470 927 95 30 avec
586 917 57 41 les
663 917 135 52 points
819 915 112 42 noirs
950 916 92 53 plus
1061 928 93 39 gros
1170 920 38 37 et
1221 916 58 41 les
1297 916 139 40 taches
1455 917 138 41 fauves
1611 917 92 53 plus

472 987 174 51 grandes
668 992 38 36 et
725 988 91 51 plus
834 989 126 41 vives.

523 1059 179 41 Chenille
717 1062 17 37 ?

524 1154 237 49 Montagnes
794 1152 170 52 alpines,
995 1152 205 52 Pyr.-Or.,
1232 1152 37 40 le
1299 1153 158 50 Vernet,
1478 1153 223 51 Auvergne,

470 1228 170 39 coteaux
657 1225 193 40 calcaires
868 1224 48 40 de
936 1223 60 52 la
996 1223 202 52 Limagne,
1213 1224 189 40 environs
1418 1224 49 40 de
1481 1225 220 49 Clermont,

472 1298 276 53 département
780 1297 54 39 du
853 1298 94 48 Var,
970 1298 305 51 Basses-Alpes,
1298 1296 142 53 Digne.
1483 1299 62 39 En
1571 1298 144 51 juillet.

473 1375 39 36 et
543 1374 113 45 août,
680 1382 74 41 pas
781 1381 110 38 rare,

474 1486 196 41 DAPHNIS.
709 1486 40 40 S.
776 1487 34 39 V.
816 1485 256 52 Meleager,
1095 1486 95 51 Esp.
1225 1483 104 43 God.
1353 1485 63 53 (PI
1456 1488 38 48 7,
1515 1485 54 53 flg
1611 1485 37 50 1
1648 1485 57 50 ry

472 1551 69 51 fig.
564 1551 25 41 2
609 1551 63 54 9).

526 1668 154 40 France
710 1666 277 42 méridionale.
1024 1666 282 54 Département
1333 1666 56 42 du
1416 1669 80 39 Var
1526 1672 40 36 et
1588 1669 48 41 de
1667 1668 40 41 la

474 1739 158 48 Lozère,
657 1738 206 42 Cévennes
881 1751 49 28 en
944 1740 93 51 juin
1056 1742 39 37 et
1104 1740 150 51 juillet.
1274 1740 305 52 Basses-Alpes,
1599 1741 109 40 envi-

473 1824 95 29 rons
589 1810 50 42 de
660 1813 141 50 Digne,
825 1824 110 29 assez
954 1824 192 29 commun
1166 1813 101 40 dans
1286 1813 39 40 la
1345 1813 162 40 Lozère.

473 1939 231 42 RIPPERTii.
727 1940 162 51 Freyer.
911 1939 99 43 Bdv.

527 2056 99 39 35m.
647 2053 107 41 Ailes
786 2054 98 40 d'un
906 2054 106 40 brun
1057 2055 176 40 noirâtre
1266 2066 95 30 sans
1393 2055 157 52 taches;
1586 2056 121 52 supé-

474 2129 152 39 rieures
646 2131 207 37 couvertes
878 2140 173 39 presque
1080 2129 263 39 entièrement
1375 2128 98 40 d'un
1494 2129 121 41 duvet
1635 2142 71 29 co-

471 2205 178 36 tonneux
665 2215 10 37 ;
701 2201 237 39 inférieures
969 2200 242 50 légèrement
1238 2200 241 41 échancrées
1508 2205 23 36 à
1562 2202 146 50 l'angle

471 2275 104 40 anal.
596 2274 156 51 Frange
774 2273 96 40 d'un
903 2272 106 41 brun
1037 2273 96 41 sale.
1158 2275 179 39 Dessous
1360 2273 96 41 d'uu
1480 2274 119 41 blanc
1610 2276 97 52 jau-

469 2350 116 37 nâtre
605 2359 95 28 avec
718 2359 57 27 un
794 2359 67 28 arc
877 2347 151 40 central
1043 2350 39 37 et
1096 2358 81 29 une
1195 2346 134 41 bande
1347 2347 150 51 arquée
1509 2348 49 40 de
1572 2349 135 51 points

470 2419 147 41 ocellés
638 2431 70 28 sur
731 2420 57 39 les
814 2419 268 52 supérieures.
1105 2417 242 42 Inférieures
1365 2431 95 29 avec
1480 2432 80 28 une
1575 2420 132 41 bande

473 2490 148 53 arquée
643 2491 49 40 de
711 2490 137 54 points
868 2491 90 54 plus
976 2492 120 53 petits
1116 2491 99 42 dont
1233 2492 37 41 le
1290 2491 210 42 deuxième
1521 2485 44 62 (il.
1579 2494 129 52 partir
