1804 3000
925 242 320 131 [texte_manquant]

451 399 128 41 Cavité
599 399 101 42 dans
718 400 38 40 la
772 405 105 36 terre
896 412 103 41 pour
1031 400 59 53 s'y
1129 401 274 42 !mnsformer.
1427 396 255 59 Chrysalides

451 477 161 36 courtes
633 478 38 35 et
690 478 203 43 ventrues,
917 473 211 40 arrondies
1148 474 339 41 antérieurement
1508 479 39 36 et
1565 477 119 39 coni-

451 557 100 38 ques
569 545 372 51 postérieurement,
968 549 190 48 reposant
1178 557 70 28 sur
1267 546 37 40 le
1333 547 59 39 sol
1413 558 93 29 sans
1523 548 84 40 être
1627 552 58 36 at-

452 617 178 40 tachées.

507 688 77 41 Les
615 693 153 47 satyres
788 688 50 41 de
859 700 44 29 ce
936 701 151 40 groupe
1109 693 71 36 ont
1197 701 82 29 une
1309 701 53 29 ou
1384 689 104 41 deux
1515 692 171 50 grandes

456 761 134 40 taches
611 761 198 40 oculaires
830 773 69 28 sur
915 762 107 39 leurs
1040 762 218 51 premières
1278 762 97 40 ailes
1393 777 10 37 ;
1427 763 49 40 ils
1496 763 190 52 fréquen-

453 837 86 37 tent
561 833 48 40 de
630 833 233 52 préférence
891 834 58 39 les
971 834 165 40 rochers
1157 838 37 36 et
1209 835 57 40 les
1283 836 167 40 collines
1471 836 147 41 arides.

456 943 280 40 PROSEUPINA.
758 954 34 28 S.
816 955 37 28 v.
876 943 128 48 Circe,
1028 943 41 39 F.
1096 942 100 41 God.
1222 943 66 53 (pl.
1310 946 62 46 16,
1391 944 67 51 fig.
1478 949 52 46 1).

513 1047 27 39 Il
562 1051 60 36 est
641 1059 193 28 commun
852 1046 103 41 dans
975 1048 38 38 la
1035 1048 151 39 France
1207 1047 265 42 méridionale
1492 1052 39 37 et
1560 1050 133 41 orien-

456 1112 94 48 tale,
573 1112 276 52 département
865 1112 53 40 du
937 1114 91 46 Var,
1049 1111 48 42 de
1118 1112 213 49 l'Hérault,
1349 1114 167 50 Vosges,
1539 1112 156 43 Sainte-

457 1185 137 48 Marie,
618 1185 102 39 forêt
751 1184 49 40 de
832 1184 212 50 Brumath,
1076 1184 126 42 vallée
1238 1184 233 52 d'Ambure,
1507 1191 99 48 etc.,
1643 1200 51 30 en

450 1257 91 50 juin
564 1260 38 35 et
617 1255 152 52 juillet.

510 1328 181 40 Chenille
711 1340 70 28 sur
800 1328 203 52 plusieurs
1023 1328 229 52 graminées
1272 1340 50 29 en
1356 1330 97 49 mai,
1491 1342 42 29 se
1572 1332 122 42 cache

458 1399 179 53 pendant
659 1400 34 40 le
708 1401 98 51 jour
833 1411 97 29 sous
950 1400 57 40 les
1027 1401 170 52 pierres,
1219 1401 58 40 les
1295 1401 173 50 feuilles,
1491 1406 78 39 etc.

459 1507 241 47 HERMIONE,
719 1508 46 40 L.
788 1506 101 41 God.

513 1616 53 37 00
586 1613 23 39 à
629 1614 98 38 65m.
750 1611 111 41 Ailes
879 1611 95 40 d'un
994 1612 105 40 brun
1119 1613 93 40 noir
1230 1613 235 52 chatoyant,
1496 1625 95 31 avec
1615 1627 80 30 une

456 1684 134 41 bande
611 1689 227 36 transverse
860 1683 96 41 d'un
979 1684 120 41 blanc
1120 1684 99 49 sale,
1236 1686 276 52 interrompue
1539 1699 73 40 par
1639 1688 58 41 les

459 1768 194 29 nervures
673 1768 71 29 sur
762 1757 58 40 les
848 1756 270 53 supérieures,
1142 1757 253 53 saupoudrée
1417 1758 48 40 de
1484 1758 105 42 brun
1609 1772 88 29 vers

458 1830 38 39 le
517 1833 173 36 sommet
720 1834 39 36 et
779 1829 171 50 chargée
971 1828 97 41 d'un
1090 1830 67 39 œil
1177 1829 121 41 brun.
1332 1829 243 42 Iuférieures
1595 1830 102 43 den-

458 1901 98 49 tées,
576 1913 95 30 avec
690 1902 39 39 la
750 1901 133 40 bande
904 1902 207 48 continue,
1133 1900 93 54 plus
1242 1903 113 50 large
1376 1908 39 35 et
1435 1915 56 28 un
1512 1905 100 51 petit
1629 1905 67 39 œil

460 1976 24 39 à
503 1974 147 52 l'angle
670 1974 107 39 anal.
799 1975 176 39 Dessous
993 1973 72 41 des
1093 1974 254 52 supérieures
1368 1980 123 47 ayant
1511 1976 38 39 la
1568 1976 132 41 bande

463 2046 149 41 teintée
633 2045 47 41 de
695 2047 190 50 jaunâtre
906 2050 40 36 et
972 2046 95 39 l'œil
1088 2046 55 40 du
1165 2046 158 50 dessus,
1355 2048 104 39 mais
1491 2048 91 54 plus
1616 2048 85 40 dis-

463 2122 116 42 tinct.
597 2123 179 40 Dessous
796 2122 71 40 des
887 2121 240 41 inférieures
1158 2122 122 50 brun,
1297 2124 96 40 strié
1417 2124 48 41 de
1491 2125 96 50 gris,
1607 2137 94 30 avec

465 2196 99 40 trois
585 2195 129 50 lignes
733 2196 151 47 noires,
907 2192 222 53 dentelées,
1152 2198 265 47 transverses,
1455 2197 38 39 la
1514 2201 53 35 lre
1586 2198 116 40 anté-

466 2267 226 49 terminale,
714 2268 38 39 la
768 2270 41 37 2e
829 2266 189 41 médiane
1033 2270 39 36 et
1094 2267 38 40 la
1152 2267 42 40 3e
1217 2267 92 53 près
1329 2267 49 41 de
1397 2269 39 39 la
1455 2268 112 43 base.
1596 2268 105 43 Mas-

468 2350 71 29 sue
559 2339 71 41 des
649 2343 197 37 antennes
861 2340 130 48 noire,
1013 2339 140 50 frange
1168 2340 284 53 entrecoupée.

531 2410 35 55 Y
596 2412 95 40 Plus
711 2411 166 51 grande,
900 2410 132 41 bande
1065 2410 71 41 des
1157 2411 257 53 supérieures
1439 2414 134 40 moins
1605 2414 96 42 obs-

469 2496 95 31 cure
584 2484 121 42 ornée
726 2488 172 40 souvent
918 2485 50 41 de
991 2485 105 41 deux
1115 2496 119 44 yeux.
