1800 2984
650 295 51 8 —
727 267 76 43 23^
839 291 49 6 --

320 606 324 52 ADDITIONS
681 602 74 54 ET
794 601 427 56 CORRECTIONS.

209 823 105 50 Page
332 824 91 46 107,
446 820 116 53 après
583 821 63 38 P°.
672 818 212 49 Machaon,
909 818 163 52 ajoutez
1092 828 13 27 :

155 914 73 38 AB.
253 911 199 53 Sphyrus,
475 910 76 40 Hb.

209 1001 327 40 Ordinairement
550 1000 90 52 plus
659 999 101 52 petit
779 1009 79 40 que
878 996 218 49 Machaon,
1122 994 93 54 plus
1244 993 147 52 chargé

159 1074 49 40 de
226 1074 90 40 noir
337 1085 51 28 en
403 1072 144 40 dessus
567 1076 40 36 et
623 1073 125 50 ayant
766 1070 91 52 plus
874 1069 49 40 de
936 1068 140 41 taches
1090 1067 302 50 ferrugineuses

158 1157 49 29 en
227 1145 181 40 dessous.

211 1218 72 40 Cet
297 1217 65 40 ab.
384 1219 61 38 est
463 1227 78 41 peu
556 1213 298 53 remarquable,
878 1212 74 41 elle
971 1223 42 30 se
1042 1211 130 53 prend
1192 1211 198 52 quelque-

156 1292 78 39 fois
253 1301 79 29 aux
351 1290 189 40 environs
564 1287 50 41 de
629 1287 131 40 Paris.

158 1383 58 39 AB
235 1381 47 40 A.
305 1379 104 41 God.

209 1475 109 40 Ailes
352 1473 99 40 d'un
470 1474 128 51 jaune
632 1469 244 53 très-foncé;
908 1468 110 42 taille
1048 1467 92 56 plus
1160 1468 167 54 grande,
1353 1474 38 37 et

158 1548 66 39 œil
254 1546 92 41 anal
387 1557 58 29 un
474 1556 79 41 peu
588 1542 183 43 oblitéré.
810 1542 205 42 Environs
1050 1541 49 42 de
1131 1543 114 40 Paris
1282 1547 39 37 et
1344 1543 49 41 de

156 1618 292 41 Valenciennes
464 1616 183 54 (Guénée
669 1616 46 40 T.
733 1613 74 54 S.).

211 1723 106 48 Page
355 1718 98 49 107,
493 1718 108 50 ligne
643 1720 64 38 19.
751 1717 169 51 France,
956 1727 111 38 mer,
1105 1716 98 40 lisez
1242 1717 152 42 France

157 1794 112 42 mérle
289 1794 176 54 (France
486 1788 318 55 méridionale.).

211 1871 106 47 Page
338 1869 91 46 111,
450 1876 53 29 au
530 1864 82 41 lieu
634 1863 49 41 de
704 1865 80 39 Var
814 1864 144 52 Napœ,
980 1864 102 40 lisez
1100 1864 94 40 Var.
1217 1864 176 53 Napœœ.

212 1942 106 48 Page
340 1942 93 46 113,
460 1938 109 51 ligne
592 1939 66 39 13.
697 1937 110 40 Dans
828 1935 62 43 les
909 1936 232 51 garrègnes,
1180 1937 97 40 lisez
1306 1947 89 41 gar-

158 2012 152 51 rigues.

214 2087 105 48 Page
342 2081 90 51 114,
453 2082 68 53 lig.
544 2081 65 41 24.
639 2081 163 41 Central
822 2081 93 42 noir
933 2080 253 45 au-dessous
1206 2082 70 42 des
1296 2083 99 42 infé-

160 2159 168 47 rieures,
364 2159 96 46 etc.,
493 2154 97 43 lisez
634 2153 154 42 central
827 2154 104 42 noir.
974 2154 177 42 Dessous
1187 2155 70 42 des
1286 2157 105 41 infé-

160 2231 170 47 rieures,
351 2232 77 37 etc.

215 2304 106 48 Page
343 2303 91 46 115,
456 2300 107 50 ligne
583 2299 39 42 3.
659 2300 62 41 En
755 2300 101 42 avril
884 2304 39 37 et
942 2300 81 40 mai
1050 2299 103 43 dans
1184 2301 57 41 les
1275 2312 120 30 mon-

160 2378 156 48 tagnes,
338 2376 98 45 etc.,
459 2372 98 40 lisez
577 2383 51 30 en
648 2373 97 43 avril
765 2375 39 39 et
824 2374 99 42 mai.
948 2373 109 41 Dans
1076 2374 60 41 les
1155 2377 241 51 montagnes

160 2445 56 43 du
236 2446 91 50 Var,
352 2448 76 39 etc.
