1768 3012
963 379 51 8 —
1046 356 133 40 40'—

511 455 108 39 Dans
647 454 37 40 le
715 464 169 42 passage
916 452 54 41 du
1003 452 105 41 mois
1138 450 140 42 d'avril
1313 463 49 29 au
1394 452 103 41 mois
1527 451 48 41 de
1596 452 96 48 mai,

456 525 191 42 YAnarta
673 524 177 53 myrtilli
873 536 77 40 que
984 524 82 40 suit
1097 521 344 42 immédiatement
1470 535 44 28 sa
1544 522 151 51 congé-

459 599 93 40 nère
580 599 152 47 arbuti,
764 598 151 47 volent,
938 597 39 39 la
1004 594 196 54 première
1234 607 69 28 sur
1334 595 57 41 les
1421 595 206 53 bruyères,
1658 596 40 39 la

458 671 172 41 seconde
650 682 70 29 sur
742 671 58 39 les
829 669 149 49 trèfles,
1001 668 57 40 les
1089 668 158 50 bugles,
1271 669 68 50 qui
1368 668 198 41 croissent
1597 667 101 41 dans

457 742 57 40 les
548 742 109 39 lieux
687 740 202 40 humides.
931 740 206 39 Plusieurs
1169 739 229 40 Phalénites
1432 751 238 28 communes
1689 770 10 18 ,

457 817 114 39 telles
601 828 77 40 que
711 816 38 39 la
779 815 178 40 Fidonia
990 816 218 47 atomaria,
1232 815 37 39 la
1302 814 228 53 Ulelanippe
1561 827 141 29 macu-

460 888 103 50 lata,
587 888 38 40 la
653 888 193 41 Sthrenia
882 886 224 51 clathrata,
1129 888 223 52 paraissent
1387 900 50 28 en
1470 888 234 41 abondance

460 961 100 40 dans
592 961 58 40 les
681 960 105 50 bois,
808 960 59 40 les
895 960 184 53 prairies,
1103 963 111 38 etc...
1238 958 136 42 Parmi
1408 961 57 40 les
1495 960 211 53 Rhopalo-

460 1033 127 48 cères,
610 1033 39 39 la
669 1032 278 53 Leucophasia
967 1034 173 51 sinapis,
1158 1032 37 40 le
1213 1033 210 51 Syrichtus
1446 1032 197 50 alveolus,
1670 1038 38 36 et

461 1117 44 28 sa
522 1105 237 41 charmante
778 1104 151 42 variété
948 1104 227 50 Lavaterœ,
1198 1104 24 40 à
1235 1105 138 41 taches
1393 1105 194 40 blanches
1609 1116 98 30 con-

460 1178 186 49 fluentes,
669 1178 37 40 le
739 1177 188 39 Thanaos
956 1180 123 49 tages,
1108 1177 37 40 le
1165 1177 173 52 Lycœna
1367 1178 198 51 argiolus,
1593 1178 116 50 quel-

461 1250 157 53 quefois
650 1252 145 47 même,
823 1250 58 40 les
920 1249 161 53 Papilio
1114 1248 194 42 machaon
1342 1252 38 37 et
1403 1249 246 53 podalirius,
1672 1250 39 40 la

461 1322 238 40 Nemeobius
739 1322 152 49 lucina,
927 1325 39 37 et
996 1323 130 39 même
1163 1321 238 52 l'Argynnis
1439 1321 269 53 euphrosyne,

462 1397 281 38 commencent
764 1394 24 40 à
806 1397 174 50 paraître
1009 1393 101 42 dans
1141 1394 58 40 les
1232 1393 203 41 clairières
1457 1398 38 35 et
1525 1392 100 41 dans
1654 1394 56 40 les

462 1468 121 40 allées
608 1467 70 40 des
699 1467 91 41 bois
810 1468 65 51 (1),
899 1464 129 56 parmi
1057 1467 57 40 les
1144 1465 279 49 Hétérocères,
1445 1466 57 40 les
1520 1465 192 43 Euclidia

462 1543 57 36 mi
548 1543 38 37 et
617 1540 195 52 glyphica
836 1541 136 39 volent
994 1539 101 40 dans
1125 1539 56 40 les
1201 1539 198 48 luzernes,
1432 1542 158 36 surtout
1611 1537 100 41 dans

462 1611 59 41 les
538 1611 95 53 prés
653 1613 71 52 qui
745 1613 229 41 avoisinent
992 1613 57 39 les
1066 1612 90 40 bois
1170 1625 9 38 ;
1203 1609 134 42 tandis
1358 1623 78 39 que
1456 1612 57 39 les
1532 1611 181 40 Smerin-

466 1683 91 40 thus
583 1684 153 53 Populi
765 1685 241 40 Orthorinia
1036 1683 174 53 palpina
1246 1687 38 36 et
1315 1682 228 41 Notodonta
1573 1682 140 41 dictœa

465 1755 189 41 dorment
674 1755 233 42 immobiles
923 1759 138 38 contre
1081 1756 37 40 le
1138 1758 116 38 tronc
1274 1754 70 41 des
1359 1756 214 52 peupliers.

518 1828 76 40 Dès
614 1829 57 40 les
691 1830 197 51 premiers
903 1830 117 51 jours
1041 1828 52 40 du
1116 1828 101 41 mois
1239 1827 49 41 de
1308 1826 97 50 mai,
1425 1828 58 40 les
1500 1827 121 41 allées
1642 1827 71 41 des

463 1899 90 42 bois
573 1913 42 28 se
636 1905 195 37 couvrent
852 1901 50 41 de
920 1901 172 42 verdure
1113 1904 38 38 et
1171 1900 239 41 s'émaillent
1432 1899 47 41 de
1499 1900 122 40 fleurs
1643 1912 71 28 sur

463 1973 215 51 lesquelles
704 1975 58 39 les
785 1974 160 53 espèces
967 1974 49 41 de
1043 1974 298 52 Rhopalocères
1364 1972 100 41 dont
1494 1984 105 29 nous
1619 1984 94 41 par-

464 2043 105 42 lions
590 2049 89 37 tout
706 2047 23 40 à
751 2047 169 49 l'heure,
940 2047 151 40 aiment
1112 2046 24 40 à
1155 2047 113 39 venir
1283 2056 43 30 se
1347 2056 179 41 reposer.
1550 2045 107 40 C'est
1677 2045 37 40 le

465 2118 192 41 véritable
682 2123 183 37 moment
898 2119 49 41 de
966 2118 98 42 faire
1084 2119 39 40 la
1143 2119 142 40 chasse
1305 2130 52 28 au
1377 2116 239 45 Nemeobius
1646 2117 68 39 lu-

466 2196 108 46 cina,
606 2195 70 50 qui
706 2194 88 40 vole
824 2197 132 38 tantôt
984 2205 70 30 sur
1079 2194 58 40 les
1156 2193 122 40 fleurs
1299 2192 70 41 des
1407 2191 151 51 bugles,
1587 2194 129 37 tantôt

466 2277 69 28 sur
554 2266 59 40 les
628 2267 148 50 jeunes
802 2265 158 42 feuilles
982 2266 48 40 de
1059 2265 141 42 chêne.
1226 2266 123 48 (Cette
1370 2265 139 52 espèce
1530 2268 61 36 est
1611 2266 105 38 très-

467 2349 214 30 commune
702 2338 100 40 dans
822 2339 39 39 la
882 2339 104 40 forêt
1007 2338 47 41 de
1076 2338 167 53 Bondy).
1269 2341 76 38 Les
1378 2339 123 39 fleurs
1524 2336 192 40 blanches

467 2409 50 41 de
537 2410 226 53 l'aubépine
783 2415 39 36 et
852 2412 120 40 celles
993 2411 54 40 du
1066 2410 223 54 prunellier
1309 2410 172 54 plaisent
1508 2409 209 53 beaucoup

512 2525 41 39 (1)
575 2521 89 35 Nous
688 2529 40 26 ne
758 2522 137 41 parlons
919 2521 41 34 ici
983 2530 62 34 que
1067 2522 56 33 des
1153 2521 122 34 années
1303 2521 129 33 hâtives
1442 2534 8 27 ;
1481 2519 241 43 généralement

472 2578 167 36 l'éclosion
663 2578 39 33 de
726 2586 53 26 ces
801 2578 132 42 espèces
955 2578 51 34 n'a
1028 2579 65 33 lieu
1116 2577 98 43 qu'au
1237 2578 278 33 commencement
1537 2575 39 34 de
1597 2574 78 34 mai.
