1780 3012
978 417 52 9 —
1062 397 75 40 142
1176 419 39 7 -

482 499 171 48 ADONIS,
675 499 41 40 S.
742 500 46 39 V.
809 498 104 42 God.
1766 496 6 40 3

535 595 52 38 32
614 600 41 31 m.
685 592 109 41 Ailes
814 593 98 40 d'un
933 592 107 41 beau
1060 591 94 41 bleu
1176 591 136 41 d'azur
1332 592 196 41 finement
1545 592 174 42 bordées

484 662 49 42 de
562 664 106 48 noir,
703 665 140 50 frange
869 664 173 40 blanche
1069 664 264 52 entrecoupée
1354 664 48 40 de
1418 665 104 39 noir.
1544 665 176 40 Dessous

485 734 69 42 des
570 736 252 53 supérieures
837 737 97 40 d'un
946 738 81 50 gris
1042 736 146 41 cendré
1204 748 94 30 avec
1311 737 69 41 des
1401 738 134 51 points
1556 736 161 52 ocellés,

486 808 99 41 dont
601 822 58 28 un
679 821 53 28 ou
751 811 107 39 deux
871 810 23 40 à
907 811 40 39 la
961 810 97 41 base
1072 825 10 36 ;
1099 810 169 40 dessous
1282 809 68 41 des
1369 808 237 42 inférieures
1624 808 98 41 d'un

487 881 150 42 cendré
657 883 207 40 roussâtre
893 893 97 30 avec
1009 883 39 39 la
1067 882 96 40 base
1182 883 91 51 plus
1294 893 51 29 ou
1366 882 134 40 moins
1521 880 199 50 verdâtre,

487 955 70 40 des
566 956 133 51 points
714 955 146 41 ocellés
875 959 38 37 et
928 954 70 42 des
1010 956 156 39 lunules
1178 956 136 39 fauves
1331 967 51 28 au
1395 954 101 41 bord
1507 954 237 50 marginal.

541 1036 28 44 9
609 1026 143 50 brune,
776 1031 171 37 souvent
976 1027 252 53 saupoudrée
1250 1027 47 41 de
1316 1027 110 49 bleu,
1450 1038 94 30 avec
1565 1027 69 40 des
1652 1027 67 40 lu-

488 1101 117 40 nules
629 1101 139 40 fauves
803 1112 80 28 aux
910 1100 253 41 inférieures.
1186 1103 177 39 Dessous
1394 1102 89 52 plus
1512 1100 116 41 foncé
1648 1112 76 41 que

491 1173 101 40 dans
612 1174 36 40 le
673 1173 63 48 C.

544 1247 181 40 Chenille
750 1259 49 28 en
827 1247 100 41 avril
964 1250 40 37 et
1030 1247 82 39 mai
1143 1257 70 30 sur
1240 1246 40 53 1
1280 1246 241 53 Hippocrepe
1545 1246 182 50 vulgaire

492 1324 287 54 (Hippocrepis
799 1325 178 53 comosa)
996 1336 72 29 sur
1084 1324 58 40 les
1160 1324 150 49 trèfles,
1333 1328 38 36 et
1385 1335 69 28 sur
1474 1323 174 42 d'autres
1666 1323 60 40 lé-

492 1397 277 53 gumineuses.

546 1473 46 38 T.
621 1472 27 40 1.
672 1473 43 38 F.
740 1482 192 30 commun
961 1470 101 42 dans
1093 1471 58 40 les
1182 1470 202 40 clairières
1408 1469 69 40 des
1499 1467 103 51 bois,
1624 1467 103 43 dans

491 1544 60 40 les
570 1544 108 39 lieux
699 1555 88 28 secs
809 1546 39 37 et
867 1544 189 51 pierreux
1070 1554 50 30 en
1140 1543 97 47 mai,
1255 1540 135 54 juillet
1410 1545 39 37 et
1469 1544 111 46 aoflt.

491 1634 60 41 AB
572 1642 27 46 9
620 1634 190 49 Ceronus,
833 1633 97 53 Esp.

545 1724 174 39 Femelle
740 1722 97 41 dont
869 1723 36 40 le
936 1722 95 41 bleu
1062 1734 23 28 a
1118 1722 144 41 envahi
1290 1725 111 37 toute
1420 1722 39 39 la
1480 1722 160 40 surface
1658 1721 85 45 des.

494 1797 111 49 ailes,
633 1808 51 28 en
703 1796 156 48 dessus,
883 1807 94 29 avec
996 1806 82 30 une
1099 1795 103 40 série
1228 1795 224 50 marginale
1487 1793 47 41 de
1569 1793 178 44 lunules.

493 1864 138 46 fauves
651 1882 79 27 aux
751 1869 234 40 inférieures
1007 1874 37 35 et
1065 1872 170 37 souvent
1252 1880 80 28 aux
1343 1867 272 53 supérieures.
1630 1866 98 41 Plus

494 1952 88 28 rare
597 1953 77 38 que
689 1942 35 39 le
742 1945 105 47 type.
875 1942 153 40 France
1050 1942 266 40 méridionale
1337 1944 39 37 et
1402 1940 266 44 occidentale.
1682 1940 51 39 Se

493 2014 130 52 prend
652 2014 251 50 quelquefois
925 2015 23 40 à
968 2014 334 48 Fontainebleau,
1336 2016 103 39 mais
1460 2015 122 39 d'une
1601 2013 127 41 teinte

496 2087 90 51 plus
604 2087 168 49 grisâtre
792 2097 77 40 que
890 2097 101 30 ceux
1022 2086 49 41 de
1090 2087 214 40 Bordeaux
1320 2090 40 37 et
1380 2087 52 40 de
1450 2087 38 40 la
1509 2088 221 38 Provence.

496 2178 216 47 CORYDON,
738 2175 172 54 Scopoli.
933 2176 100 41 God.
1064 2176 65 53 (pl.
1152 2180 39 44 6,
1216 2177 65 50 fig.
1320 2177 52 50 8).

550 2278 49 42 34
621 2287 38 31 m.
685 2279 107 41 Ailes
812 2279 96 40 d'un
927 2280 92 40 bleu
1039 2280 165 50 argenté
1223 2280 180 50 brillant,
1421 2290 96 30 avec
1530 2291 81 28 une
1632 2278 99 42 bor-

497 2351 99 40 dure
616 2352 112 39 noire
749 2363 110 28 assez
881 2353 122 48 large,
1023 2352 147 39 ocellée
1190 2363 68 28 sur
1275 2353 54 39 les
1347 2352 234 40 inférieures
1595 2352 141 49 frange

496 2423 172 40 blanche
710 2425 280 51 entrecoupée.
1025 2425 175 39 Dessous
1235 2424 72 40 des
1339 2424 254 52 supérieures
1636 2424 99 40 d'un

497 2495 122 41 blanc
650 2496 185 49 grisâtre,
859 2508 96 29 avec
986 2508 79 28 une
1093 2496 147 50 rangée
1275 2496 221 50 marginale
1522 2496 49 41 de
1599 2496 138 40 taches

502 2569 169 42 ocellées
702 2570 49 41 de
787 2573 128 38 même
936 2571 179 47 couleur,
1138 2573 38 36 et
1190 2570 200 54 plusieurs
1408 2571 134 53 points
1559 2571 112 40 noirs
1694 2580 43 31 'se
