1816 3000
900 325 49 7 —
981 307 80 37 230
1089 325 52 6 —

463 416 28 29 SI
511 406 219 41 semblable
750 408 102 39 mais
880 418 97 29 avec
999 406 57 40 les
1075 406 137 51 points
1232 407 141 40 blancs
1392 408 92 51 plus
1505 410 136 51 petits,

405 490 103 38 rare,
525 480 309 52 Basses-Alpes.

403 577 174 47 MALVÆ,
600 578 45 37 L.
664 575 206 49 Alveolus,
888 576 76 39 Hb.
989 575 101 41 Cod.
1124 576 64 52 (pl.
1215 576 67 50 18,
1306 579 66 49 tig.
1401 577 63 54 4.)

459 673 203 38 Commun
688 671 100 40 dans
809 675 111 37 toute
947 673 38 38 la
1009 674 169 47 France,
1202 685 50 29 eu
1274 675 95 39 mai.
1394 675 180 41 Chenille
1594 688 47 27 en

403 744 99 40 avril
523 755 70 28 sur
612 744 36 39 le
667 745 157 39 fraisier
841 744 231 53 (Fragaria
1092 749 147 46 vesca).

405 840 91 39 Var.
521 840 226 49 Luvatene,
773 842 97 38 Fab.
893 840 74 53 (pl.
995 842 64 48 18,
1083 843 66 50 fig.
1176 849 51 41 5).

456 938 105 38 Avec
580 937 36 39 le
637 941 108 48 type,
774 939 104 38 mais
909 949 131 51 assez..
1040 949 115 51 rare.
1192 941 339 49 Fontainebleau,
1565 942 74 39 Ar-

401 1009 280 48 mainvilliers,
704 1009 155 53 Bondy,
883 1011 196 49 Chaville,
1100 1013 224 50 Auvergne,
1346 1019 78 34 etc.

404 1106 96 48 SAO,
527 1108 75 38 Hb.
627 1108 100 42 God.

459 1209 95 35 2-2'n.
583 1205 108 39 Ailes
714 1204 97 41 d'un
831 1206 105 39 hrun
968 1207 88 38 noir
1077 1206 23 39 à
1127 1208 113 38 reflet
1266 1208 224 49 rougeàtre,
1525 1209 120 52 supé-

406 1278 152 40 rieures
579 1288 95 29 avec
696 1278 71 39 des
787 1278 139 40 taches
946 1279 195 39 blanches
1167 1282 39 37 et
1224 1291 81 28 une
1326 1278 102 41 série
1445 1280 199 41 allté-ter-

404 1350 149 39 minale
575 1350 49 39 de
637 1351 146 51 petites
805 1351 138 40 taches
964 1350 227 49 arrondies,
1222 1352 93 40 bien
1336 1352 181 40 visibles.
1539 1353 104 40 Infé-

406 1425 151 38 rieures
592 1433 95 30 avec
722 1436 53 27 un
809 1425 94 38 trait
930 1424 198 40 discoïdal
1161 1425 161 50 allongé
1348 1429 39 36 et
1424 1438 77 28 une
1544 1427 92 40 sérit

403 1495 333 41 anté-terminale
770 1507 160 29 comme
967 1508 80 28 aux
1068 1497 270 52 supérieures.
1369 1500 172 39 Dessous
1575 1500 70 40 des

402 1567 240 41 inférieures
665 1568 96 39 d'un
783 1581 124 39 rouge
929 1569 140 51 brique
1089 1581 111 28 assez
1220 1570 58 40 vif
1291 1574 38 35 et
1349 1572 101 38 trois
1478 1572 166 50 rangées

404 1640 47 40 de
467 1641 138 40 taches
624 1640 197 41 blanches
849 1641 98 40 dont
979 1642 120 39 celles
1129 1641 54 40 du
1210 1642 99 40 bord
1332 1643 204 41 antérieur
1557 1646 89 51 plus

403 1712 188 50 grandes.
617 1713 223 40 Troisième
861 1714 258 52 entrecoupé,
1142 1715 119 39 blanc
1273 1714 49 41 de
1338 1716 38 39 la
1398 1717 139 49 frange
1552 1718 91 51 plus

404 1787 110 50 large
530 1799 78 38 que
629 1787 56 40 les
705 1791 151 36 autres.
874 1787 220 40 Extrémité
1116 1786 49 41 de
1186 1788 132 39 l'anus
1336 1793 225 46 l'ougeàtre.

459 1864 26 42 ?
508 1859 235 40 semblable.

458 1930 176 52 Presque
652 1936 111 36 toute
783 1932 37 39 la
840 1933 169 47 France,
1032 1933 103 39 dans
1149 1933 57 40 les
1228 1932 105 41 lieux
1350 1946 104 28 secs.
1476 1934 167 51 Sévran,

403 2003 149 48 Larùy,
574 2005 332 48 Fontainebleau,
928 2017 50 28 en
1000 2006 81 39 mai
1099 2010 38 35 et
1147 2006 148 50 juillet.

782 2191 120 34 Genre
926 2191 217 41 THANAOS,
1170 2190 89 35 Bdv.

856 2290 315 40 Er.YNMs,,Schrk.

457 2442 157 39 Massue
646 2441 70 41 des
741 2446 197 37 antennes
967 2444 212 41 fusiforme
1213 2449 39 36 et
1278 2446 283 41 très-courbée
1594 2459 49 27 en

402 2511 161 42 dehors.
590 2513 143 56 Palpes
765 2514 171 49 écartés,
967 2516 233 50 très-velus,
1239 2519 36 42 le
1309 2519 161 43 dernier
1502 2519 139 45 article
