1768 3000
946 355 53 10 —
1029 332 79 44 164
1134 355 56 10 —

504 436 180 42 Chenille
716 436 141 54 depuis
877 437 82 40 mai
988 435 168 55 jusqu'à
1180 435 228 54 septembre
1450 448 70 30 sur
1552 436 131 43 l'ortie

451 508 176 54 dioïque.

501 582 226 40 Commune
749 581 101 41 dans
872 582 43 38 T.
939 581 40 39 la
1010 581 42 39 F.
1079 579 177 54 pendant
1278 584 112 38 toute
1419 581 38 40 la
1475 581 103 41 belle
1599 582 84 40 sai-

449 665 89 37 son,
557 653 100 41 dans
690 654 59 41 les
776 653 182 53 champs,
981 653 57 40 les
1062 652 175 54 jardins,
1266 653 58 41 les
1356 653 124 42 bords
1498 653 70 42 des
1588 654 95 41 che-

448 727 121 47 mins,
594 730 77 36 etc.

451 815 59 48 Io,
535 816 46 38 L.
602 815 104 40 God.
731 815 65 52 (pl.
823 818 65 44 11,
910 814 69 51 fig.
997 816 55 50 3.)

502 910 110 40 Cette
642 907 105 42 belle
783 908 139 53 espèce
950 912 60 37 est
1030 920 218 30 commune
1279 909 100 40 dans
1405 909 58 41 les
1496 908 103 51 bois,
1629 909 57 40 les

444 979 175 54 jardins,
641 981 59 40 les
722 981 167 52 champs
911 980 48 41 de
986 981 175 49 luzerne,
1182 993 49 29 en
1261 982 96 48 mai,
1375 982 135 53 juillet
1530 985 38 36 et
1593 993 92 39 sep-

449 1054 175 51 tembre;
662 1053 73 41 elle
761 1057 61 37 est
843 1054 115 40 facile
991 1054 24 40 à
1034 1054 189 53 prendre,
1244 1066 67 29 car
1332 1055 74 39 elle
1428 1067 41 27 se
1489 1066 96 41 pose
1613 1065 73 28 vo-

450 1125 167 41 lontiers
648 1137 70 29 sur
749 1126 56 40 les
838 1126 138 47 fleurs,
1000 1130 38 36 et
1073 1129 130 38 même
1225 1138 70 28 sur
1315 1127 57 40 les
1411 1129 150 37 routes.
1599 1124 87 41 Elle

447 1209 118 42 passe
584 1198 142 40 l'hiver
740 1198 100 40 ainsi
856 1210 78 39 que
962 1198 38 40 la
1034 1199 183 41 suivante
1236 1202 38 37 et
1293 1199 86 40 vole
1416 1198 70 40 dès
1513 1198 57 40 les
1591 1209 94 41 pre-

448 1272 122 39 miers
591 1271 132 41 beaux
732 1272 133 51 jours.

502 1344 196 48 Chenille,
727 1355 51 30 en
810 1343 148 41 société
992 1356 69 28 sur
1093 1343 132 41 l'ortie
1257 1344 164 52 dioïque
1450 1355 51 29 en
1523 1343 92 52 juin
1648 1344 40 39 et

448 1420 110 38 août.

449 1500 74 40 AB.
543 1499 152 49 loides,
714 1499 102 41 Och.

503 1592 56 38 Ne
599 1590 144 40 diffère
781 1589 114 50 d'Io,
936 1602 77 40 que
1043 1601 73 42 par
1156 1601 80 29 une
1275 1590 108 40 taille
1421 1588 141 41 moitié
1594 1587 91 54 plus

445 1663 141 51 petite.

449 1752 200 48 ANTIOPA,
671 1754 45 37 L.
740 1752 101 40 God.
860 1752 66 52 (pl.
953 1755 63 45 11,
1037 1751 68 51 fig.
1128 1750 61 53 2.)

504 1834 85 41 Elle
622 1839 61 36 est
717 1847 216 29 commune
963 1837 102 38 mais
1086 1834 160 42 difficile
1265 1835 22 40 à
1307 1834 190 53 prendre,
1521 1845 68 30 car
1609 1834 76 40 elle

448 1905 88 42 vole
561 1918 94 29 avec
673 1907 170 53 rapidité
869 1911 38 36 et
935 1912 60 35 est
1015 1919 110 28 assez
1146 1907 208 40 farouche.
1380 1908 75 39 Les
1475 1905 208 41 individus

446 1980 69 50 qui
546 1982 70 37 ont
647 1979 118 52 passé
794 1980 144 40 l'hiver
967 1980 137 40 volent
1134 1979 70 40 dès
1230 1980 58 40 les
1318 1980 196 51 premiers
1550 1976 133 42 beaux

439 2053 133 52 jours,
600 2053 103 40 mais
728 2053 88 40 leur
843 2052 176 41 bordure
1044 2054 128 51 jaune
1192 2064 23 29 a
1238 2052 116 53 passé
1374 2063 52 30 au
1452 2051 117 41 blanc
1590 2054 39 37 et
1648 2051 36 40 le

443 2123 99 42 fond
562 2136 24 29 a
604 2125 127 52 perdu
761 2137 75 29 son
867 2125 104 40 éclat
997 2124 173 42 velouté.
1202 2127 109 38 Dans
1339 2125 59 40 les
1426 2124 89 40 bois
1550 2126 37 38 et
1612 2134 71 29 sur

444 2198 58 40 les
522 2203 136 34 routes
677 2209 49 29 en
741 2196 134 53 juillet
893 2202 36 34 et
949 2197 240 52 septembre.
1209 2201 27 43 9
1253 2196 238 41 semblable.

500 2267 181 43 Chenille
700 2281 51 29 en
770 2268 150 42 société
941 2281 50 28 en
1007 2269 91 53 juin
1119 2275 38 34 et
1177 2273 97 36 août
1293 2280 70 30 sur
1381 2269 59 39 les
1462 2268 147 48 saules,
1624 2268 58 40 les

444 2341 202 52 peupliers
666 2346 39 35 et
723 2342 58 40 les
794 2342 215 47 bouleaux,
1032 2353 51 29 au
1103 2342 99 39 haut
1222 2341 69 41 des
1306 2340 214 41 branches.

449 2437 244 48 ATALANTA,
713 2438 44 38 L.
780 2436 104 41 God.
908 2437 65 52 (pl.
1002 2440 65 43 11,
1090 2436 68 51 fig.
1182 2435 40 54 1)

501 2525 339 44 Très-commune
872 2524 102 42 dans
1008 2523 44 43 T.
1076 2526 28 40 1.
1133 2527 64 48 F.,
1233 2525 102 41 dans
1354 2525 58 41 les
1438 2524 91 41 bois
1554 2527 39 37 et
1624 2523 58 42 les

1123 2576 15 13 #
