1744 3024
1012 384 54 8 —
1094 359 51 45 t)6
1174 385 53 7 —

503 460 104 46 deux
641 464 227 41 mâchoires
902 465 186 42 latérales
1120 469 163 49 portant
1320 465 181 42 chacune
1531 478 56 29 un
1619 466 116 54 palpe

501 537 215 52 très-petit,
754 542 39 35 et
823 538 120 40 d'une
980 538 106 41 lèvre
1119 537 229 50 inférieure,
1385 539 139 40 munie
1552 539 49 40 de
1631 539 105 40 deux

501 610 138 52 palpes
666 610 257 49 semblables,
947 622 51 28 au
1028 611 139 39 milieu
1197 610 48 40 de
1276 611 173 51 laquelle
1476 614 60 37 est
1560 622 57 29 un
1636 612 100 55 petit

499 682 204 40 mamelon
736 681 254 53 cylindrique
1017 682 117 53 percé
1173 682 98 41 d'un
1303 683 206 52 très-petit
1536 686 90 38 trou
1658 695 77 40 que

500 754 83 40 l'on
604 765 163 29 nomme
788 752 139 51 filière,
949 766 120 41 parcè
1088 767 79 40 que
1190 754 97 42 c'est
1305 755 58 40 lui
1383 755 69 51 qui
1472 754 134 42 donne
1624 756 111 41 issue

501 826 24 40 à
558 827 36 39 la
625 828 84 39 soie
737 838 78 40 que
846 826 65 42 file
943 828 39 39 la
1012 828 185 41 chenille.
1225 830 55 38 Le
1312 839 117 41 corps
1457 831 62 37 est
1546 828 189 53 composé

501 897 120 41 d'une
654 900 104 39 suite
789 899 227 41 d'anneaux
1044 910 51 30 au
1115 899 170 41 nombre
1312 899 50 40 de
1391 899 125 40 douze
1546 902 39 37 et
1613 898 121 53 qu'on

500 982 165 29 nomme
695 976 217 45 segments,
934 972 38 40 la
1000 972 129 52 partie
1159 982 73 42 par
1249 972 175 51 laquelle
1450 982 65 30 ces
1534 977 202 45 segments

500 1055 42 29 se
564 1044 189 51 joignent
783 1056 42 28 se
845 1056 164 29 nomme
1040 1046 183 50 incision,
1248 1044 29 39 il
1309 1043 99 41 offre
1436 1055 70 29 sur
1522 1044 59 40 les
1610 1043 123 52 côtés,

498 1116 92 53 près
616 1116 49 40 de
684 1116 38 40 la
741 1116 98 41 base
861 1115 70 42 des
949 1120 147 49 pattes,
1114 1115 69 41 des
1205 1119 234 38 ouvertures
1458 1115 277 53 respiratoires

498 1188 183 53 appelées
720 1191 228 50 stigmates.
985 1189 63 40 On
1089 1200 49 29 en
1179 1192 159 49 compte
1371 1188 101 41 neuf
1501 1188 49 41 de
1579 1188 156 51 chaque

500 1261 103 50 côté,
624 1273 81 29 une
738 1273 69 29 sur
837 1261 155 52 chaque
1023 1272 174 39 anneau,
1220 1259 163 54 excepté
1413 1272 70 29 sur
1501 1260 37 41 le
1566 1259 167 52 second,

497 1334 37 41 le
561 1333 206 42 troisième
798 1338 39 37 et
862 1334 39 41 le
922 1333 159 41 dernier
1101 1334 70 51 qui
1188 1345 51 28 en
1259 1335 93 39 sont
1382 1331 227 53 dépourvus
1627 1345 10 41 ;
1669 1343 66 30 ces

499 1418 170 39 organes
697 1410 71 37 ont
797 1418 82 29 une
905 1407 130 40 forme
1068 1406 201 50 oblongue
1302 1404 269 42 ressemblant
1599 1405 24 40 à
1654 1416 81 29 une

496 1479 122 52 petite
636 1478 286 42 boutonnière.
952 1479 53 40 Ils
1025 1477 173 42 existent
1218 1476 110 43 aussi
1349 1489 70 29 sur
1437 1476 183 42 l'insecte
1638 1488 97 42 par-

497 1551 73 39 fait
583 1554 39 37 et
636 1563 43 29 se
693 1552 135 40 voient
844 1551 304 41 distinctement
1161 1565 9 28 ;
1190 1550 225 53 cependant
1429 1550 94 40 chez
1539 1549 196 51 quelques

497 1626 299 53 Rhopalocères
823 1625 70 42 des
914 1637 161 39 genres,
1089 1627 194 48 Vanessa,
1305 1625 220 52 Argynnis,
1548 1622 183 51 Melitæa,

497 1712 53 29 on
565 1711 50 28 ne
633 1703 97 49 peut
747 1700 58 39 les
824 1699 230 53 apercevoir
1073 1698 92 52 qu'à
1182 1697 121 41 l'aide
1325 1697 119 41 d'une
1462 1696 134 52 loupe.

551 1774 76 38 Les
642 1776 130 48 pattes
794 1776 93 36 sont
906 1770 50 42 de
976 1770 102 41 deux
1101 1773 144 49 sortes,
1266 1770 60 40 les
1341 1771 142 52 pattes
1502 1769 234 41 écailleuses

496 1857 54 29 ou
579 1847 134 37 vraies
738 1847 154 50 pattes,
919 1844 96 40 elles
1043 1846 93 38 sont
1166 1854 52 29 au
1245 1842 170 41 nombre
1443 1841 50 41 de
1528 1842 67 40 six
1618 1843 38 39 et
1686 1840 48 42 de

495 1919 257 40 consistance
771 1916 163 50 cornée,
962 1915 97 42 elles
1087 1916 225 50 garnissent
1329 1915 60 40 les
1408 1914 100 40 trois
1540 1914 195 54 premiers

495 2000 201 40 anneaux,
722 1992 39 37 et
787 1989 264 40 contiennent
1082 1987 101 41 dans
1209 1988 89 40 leur
1316 1985 197 42 intérieur
1533 1985 120 42 celles
1678 1984 55 42 du

493 2062 194 52 papillon.
718 2061 73 42 Les
813 2065 144 51 pattes
976 2061 322 43 membraneuses
1319 2071 53 29 ou
1390 2060 163 52 fausses
1574 2060 156 51 pattes,

494 2138 93 37 sont
613 2134 70 41 des
703 2135 165 53 espèces
888 2134 48 42 de
957 2135 225 41 mamelons
1202 2131 264 54 susceptibles
1495 2130 49 41 de
1564 2130 168 41 s'allon-

495 2218 86 41 ger,
607 2207 49 41 de
688 2219 42 29 se
749 2209 231 40 raccourcir
1000 2213 37 36 et
1072 2207 48 40 de
1147 2218 43 29 se
1220 2205 156 49 dilater,
1405 2203 229 47 couronnés
1659 2214 74 42 par

491 2292 82 29 une
608 2281 104 40 suite
735 2280 49 42 de
815 2281 123 53 petits
969 2279 186 42 crochets
1173 2276 183 55 disposés
1389 2276 339 49 circulairement,

493 2354 89 41 leur
599 2353 169 41 nombre
787 2355 109 40 varie
916 2353 49 41 de
986 2358 140 47 quatre
1142 2352 24 41 à
1188 2351 65 40 dix
1268 2365 10 39 ;
1302 2351 103 41 mais
1426 2350 94 40 chez
1538 2349 59 41 les
1616 2348 115 41 Rho-

493 2426 206 53 palocères
713 2457 10 19 ,
762 2427 96 40 elles
891 2429 92 39 sont
1005 2424 185 55 toujours
1218 2435 52 29 au
1308 2421 168 42 nombre
1506 2422 49 41 de
1590 2421 66 41 dix
1693 2424 39 38 et

496 2499 207 53 disposées
736 2511 73 42 par
838 2500 132 54 paires
992 2510 69 30 sur
1080 2497 67 50 les
1147 2497 67 50 7%
1243 2500 56 50 8°,
1320 2499 56 47 9",
1409 2499 66 39 106
1505 2498 39 40 et
1570 2498 67 38 12<
1656 2505 73 35 an-

496 2584 147 40 neaux,
665 2571 40 43 la
725 2571 180 45 dernière
922 2573 113 54 paire
1054 2571 190 56 s'appelle
1266 2570 137 44 anale.
