1744 3000
880 317 53 7 —
963 297 51 38 82
1041 316 55 8 —

369 400 62 38 On
451 397 151 41 détruit
622 398 105 40 ainsi
749 398 59 40 les
831 398 174 39 insectes
1026 395 273 40 destructeurs
1320 405 94 29 sans
1434 393 166 41 endom-

368 482 138 39 mager
518 470 59 41 les
596 469 267 53 lépidoptères
882 469 70 50 qui
972 468 58 40 les
1045 467 190 41 recèlent.

420 544 76 38 Les
510 542 201 53 papillons
728 541 123 40 étalés
866 544 39 36 et
917 538 190 54 préparés
1127 542 91 37 sont
1232 538 144 53 rangés
1396 550 49 29 en
1460 538 142 42 collec-

366 616 86 40 tion
473 615 100 41 dans
603 615 71 41 des
702 615 130 40 boites
857 613 99 40 dont
983 614 37 39 le
1052 612 96 41 fond
1182 616 62 37 est
1277 613 115 50 garni
1424 612 49 41 de
1500 613 103 50 liège

365 691 210 40 recouvert
615 686 50 41 de
703 687 139 52 papier
873 685 119 40 blanc
1009 698 11 38 ;
1057 685 37 40 le
1128 684 143 41 dessus
1305 684 54 40 du
1397 685 206 41 couvercle

367 759 121 41 devra
519 762 82 38 être
631 758 99 42 vitré
749 769 104 41 pour
872 757 125 41 éviter
1017 757 179 41 d'ouvrir
1214 757 38 40 la
1278 757 125 49 boite,
1426 768 68 29 car
1513 757 91 40 l'air

365 843 77 39 que
463 831 82 40 l'on
573 832 132 51 aspire
737 842 53 29 ou
816 841 78 40 que
926 830 84 40 l'on
1034 830 223 51 comprime
1284 841 50 28 en
1364 833 173 37 ouvrant
1563 834 40 37 et

362 905 174 38 fermant
572 903 39 39 la
639 903 108 40 boite
779 901 165 41 ébranle
973 902 60 40 les
1064 902 99 39 ailes
1193 905 38 36 et
1260 901 90 40 finit
1371 904 130 38 même
1528 914 74 40 par

362 976 58 40 les
441 975 188 41 détacher
646 974 311 52 complètement
973 988 10 37 ;
1010 974 28 39 il
1059 977 61 37 est
1137 973 228 41 nécessaire
1395 973 47 41 de
1464 974 137 52 repré-

363 1052 136 36 senter
518 1048 156 52 chaque
694 1047 140 52 espèce
852 1058 73 41 par
938 1058 57 28 un
1013 1046 106 41 màle
1139 1049 39 37 et
1197 1058 81 28 une
1298 1046 158 41 femelle
1478 1058 122 29 mon-

361 1124 109 36 trant
498 1120 37 39 le
556 1119 157 48 dessus,
737 1123 37 36 et
802 1131 81 27 une
914 1118 175 41 seconde
1120 1119 112 52 paire
1266 1119 168 40 laissant
1453 1120 87 39 voir
1565 1120 36 39 le

361 1192 169 40 dessous
567 1191 101 40 dans
698 1191 59 40 les
790 1191 161 52 espèces
983 1203 52 27 ou
1070 1192 28 38 il
1132 1195 60 36 est
1224 1191 97 40 utile
1351 1191 48 40 de
1428 1190 87 42 voir
1544 1192 57 40 les

361 1263 103 41 deux
490 1263 125 49 côtés,
643 1275 158 29 comme
817 1263 58 41 les
898 1264 319 51 Polyommates,
1240 1264 57 39 les
1315 1263 188 49 Melitæa,
1521 1267 77 37 etc.

360 1336 76 39 Les
465 1334 213 52 étiquettes
710 1339 92 37 sont
830 1335 117 40 faites
977 1347 50 28 en
1056 1339 109 37 carte
1197 1336 134 40 mince
1352 1336 81 39 afin
1463 1336 48 39 de
1543 1336 57 40 les

359 1408 144 50 piquer
524 1417 96 29 avec
641 1418 78 28 une
738 1406 158 53 épingle
913 1415 44 31 n°
976 1410 25 38 6
1022 1419 50 29 ou
1091 1411 39 45 7,
1147 1412 38 35 et
1200 1410 170 50 pouvoir
1389 1408 58 39 les
1467 1408 134 52 placer

359 1479 24 39 à
402 1490 79 40 peu
510 1479 90 51 près
621 1480 23 38 à
662 1479 39 39 la
731 1482 130 37 même
890 1480 176 39 hauteur
1090 1491 79 39 que
1194 1480 59 39 les
1281 1479 200 52 papillons
1497 1494 10 36 ;
1540 1480 59 39 les

358 1550 214 50 étiquettes
594 1549 123 41 fixées
732 1562 51 28 au
804 1551 98 40 fond
916 1551 71 40 des
1003 1551 147 51 boîtes,
1168 1555 71 37 ont
1258 1551 36 41 le
1315 1563 120 39 grave
1456 1552 142 39 incon-

356 1621 162 41 ventent
539 1621 123 41 d'être
683 1627 172 35 souvent
875 1622 102 41 dans
998 1623 169 41 l'ombre
1188 1623 54 40 du
1262 1624 179 52 papillon
1463 1627 38 36 et
1526 1634 73 41 par

357 1694 104 39 suite
505 1693 180 41 difficiles
711 1695 24 39 à
755 1696 71 39 lire
840 1710 9 37 ;
879 1695 120 41 celles
1021 1700 162 47 portant
1211 1696 36 40 le
1269 1708 96 29 nom
1396 1695 47 40 de
1476 1707 122 39 genre

357 1764 170 41 devront
547 1768 81 38 être
643 1767 90 51 plus
752 1766 173 51 grandes
947 1771 38 36 et
1005 1766 145 42 écrites
1164 1780 50 28 en
1230 1769 90 51 plus
1342 1779 93 39 gros
1455 1779 140 29 carac-

355 1836 103 40 tères
489 1849 78 39 que
595 1839 120 39 celles
746 1839 216 53 indiquant
996 1837 37 43 le
1064 1852 97 28 nom
1192 1840 180 52 d'espèce
1391 1854 10 37 ;
1437 1840 28 38 il
1507 1851 90 28 sera

353 1907 94 41 bien
477 1911 110 38 aussi
622 1910 48 40 de
704 1910 100 41 fixer
835 1913 24 39 à
897 1912 158 51 chaque
1088 1912 159 52 épingle
1286 1912 41 41 la
1361 1912 160 41 localité
1558 1915 39 37 et

353 1987 159 43 l'année
532 2002 73 39 par
625 1993 196 50 exemple,
841 1984 138 72 ft-6-67,'
993 2007 105 40 pour
1123 1997 182 50 signifier
1324 1997 83 52 pris
1428 1997 23 39 à
1477 1997 115 39 Meu-

352 2068 96 50 don,
471 2071 36 39 le
544 2075 46 36 10
604 2072 93 51 juin
725 2076 112 38 1867.
862 2076 54 39 Ce
936 2082 93 35 sont
1058 2078 51 40 de
1141 2080 191 51 précieux
1352 2081 236 49 renseigne-

351 2147 146 44 ments,
512 2142 210 52 lorsqu'on
742 2144 131 42 désire
892 2149 240 41 rechercher
1147 2163 81 28 une
1248 2153 141 52 espèce
1409 2164 78 39 que
1507 2152 83 40 l'on

350 2224 24 28 a
389 2213 90 52 déjà
493 2215 121 52 prise.
