1756 3024
1037 400 49 7 —
1118 379 49 38 58
1206 401 43 5 -

528 478 142 44 trouvé
707 477 317 45 abondamment
1056 480 38 40 la
1124 479 194 41 Cleorcris
1346 480 217 50 viminalis,
1610 480 98 43 dont
1727 480 26 42 U

531 553 170 42 chenille
741 555 55 40 vit
826 566 66 28 sur
920 555 36 39 le
985 554 120 40 Saule
1134 564 189 29 marceau
1356 554 119 40 Sulix
1516 566 178 40 caprwa,
1729 568 20 27 e

532 627 250 51 quelquefois
835 627 128 48 aussi,
1017 626 103 40 mais
1164 626 211 52 beaucoup
1422 627 90 51 plus
1548 632 200 36 rarement

531 699 221 41 l'Orthosia
773 710 197 41 congener
1000 700 94 46 (var.
1119 697 48 41 de
1188 702 212 49 suspecta).

584 773 54 38 Le
664 772 159 52 Liparis
845 784 38 26 v.
906 773 166 48 nigrum
1096 769 102 42 éclot
1224 771 23 39 à
1275 771 37 38 la
1333 773 129 38 même
1484 771 156 53 époque
1669 772 76 40 dan

532 844 58 39 les
616 843 89 40 bois
725 856 57 27 un
807 855 78 40 peu
916 841 203 41 humides.
1144 844 53 37 Le
1217 842 104 40 mâle
1341 843 87 40 vole
1450 844 250 51 quelquefois
1721 856 32 28 e]

531 915 107 52 plein
663 917 96 50 jour
776 929 10 38 ;
824 915 102 40 mais
964 914 96 40 c'est
1089 914 332 53 principalement
1459 927 49 28 en
1545 915 158 41 battant
1735 916 10 39 1

532 993 115 36 tronc
670 988 69 41 des
760 989 150 40 tilleuls
941 988 123 52 qu'on
1086 992 93 49 peut
1201 1000 42 28 se
1264 988 36 40 le
1319 999 208 42 procurer.

586 1063 54 38 Le
663 1062 160 51 Liparis
853 1061 135 40 salicis
1010 1065 59 36 est
1097 1062 314 40 excessivement
1430 1072 190 30 commun
1641 1073 70 29 sur
1735 1062 11 40 1

532 1137 116 37 tronc
669 1133 70 40 des
761 1134 134 40 saules
916 1137 38 36 et
981 1132 70 41 des
1070 1134 215 51 peupliers.

589 1205 56 53 L'
645 1205 189 53 Hydrilla
854 1206 225 51 caliginosa
1095 1206 88 40 vole
1200 1205 182 53 pendant
1400 1206 37 40 le
1451 1205 94 53 jour
1563 1206 23 40 à
1600 1206 153 52 l'appro

533 1278 74 40 che
627 1277 54 41 du
705 1278 194 41 chasseur
920 1289 70 29 sur
1008 1278 57 40 les
1093 1278 171 50 longues
1283 1278 227 51 graminées
1527 1293 10 36 ;
1571 1279 74 39 elle
1667 1279 85 40 n'es

533 1361 72 41 pas
626 1360 90 31 rare
745 1349 102 41 dans
874 1350 58 40 les
961 1349 202 42 clairières
1193 1349 235 51 ombragées
1451 1350 48 40 de
1531 1350 40 39 la
1596 1351 101 39 forèt
1725 1351 24 39 d

536 1421 157 50 Sénart,
716 1423 105 40 ainsi
842 1434 77 40 que
942 1421 102 42 dans
1064 1423 58 40 les
1138 1421 90 42 bois
1249 1421 48 41 de
1318 1422 146 53 Fleury
1486 1427 39 36 et
1546 1422 48 40 de
1612 1423 136 40 Sainte

538 1494 233 42 Geneviève.

589 1569 76 38 Les
686 1567 205 42 Leucania
922 1578 154 31 comma
1106 1571 38 36 et
1166 1567 249 53 lythargiria
1434 1566 134 42 volent
1597 1578 50 29 en
1667 1566 86 53 pleii

530 1645 110 51 jour,
662 1643 40 40 la
720 1643 198 52 première
948 1643 100 40 dans
1070 1643 36 40 le
1127 1643 207 50 voisinage
1369 1641 69 42 des
1458 1653 136 29 mares
1623 1653 53 29 ou
1705 1641 48 41 de

536 1716 141 49 étangs
708 1719 40 36 et
769 1727 49 28 en
840 1714 159 52 général
1021 1714 100 41 dans
1153 1715 57 40 les
1241 1714 182 41 endroits
1444 1713 100 41 dont
1563 1715 36 39 le
1622 1714 59 40 sol
1716 1725 37 28 es

537 1787 213 49 tourbeux,
773 1788 38 39 la
833 1786 172 42 seconde
1032 1786 100 41 dans
1162 1787 57 40 les
1240 1787 200 40 clairières
1470 1786 70 41 des
1560 1787 89 39 bois
1671 1798 82 28 secs

592 1861 56 38 La
668 1860 195 40 Boorrnia
883 1860 224 40 lichenaria
1127 1858 193 42 s'attache
1345 1861 139 38 contre
1504 1859 36 39 le
1569 1862 116 37 tronc
1706 1858 47 40 de

539 1930 139 41 arbres
699 1934 159 38 revêtus
878 1931 49 42 de
946 1931 171 42 lichens.
1142 1933 56 38 La
1211 1930 221 41 Melanthia
1447 1930 224 40 albicillata
1692 1930 61 41 vol

539 2004 102 42 dans
672 2005 58 40 les
751 2006 202 41 clairières
973 2007 189 41 humides
1197 2006 100 42 dont
1331 2008 38 39 la
1399 2019 120 29 ronce
1540 2011 37 37 et
1596 2008 36 39 le
1651 2008 102 39 fram

539 2078 149 40 boisier
708 2078 177 41 forment
913 2079 38 40 la
970 2078 244 52 végétation.
1240 2080 86 40 Elle
1347 2079 105 41 n'est
1476 2091 71 40 pas
1568 2091 88 29 rare
1677 2080 76 40 dan

539 2151 36 39 le
598 2151 205 50 voisinage
825 2150 70 42 des
916 2152 144 48 Haras,
1082 2153 93 51 près
1197 2152 49 40 de
1268 2152 190 49 Meudon,
1482 2152 42 40 ni
1545 2151 103 41 dans
1675 2153 78 40 celi

540 2223 49 39 de
608 2216 295 57 l'Étang-Vert,
920 2223 92 52 près
1026 2223 49 41 de
1092 2224 194 42 Chàville.
1302 2224 57 41 La
1375 2224 219 54 Tephrosia
1614 2236 139 41 crépus

540 2297 157 39 cularia
719 2297 193 39 s'attache
944 2300 138 37 contre
1103 2297 36 40 le
1166 2302 119 37 tronc
1312 2298 69 41 des
1412 2298 153 48 arbres,
1597 2298 101 41 dans
1722 2300 31 40 le

541 2369 154 40 mêmes
727 2368 195 41 localités.
959 2370 76 39 Les
1073 2368 168 41 Cidaria
1275 2372 157 37 elutala
1467 2375 37 35 et
1536 2371 215 52 impluviat

541 2444 159 50 partent
724 2444 21 36 à
766 2440 231 54 l'approche
1017 2441 51 40 du
1093 2441 207 50 chasseur,
1330 2443 349 51 lorsque-celui-ci
1706 2444 47 52 pé

541 2514 111 41 nètre
690 2513 100 42 dans
827 2514 58 39 les
922 2513 88 42 bois
1050 2514 171 41 fourrés.
1262 2514 51 41 l'
1313 2514 208 41 llemitltca
1560 2516 192 53 thjmiari

546 2588 234 50 lœstivaria)
822 2588 104 39 aime
962 2587 59 40 les
1058 2587 201 42 clairières
1292 2599 56 29 un
1384 2600 76 41 peu
1501 2587 252 44 découvertes
