1728 2996
614 368 49 7 —
693 347 52 39 79
773 367 53 7 -

108 449 131 39 toutes
253 446 59 41 les
328 447 148 51 parties
491 459 173 39 grasses,
686 459 93 30 avec
801 447 47 40 de
868 447 185 40 l'essence
1067 446 46 41 de
1124 449 130 38 citron
1266 447 64 50 (1),

107 518 50 40 de
175 519 185 40 l'essence
391 520 49 39 de
473 519 273 41 térébenthine
783 519 190 49 rectifiée,
996 530 51 29 ou
1083 520 133 40 mieux
1237 520 96 40 bien

106 602 147 30 encore
284 602 95 30 avec
410 591 48 40 de
490 592 41 40 la
573 592 194 50 benzine,
814 592 115 53 après
965 592 97 51 quoi
1108 594 133 38 toutes
1273 592 58 40 les

101 664 152 51 parties
276 664 193 40 imbibées
498 664 105 40 ainsi
636 667 137 37 seront
793 667 252 37 recouvertes
1079 664 48 40 de
1152 667 105 37 terre
1283 664 49 40 de

106 735 265 51 Sommières;
381 737 271 49 vingt-quatre
667 747 53 28 ou
734 736 298 50 quarante-huit
1040 736 146 40 heures
1197 736 128 51 après,

105 817 55 29 on
187 807 181 48 frottera,
388 807 24 40 à
428 806 118 40 l'aide
578 806 98 40 d'un
704 807 174 52 pinceau
899 818 82 39 sec,
1004 807 35 39 le
1058 806 179 53 papillon
1253 818 77 39 que

104 880 103 38 cette
244 878 208 52 opération
484 889 99 29 aura
606 879 73 39 fait
715 879 159 39 revenir
895 879 23 39 à
939 891 75 28 son
1044 879 91 40 état.
1155 880 172 39 naturel.

106 951 109 38 Nous
235 952 234 50 ajouterons
489 950 220 52 cependant
730 950 96 51 qu'il
853 963 26 38 y
900 962 23 27 a
943 950 71 40 des
1035 953 163 49 espèces
1216 952 115 39 telle-

105 1027 109 35 ment
232 1024 167 50 sujettes
418 1024 24 39 à
459 1024 37 39 la
516 1024 165 48 graisse,
702 1034 77 39 que
797 1023 85 39 l'on
904 1025 60 37 est
984 1022 148 50 obligé,
1157 1034 51 28 au
1228 1024 100 39 bout

106 1093 48 41 de
174 1094 194 52 quelques
388 1096 119 46 mois,
531 1094 48 40 de
602 1096 59 38 les
683 1094 225 50 dégraisser
928 1094 50 40 de
997 1106 203 29 nouveau.

158 1165 105 41 Chez
282 1165 57 41 les
360 1166 162 52 espèces
550 1167 69 49 qui
640 1169 70 37 ont
737 1177 57 28 un
814 1178 92 38 gros
933 1166 218 49 abdomen,
1174 1178 158 29 comme

103 1238 58 39 les
188 1236 179 54 Sphinx,
390 1238 58 40 les
478 1238 201 51 Bombyx,
702 1238 58 40 les
793 1227 192 60 Écailles,
1021 1242 96 44 etc.,
1143 1239 28 39 il
1203 1240 130 39 arrive

104 1321 78 39 que
200 1310 59 39 les
281 1321 117 41 corps
417 1314 91 36 sont
529 1311 125 50 sujets
677 1310 20 39 à
718 1322 43 28 se
781 1308 143 53 briser,
947 1314 158 36 surtout
1124 1312 209 50 lorsqu'on

102 1380 163 54 déplace
294 1381 59 40 les
385 1381 128 41 boites
543 1393 53 28 ou
618 1382 123 50 qu'on
782 1381 165 53 expédie
976 1393 52 29 au
1062 1383 83 39 loin
1179 1384 58 38 les
1258 1394 75 40 pa-

104 1454 162 51 pillons.
290 1455 109 38 Pour
419 1454 137 40 obvier
576 1454 23 40 à
619 1459 62 35 cet
699 1454 298 49 inconvénient,
1013 1466 104 28 nous
1138 1455 192 50 indique-

101 1537 98 29 rons
211 1526 36 39 le
266 1537 146 40 moyen
433 1527 173 47 suivant,
625 1538 76 39 que
718 1538 103 28 nous
841 1538 125 29 avons
986 1528 77 39 mis
1078 1538 49 29 en
1146 1528 185 51 pratique

101 1608 96 30 avec
212 1597 142 41 succès
373 1597 142 53 depuis
532 1599 242 51 longtemps,
799 1603 37 36 et
856 1610 77 39 que
954 1610 103 29 nous
1072 1611 257 29 recomman-

104 1669 101 42 dons
227 1670 20 39 à
272 1676 93 34 tous
384 1671 57 39 les
462 1671 146 50 jeunes
628 1675 216 44 amateurs,
870 1671 81 39 afin
971 1672 98 50 qu'il
1100 1684 42 27 se
1161 1671 170 50 généra-

100 1741 73 41 lise
196 1757 9 25 :
235 1752 51 29 au
305 1753 147 40 moyen
473 1741 120 40 d'une
624 1740 163 52 aiguiile
805 1743 251 49 très-longue
1076 1747 37 35 et
1136 1744 195 47 très-fine,

103 1824 54 29 on
176 1813 197 39 introduit
392 1824 94 29 sous
506 1812 41 40 la
562 1816 94 46 tête,
679 1825 54 27 un
755 1813 40 40 fil
816 1817 124 47 qu'on
959 1815 72 38 fait
1053 1816 186 38 ressortir
1258 1827 73 40 par

100 1884 238 40 l'extrémité
353 1884 47 40 de
417 1884 244 52 l'abdomen,
682 1887 91 50 puis
792 1898 53 28 on
860 1898 126 41 coupe
1010 1899 43 28 ce
1069 1887 40 39 fil
1130 1899 76 28 aux
1225 1888 105 40 deux

102 1956 135 49 bouts,
259 1957 90 51 près
379 1956 48 41 de
446 1958 39 39 la
503 1961 79 37 tête
603 1962 38 36 et
672 1959 23 39 à
721 1958 235 41 l'extrémité
979 1958 54 40 du
1054 1971 130 41 corps.
1212 1961 54 39 Ce
1286 1960 42 40 fil

100 2030 70 50 qui
189 2033 177 38 tràverse
386 2029 102 41 ainsi
516 2032 37 39 le
584 2032 177 51 papillon
794 2032 101 40 dans
917 2037 110 35 toute
1046 2044 44 28 sa
1110 2033 213 49 longueur,

101 2112 51 29 ne
167 2113 43 28 se
228 2100 83 42 voit
324 2112 73 42 pas
412 2116 9 38 ;
443 2103 37 39 le
498 2104 179 51 papillon
695 2104 37 39 le
749 2114 239 29 conservera
1007 2103 100 40 dans
1125 2115 74 28 son
1220 2102 104 41 inté-

100 2176 124 46 rieur,
246 2185 50 29 en
317 2186 42 28 se
382 2174 254 49 desséchant,
657 2180 52 44 et,
731 2187 72 40 par
824 2187 43 28 ce
888 2187 146 40 moyen
1052 2175 94 40 bien
1166 2174 158 52 simple,

100 2246 36 39 le
157 2257 117 41 corps
306 2247 171 50 quelque
496 2251 143 48 pesant
665 2248 97 50 qu'il
795 2249 91 46 soit,
911 2259 42 27 se
978 2250 188 36 trouvera
1193 2246 135 41 désor-

101 2319 103 38 mais
234 2318 205 40 tellement
467 2319 125 40 soudé
627 2330 51 28 au
706 2319 181 49 corselet,
915 2319 204 50 qu'aucun
1148 2319 100 40 choc
1276 2332 51 28 ne

100 2399 149 40 pourra
269 2388 92 52 plus
379 2390 81 39 l'en
480 2390 203 41 détacher.

144 2490 44 39 (l}
207 2489 139 33 L'éther
365 2490 195 43 sulfurique
582 2493 77 40 peut
677 2492 182 41 également
882 2492 104 34 servir
1003 2493 20 33 à
1042 2495 50 33 cet
1112 2501 110 35 usage,
1244 2494 84 35 mais

100 2543 25 38 il
145 2544 96 47 oçère
260 2544 76 46 plus
356 2545 192 39 lentemellt"
