1800 2996
692 351 52 17 -
771 329 79 49 2i5
881 355 52 11 -

195 445 122 40 Ornée
337 441 97 41 d'un
454 438 68 43 œil
542 439 129 54 apical
692 442 172 39 souvent
877 435 170 55 géminé.
1073 431 241 45 Inférieures
1330 441 96 35 aVét.

194 527 81 29 une
304 513 131 42 bande
473 512 324 41 anté-terminale
825 521 56 31 un
915 520 78 43 peu
1012 508 91 54 plus
1134 507 121 41 claire
1279 518 78 42 que
1389 507 37 40 le

196 586 112 42 fond.
332 587 174 39 Dessous
527 584 70 42 des
615 583 236 42 inférieures
865 584 89 52 plus
973 582 116 41 clair.

251 658 199 40 Commun
477 656 100 41 dans
598 657 44 39 T.
684 656 38 40 la
760 657 43 38 F.
836 654 101 41 dans
968 653 57 41 les
1050 651 105 51 bois,
1190 664 50 28 en
1267 652 91 52 juin
1390 653 39 38 et

190 730 147 53 juillet.
363 728 181 41 Chenille
564 739 49 29 en
635 728 100 40 avril
755 732 38 36 et
814 728 81 39 mai
918 738 69 29 sur
1007 726 58 41 les
1085 723 240 54 graminées.

200 825 93 41 Var.
317 824 208 53 Hispulla,
548 824 75 40 Hb.

251 915 95 39 Plus
375 913 142 51 grand,
553 925 95 29 avec
669 914 36 39 le
738 912 169 42 dessous
937 912 91 54 plus
1042 911 189 53 jaunâtre
1252 914 37 37 et
1317 922 105 29 mar-

199 986 102 52 quée
320 986 36 40 le
376 986 90 52 plus
485 989 170 37 souvent
674 984 49 42 de
744 989 140 48 quatre
902 985 149 52 points.

258 1057 34 57 Y
322 1058 95 53 plus
436 1056 166 52 grande,
624 1069 95 30 avec
739 1058 35 40 le
807 1057 142 51 disque
970 1057 70 40 des
1060 1056 254 53 supérieures
1335 1058 38 38 et
1392 1055 39 40 la

198 1130 131 41 bande
350 1129 70 41 des
441 1130 238 40 inférieures
694 1130 263 40 entièrement
977 1130 130 40 fauve.

253 1203 151 39 France
419 1201 100 40 mér.
541 1213 50 29 en
607 1203 97 39 niai.
729 1202 61 40 On
805 1202 126 52 prend
951 1201 252 53 quelquefois
1224 1204 101 37 cette
1345 1211 83 30 var.

200 1285 78 30 aux
298 1274 188 41 environs
506 1273 50 41 de
583 1274 128 48 Paris,
734 1274 104 40 mais
869 1272 77 42 elle
980 1274 69 52 n'y
1086 1277 60 38 est
1169 1272 150 54 jamais
1336 1271 95 40 bien

204 1345 191 42 tranchée
411 1360 11 38 -,
452 1357 103 30 nous
579 1345 150 42 l'avons
745 1346 106 53 prise
870 1346 24 40 à
913 1346 331 41 Fontainebleau.

203 1446 85 46 IDA,
306 1444 96 51 Esp.
424 1442 103 42 God.

261 1533 94 42 34m.
380 1532 107 41 Ailes
506 1533 153 48 fauves,
679 1544 94 29 avec
794 1543 80 30 une
899 1530 178 43 bordure
1097 1536 39 36 et
1166 1532 39 40 la
1224 1535 88 38 côte
1331 1532 100 40 bru-

203 1616 72 30 nes
290 1619 11 37 ;
326 1603 254 53 supérieures
598 1615 96 30 avec
723 1616 79 29 une
822 1605 118 40 tache
972 1605 128 41 brune
1120 1616 70 29 sur
1215 1605 36 40 le
1271 1604 158 53 disque,

199 1676 177 50 oblique,
411 1679 161 49 partant
609 1676 53 40 du
687 1676 102 42 bord
819 1678 172 50 interne,
1024 1676 151 53 coupée
1207 1676 225 41 carrément

201 1758 51 29 au
271 1752 174 35 sommet
463 1752 38 35 et
519 1746 149 42 divisée
687 1759 72 41 par
777 1748 58 40 les
859 1759 206 36 nervures,
1082 1752 39 36 et
1140 1760 55 28 un
1215 1749 66 40 œil
1302 1749 130 51 apical

202 1819 92 40 noir
310 1819 208 53 bipupillé.
542 1821 177 39 Dessous
751 1819 71 42 des
856 1820 255 53 supérieures
1145 1832 94 28 sans
1258 1820 38 40 la
1315 1820 117 42 tache

203 1891 235 40 discoïdale.
462 1892 176 39 Dessous
657 1891 71 41 des
757 1891 237 41 inférieures
1015 1892 97 40 d'un
1132 1892 81 52 gris
1230 1892 204 41 nébuleux

202 1974 95 28 avec
317 1964 39 38 la
376 1963 105 49 ligne
507 1962 185 41 médiane
712 1963 167 49 coudée,
901 1964 169 40 éclairée
1093 1964 49 40 de
1176 1965 81 50 gris
1273 1979 10 37 ;
1323 1965 108 49 ligne

202 2034 321 44 anté-terminale
542 2046 76 41 peu
640 2035 187 41 sensible.

264 2105 35 56 Y
325 2107 91 52 plus
436 2106 167 51 grande,
626 2108 91 51 plus
736 2108 121 40 claire
879 2111 40 38 et
949 2119 95 29 sans
1072 2108 117 41 tache
1210 2107 220 41 discoïdale

202 2190 70 28 sur
289 2179 59 40 les
376 2178 269 54 supérieures.
669 2179 180 41 Chenille
879 2191 51 29 en
963 2180 99 41 avril
1082 2184 39 36 et
1153 2181 81 38 mai
1266 2191 71 28 sur
1372 2179 59 41 les

202 2250 239 52 graminées.
464 2251 94 39 Midi
578 2250 49 42 de
646 2251 39 40 la
715 2252 168 51 France,
903 2254 220 46 Provence,
1148 2252 214 50 Garrigues
1382 2250 49 41 de

204 2323 264 52 Montpellier.
490 2324 61 38 En
565 2323 106 51 juin,
687 2334 73 42 pas
779 2334 106 30 rare.

202 2421 243 46 TITIIONIUS,
468 2420 46 39 L.
537 2418 102 41 God.

258 2518 94 40 37m.
392 2515 106 41 Ailes
534 2515 139 40 fauves
709 2514 170 42 bordées
921 2514 49 42 de
1010 2515 117 42 brun.
1169 2516 263 55 Supérieures
