1768 3012
920 350 51 7 —
1004 330 52 38 50
1087 351 48 5 —

971 376 12 15 \

415 425 179 41 diverses
613 427 149 52 parties
782 426 74 41 des
884 426 91 42 bois
995 426 50 41 de
1068 425 178 51 Meudon,
1246 425 67 51 d
1343 431 132 37 mêTie
1495 439 50 28 au
1563 427 90 42 bois

416 498 50 41 de
484 498 222 51 Boulogne.
740 498 86 40 Elle
852 498 88 42 vole
972 510 51 29 en
1051 499 165 52 planant
1247 511 162 29 comme
1438 501 135 38 toutes
1595 499 57 40 les

416 571 265 52 Nymphales,
703 570 142 53 depuis
865 571 90 40 huit
972 571 151 40 henres
1142 571 54 41 du
1220 572 129 40 matin
1368 572 163 51 jusqu'à
1558 583 95 29 onze

416 642 163 49 heures,
604 646 39 37 et
664 643 74 40 elle
773 646 177 50 reparaît
970 644 257 51 quelquefois
1248 643 137 52 quand
1413 643 37 41 le
1478 647 132 49 temps
1631 655 23 28 a

417 714 62 41 été
499 715 261 49 très-chaud,
783 727 88 29 vers
895 716 58 40 les
976 717 99 39 trois
1106 716 145 45 heures
1282 720 38 36 et
1336 716 136 39 demie
1492 715 50 42 de
1574 716 75 40 l'a-

417 787 232 53 près-midi.
675 788 86 40 Elle
776 799 43 29 se
843 800 141 41 repose
1005 800 171 40 presque
1196 791 184 50 toujours
1402 800 68 29 sur
1489 789 57 40 les
1567 798 87 31 ma-

419 861 124 39 tières
573 859 359 48 excrémentielles,
968 861 372 52 particulièrement
1368 872 74 29 sur
1460 861 37 39 la
1534 860 120 40 fienle

419 934 71 40 des
509 935 204 40 bestiaux.
736 935 61 39 En
818 937 129 37 même
968 939 131 48 temps
1118 946 77 40 que
1224 935 37 39 la
1281 935 227 52 Nymphate
1527 934 127 51 grand

420 1005 173 53 sylvain,
615 1007 38 39 la
676 1006 144 41 Thecla
832 1009 144 49 pmni,
1000 1018 42 30 se
1057 1011 158 38 montre
1245 1007 101 40 dans
1364 1008 59 39 les
1456 1006 199 42 clairières

420 1078 50 40 de
487 1079 38 39 la
544 1079 102 39 forêt
677 1077 48 41 de
744 1078 157 53 Bondy,
923 1080 59 39 où
1003 1080 200 39 croissent
1222 1080 66 40 le¡;.
1303 1079 253 52 prunelliers.
1579 1080 78 40 Les

422 1162 150 41 coupes
610 1150 234 53 fréquentes
879 1151 123 52 qu'on
1040 1163 24 29 a
1093 1152 119 41 faites
1239 1151 102 45 dans
1392 1154 104 38 cette
1534 1151 120 48 forêt,

414 1224 155 51 jointes
590 1234 80 30 aux
683 1223 314 51 investigations
1016 1224 265 42 nombreuses
1305 1224 72 43 des
1391 1225 144 51 jeunes
1549 1235 109 29 ama-

421 1300 132 48 teurs,
570 1298 72 38 ont
655 1294 130 42 rendu
805 1299 104 37 cette
928 1297 142 52 espèce
1091 1307 110 30 assez
1221 1308 104 38 rare,
1360 1296 49 40 de
1444 1307 215 29 commune

423 1368 148 51 qu'elle
591 1368 97 41 était
705 1367 122 53 jadis.
861 1369 75 39 Les
956 1369 201 41 clairières
1181 1368 147 42 situées
1358 1371 112 39 entre
1489 1367 167 47 la.Pou-

428 1440 128 40 drette
585 1444 39 37 et
642 1441 36 39 le
697 1444 101 48 pont
817 1440 71 42 des
926 1441 256 49 Six-Routes,
1223 1441 53 41 du
1296 1440 90 41 côté
1416 1441 154 50 gauche
1604 1440 54 42 du

424 1514 130 46 canal,
578 1524 50 29 en
648 1516 152 37 venant
829 1512 50 40 de
909 1514 128 48 Paris,
1074 1517 92 37 sont
1186 1525 148 29 encore
1352 1513 59 43 les
1429 1513 229 43 meilleures

421 1584 182 42 localités
625 1596 102 42 pour
747 1584 172 53 prendre
940 1597 45 28 ee
1005 1586 290 52 Polyommate.

482 1657 390 53 Indépendamment
900 1657 48 41 de
970 1658 38 40 la
1037 1658 161 52 plupart
1215 1657 72 41 des
1308 1657 245 42 Noctuélites
1583 1669 77 40 que

424 1742 104 29 nous
551 1741 124 30 avons
690 1730 35 39 si
736 1728 162 52 gnalées
913 1733 88 38 tout
1012 1730 23 40 à
1053 1730 174 49 l'heure,
1240 1730 161 51 Lorsqu-
1415 1741 104 30 noua
1537 1741 125 30 avons

427 1801 235 42 mentionné
701 1804 54 39 les
790 1802 161 52 espèces
974 1803 70 50 qui
1077 1803 227 52 paraissent
1322 1802 100 40 dans
1438 1802 39 43 le
1494 1813 170 41 passage

426 1875 56 40 du
502 1876 105 40 mois
622 1875 50 40 de
695 1875 82 40 mai
797 1886 51 29 au
863 1875 105 40 mois
984 1874 170 53 de-juin,
1176 1876 58 39 les
1255 1873 67 46 dix
1341 1875 194 51 premiers
1546 1875 118 51 jours

429 1947 48 42 de
499 1959 44 29 ce
564 1947 159 41 dernier
750 1948 106 39 mois
878 1947 189 40 amènent
1092 1946 209 42 l'éclosion
1333 1946 119 47 d'une
1488 1947 109 40 foule
1607 1946 57 41 de

428 2019 300 53 Lépidoptères.
767 2020 139 40 Citons
944 2018 166 42 d'abord
1147 2020 37 39 le
1216 2018 228 54 Deilephila
1463 2019 199 52 porcellur,

428 2092 124 52 qu'on
572 2097 140 39 trouve
732 2091 49 42 de
801 2096 134 48 temps
957 2093 24 39 à
1003 2095 136 37 autres
1154 2092 101 40 dans
1274 2093 56 40 les
1344 2092 168 52 prairies
1533 2103 52 29 ou
1607 2092 57 40 les

430 2164 202 40 clairières
646 2163 188 41 humides
846 2163 70 41 des
931 2163 89 41 bois
1035 2163 206 43 abondant
1255 2175 49 29 en
1325 2163 115 42 caille
1455 2162 69 41 lait
1537 2164 126 51 jaune

428 2236 187 52 (Galmm
642 2240 171 48 verum).
856 2235 41 41 Si
918 2236 81 40 l'on
1030 2248 118 41 passe
1173 2248 79 29 aux
1284 2235 244 49 Phalénites,
1560 2239 103 37 cette

430 2309 156 53 époque
613 2314 60 35 est
693 2309 203 42 favorable
916 2309 24 40 à
959 2308 211 41 l'éclosion
1190 2309 48 40 de
1257 2309 202 53 plusieurs
1478 2308 181 53 espèces,

428 2382 131 52 parmi
578 2382 216 51 lesquelles
812 2393 105 29 nous
935 2382 174 40 citerons
1129 2382 40 40 la
1183 2382 234 40 charmante
1436 2380 226 42 Melanthia

429 2455 242 52 procellata,
698 2455 124 50 qu'on
854 2459 141 36 trouve
1015 2453 48 41 de
1090 2456 130 50 temps
1241 2465 50 29 en
1317 2458 141 48 temps-
1475 2453 100 43 dans
1604 2454 57 39 les

434 2527 159 40 massifs
613 2527 183 40 sombres
819 2531 38 37 et
883 2527 266 50 marécageux
1177 2526 47 40 de
1240 2527 172 40 certains
1433 2526 107 60 bois.
1560 2525 99 42 dans
