1696 3024
892 408 53 5 —
978 386 73 40 104
1078 408 55 7 —

391 488 272 52 pisciformes,
681 486 219 41 terminées
921 497 74 41 par
1011 486 105 41 deux
1133 487 158 52 pointes
1312 487 136 41 anales
1465 486 92 53 plus
1575 498 54 29 ou

392 561 136 39 moins
549 560 220 40 saillantes.
788 561 94 38 Tête
897 560 133 39 tantôt
1047 559 203 49 arrondie,
1266 561 130 38 tantôt
1410 558 220 42 échancrée

393 647 53 28 ou
476 634 136 40 bifide.
646 632 259 54 Chrysalides
939 632 286 53 cylindroïdes,
1258 644 78 41 peu
1369 633 257 50 anguleuses.

447 720 41 26 cc
504 729 50 6 —
570 708 83 38 Ins.
676 706 103 52 parf.
810 706 143 51 Palpes
973 704 259 54 rapprochés,
1257 704 255 51 ascendants,
1525 705 106 41 très-

393 778 179 41 hérissés
600 778 50 40 de
679 776 105 54 poils
819 789 53 28 ou
900 777 164 41 barbus.
1104 777 123 53 Corps
1257 776 237 42 médiocres.
1523 777 109 41 Ailes

393 852 318 40 médiocrement
724 850 201 49 robustes,
943 850 103 41 bord
1061 849 233 42 abdominal
1311 850 69 41 des
1394 849 237 44 inférieures

392 924 180 40 formant
582 934 82 29 une
683 923 197 50 gouttière
907 922 354 54 très-prononcée;
1284 923 142 40 cellule
1448 924 182 51 toujours

393 996 170 52 fermée;
601 1007 192 30 nervures
823 995 71 41 des
937 996 97 40 ailes
1073 996 253 52 supérieures
1353 995 279 42 très-souvent

394 1068 166 41 dilatées
581 1069 24 40 à
622 1069 89 40 leur
731 1070 170 50 origine.
930 1093 50 6 —
1003 1068 218 54 Satyridæ.

449 1166 52 29 aa
521 1176 47 7 —
592 1156 149 47 Quatre
773 1159 131 48 pattes
936 1156 289 41 ambulatoires
1250 1156 100 41 dans
1368 1157 37 40 le
1426 1157 122 49 mâle,
1568 1158 62 39 six

395 1227 102 40 dans
517 1228 38 39 la
573 1228 174 39 femelle.
772 1228 203 41 Chenilles
996 1228 221 52 allongées.

450 1300 73 39 bbb
548 1322 42 7 —
617 1300 203 41 Chenilles
841 1312 95 29 sans
961 1300 153 53 épines,
1137 1301 248 51 légèrement
1400 1304 230 52 puhescen-

396 1376 74 44 tes,
491 1372 300 41 très-finement
807 1373 250 51 chagrinées.
1081 1374 256 53 Chrysalides
1371 1387 112 30 assez
1509 1388 120 30 cour-

396 1448 75 45 tes,
493 1456 79 41 peu
595 1446 258 50 anguleuses.

452 1531 63 26 ccc
534 1541 52 6 —
615 1521 81 40 Ins.
733 1520 104 51 parf.
884 1521 143 52 Palpes
1067 1522 238 49 très-longs,
1339 1524 203 51 contigus,
1581 1536 51 29 eit

396 1592 131 39 forme
549 1592 49 40 de
617 1592 89 49 bec,
728 1592 213 52 parallèles
962 1594 23 39 à
1010 1594 103 40 l'axe
1134 1593 52 41 du
1217 1606 131 41 corps.
1369 1596 110 40 Ailes
1498 1607 133 40 angu-

395 1664 133 40 leuses
565 1675 111 29 assez
712 1664 187 41 robustes
917 1678 10 36 ;
966 1665 143 42 cellule
1149 1666 70 41 d'es
1268 1667 95 40 ailes
1393 1667 239 42 inférieures

397 1739 178 38 ouverte.
597 1761 53 5 —
671 1737 238 52 Libythidœ.

708 1852 324 42 Troisième
1090 1855 237 41 Section

886 1957 265 41 INVOLUT1.

453 2058 29 41 C
508 2082 54 5 —
577 2060 209 40 Antennes
805 2059 178 41 écartées
1004 2060 24 40 à
1041 2061 89 39 leur
1148 2061 112 42 base.

452 2144 25 27 a
496 2155 54 5 —
576 2131 69 41 Six
670 2136 132 49 pattes
832 2133 289 41 ambulatoires
1154 2133 101 42 dans
1284 2135 55 42 les
1360 2136 104 42 deux
1496 2150 132 31 sexes.

398 2204 205 41 Chenilles
622 2206 24 39 à
663 2206 64 40 col
747 2205 197 51 étranglé.

451 2279 22 38 b
484 2301 52 6 —
553 2279 202 40 Chenilles
771 2278 274 53 cylindriques
1064 2292 95 28 sans
1171 2280 152 54 épines,
1337 2287 123 48 ayant
1474 2285 58 40 les
1547 2297 87 41 pre-

398 2352 124 39 miers
541 2363 188 29 anneaux
748 2353 171 39 amincis
934 2356 38 36 et
990 2353 40 39 la
1048 2355 77 38 tête
1141 2353 298 44 très-saillante.
1459 2357 178 53 Chrysa-

396 2423 103 40 lides
544 2423 278 52 cylindroïdes
840 2457 10 17 ,
889 2425 232 51 allongées,
1162 2429 22 37 à
1220 2428 117 51 peine
1371 2431 259 49 anguleuses,

451 2508 20 26 c
494 2518 48 6 —
571 2497 82 38 Ins.
684 2497 106 52 parf.
828 2498 96 40 Tête
957 2499 124 50 large,
1113 2500 284 44 transversale.
1425 2503 209 42 Antennes

400 2572 171 37 souvent
589 2569 218 42 terminées
825 2583 74 43 par
925 2584 56 30 un
1002 2572 164 42 crochet
1180 2584 52 31 ou
1252 2572 215 53 hameçon.
1490 2577 143 53 Palpes
