1704 2996
629 307 53 8 -
711 288 50 40 95
790 307 52 8 —

126 377 53 44 du
198 379 102 42 froid
318 384 37 37 et
368 380 46 41 de
427 380 244 42 l'humidité.
689 382 176 53 [Liparis
878 380 166 56 Dispar,
1058 379 189 54 Auriflua
1268 384 90 49 etc.)

180 455 55 38 La
260 455 158 51 plupart
447 454 69 40 des
545 455 308 52 Rhopalocères,
886 456 69 40 des
989 456 262 50 Noctuélites,
1284 456 71 39 des

132 524 257 53 Sphingides,
424 526 69 40 des
526 526 245 50 Géomètres,
802 540 51 28 ne
885 528 193 53 déposent
1112 528 126 51 qu'un
1273 521 87 47 seul

129 599 84 38 œuf
229 599 22 38 à
265 599 36 38 la
322 599 75 39 fois
418 611 69 27 sur
506 600 57 39 les
583 600 156 51 plantes
760 612 52 28 ou
828 601 55 40 les
907 601 112 50 tiges.

182 672 318 39 Contrairement
516 672 23 39 à
555 671 195 52 l'opinion
770 673 177 50 vulgaire
967 674 68 50 qui
1048 672 168 53 prétend
1233 672 125 51 qu'un

128 741 111 41 hiver
259 744 214 48 rigoureux
494 747 67 36 tue
580 744 58 39 les
665 742 188 51 insectes,
876 757 104 28 nous
1000 744 151 41 devons
1171 744 85 41 dire
1282 756 77 39 que

127 815 37 39 la
176 815 148 39 vitalité
341 815 70 40 des
423 816 101 40 œufs
538 820 59 36 est
612 817 32 39 si
658 816 152 50 grande
823 818 120 50 qu'ils
957 820 173 49 peuvent
1145 820 214 49 supporter

125 898 79 27 une
237 887 267 52 température
524 887 50 41 de
594 891 51 37 50
666 900 51 28 ou
738 891 69 37 60°
829 892 105 37 cent.
958 888 216 41 au-dessus
1195 900 53 28 ou
1282 900 76 28 au-

128 958 168 40 dessous
313 959 48 40 de
376 959 103 49 zéro,
494 971 94 29 sans
604 972 76 39 que
689 972 103 41 pour
805 962 86 38 cela
904 962 34 38 le
953 972 136 39 germe
1101 959 78 42 soit
1193 960 161 40 détruit.

184 1033 55 39 La
263 1043 127 39 coque
422 1032 48 40 de
504 1032 115 40 l'œuf
642 1036 59 36 est
727 1033 119 40 d'une
880 1034 253 40 consistance
1161 1032 128 41 solide
1320 1037 39 36 et

129 1115 154 28 comme
306 1104 142 40 cornée
463 1118 9 38 ;
492 1116 51 28 au
562 1110 180 35 moment
761 1106 48 40 de
829 1105 219 52 l'éclosion,
1064 1106 38 39 la
1121 1106 123 51 petite
1262 1105 97 41 che-

129 1176 95 40 nille
240 1187 125 41 coupe
382 1177 38 40 la
440 1188 127 40 coque
582 1178 326 40 circulairement
925 1189 95 30 avec
1036 1189 63 29 ses
1113 1177 244 48 mâchoires,

131 1249 49 40 de
201 1251 177 41 manière
408 1264 78 38 que
515 1252 37 40 le
582 1252 142 41 dessus
756 1254 129 40 forme
910 1265 81 29 une
1019 1254 140 52 espèce
1180 1252 49 41 de
1257 1264 101 29 cou-

130 1321 130 43 vercle
280 1323 143 51 qu'elle
442 1324 67 40 n'a
528 1325 94 51 qu'à
643 1326 183 41 soulever
839 1337 104 42 pour
959 1327 120 40 sortir
1099 1325 109 51 (Bdv.
1227 1327 128 49 Gen.).

517 1532 108 42 ÉTAT
646 1538 55 36 DE
726 1540 253 35 CHENILLES.

184 1686 31 40 A
246 1685 38 42 la
316 1687 121 42 sortie
469 1688 48 41 de
548 1689 127 52 l'œuf,
700 1690 58 39 les
783 1688 147 54 petites
957 1690 192 41 chenilles
1182 1693 71 38 ont
1280 1702 80 28 une

131 1760 126 40 forme
276 1761 89 51 plus
381 1773 49 27 ou
448 1759 132 43 moins
597 1761 180 51 allongée
796 1766 39 36 et
853 1762 268 52 cylindrique,
1140 1762 86 41 leur
1242 1775 118 41 corps

133 1844 42 27 se
195 1844 186 40 compose
403 1833 48 40 de
473 1834 124 40 douze
617 1841 200 44 segments
846 1847 50 28 ou
919 1847 199 38 anneaux,
1142 1836 120 40 d'une
1283 1838 77 38 tête

133 1904 188 49 luisante,
343 1905 227 52 écailleuse,
594 1906 48 40 de
663 1908 104 39 seize
787 1912 128 48 pattes
936 1920 51 29 au
1007 1909 105 52 plus,
1135 1913 38 36 et
1201 1920 52 28 au
1278 1909 79 39 mi-

133 1975 157 41 nimum
306 1977 48 40 de
371 1977 82 39 dix.

187 2051 57 37 La
265 2052 77 37 tête
376 2054 58 35 est
455 2049 151 41 formée
627 2049 48 41 de
697 2050 103 40 deux
834 2052 166 40 calottes
1030 2052 48 41 de
1109 2052 252 42 consistance

134 2121 160 47 cornée,
315 2121 97 40 dont
432 2122 56 39 les
510 2122 107 40 faces
639 2122 146 41 offrent
801 2123 50 40 de
871 2123 156 52 chaque
1046 2124 86 40 côté
1156 2125 70 40 des
1242 2126 120 50 petits

133 2193 134 50 points
295 2193 110 39 noirs
437 2194 196 49 saillants,
654 2195 91 51 plus
778 2207 54 28 ou
861 2196 135 39 moins
1027 2195 201 49 distincts,
1251 2208 108 28 sem-

132 2264 151 40 blables
314 2266 23 38 à
365 2266 71 39 des
456 2278 104 40 yeux
585 2265 131 50 lisses,
742 2268 101 39 mais
864 2269 68 49 qui
961 2279 50 29 ne
1035 2270 225 50 paraissent
1287 2281 72 40 pas

134 2338 124 38 servir
280 2340 20 35 à
322 2338 37 38 la
386 2339 143 39 vision.
559 2341 56 37 La
645 2339 157 41 bouche
836 2340 314 41 très-différente
1182 2341 48 40 de
1265 2343 97 39 celle

135 2407 48 40 de
219 2409 178 40 l'insecte
431 2411 170 50 parfait,
636 2412 216 40 ressemble
889 2413 23 39 à
951 2413 96 40 celle
1087 2413 70 40 des
1188 2415 172 39 insectes

133 2478 218 55 broyeurs;
388 2481 73 41 elle
494 2495 42 28 se
568 2495 190 42 compose
792 2483 47 41 de
874 2484 100 41 deux
1008 2485 270 51 mandibules,
1311 2486 50 41 de
