1728 2996
671 329 47 7 —
754 308 76 39 125
859 328 53 7 —

171 423 79 40 peu
270 410 241 50 changeant.
532 410 174 40 Dessous
723 408 93 40 d'un
838 408 81 51 gris
934 406 127 42 satiné
1080 419 97 29 avec
1196 419 82 29 une
1293 408 109 50 ligne

170 483 170 41 blanche
373 482 219 41 onduleuse
626 485 38 37 et
701 481 104 40 deux
840 480 136 40 taches
1011 491 164 29 rousses
1202 480 24 39 à
1260 480 146 49 l'angle

173 557 171 47 interne,
367 555 97 40 dont
480 554 109 40 l'une
610 553 186 41 arrondie
817 552 171 52 pupillée
1008 551 48 42 de
1076 553 106 47 noir,
1205 556 39 36 et
1259 552 146 40 l'autre

173 628 236 51 s'appuyant
448 627 23 39 à
495 626 147 50 l'angle
671 626 105 48 anal,
810 629 38 37 et
868 637 41 29 se
929 624 268 53 prolongeant
1211 624 195 52 jusqu'au

172 700 102 40 bord
299 699 172 40 interne.

234 771 34 55 9
306 772 103 39 D'un
445 771 104 39 brun
588 771 89 39 noir
714 782 95 29 avec
848 782 80 29 une
965 770 109 50 large
1111 768 117 40 tache
1268 768 138 49 bleue,

172 844 208 47 brillante,
414 842 217 42 échancrée
664 843 22 39 à
724 843 39 39 la
798 843 248 40 bifurcation
1075 841 49 41 de
1161 843 38 38 la
1234 852 172 29 nervure

175 916 202 40 médiane.

229 988 182 41 Chenille
433 1000 48 28 en
497 989 92 51 juin
611 999 69 28 sur
694 988 36 39 le
752 988 141 40 chêne.

230 1064 126 39 Toute
375 1063 38 39 la
434 1063 63 48 F.,
521 1073 189 29 commun
725 1060 101 41 dans
846 1061 59 40 les
924 1060 89 41 bois
1031 1072 49 29 en
1093 1060 92 52 juin
1205 1063 38 37 et
1257 1059 147 54 juillet.

176 1162 122 46 RuB!,
323 1162 44 38 L.
393 1160 70 49 (Pl.
488 1160 39 47 5,
550 1157 68 52 fig.
641 1160 52 46 3).

228 1259 96 37 2Sffi.
355 1255 109 40 Ailes
489 1254 96 40 d'un
605 1254 105 39 brun
731 1263 54 30 un
809 1264 78 41 peu
908 1253 173 51 luisant;
1114 1253 102 40 bord
1247 1256 163 37 externe

178 1328 70 39 des
274 1327 236 40 inférieures
531 1326 241 50 légèrement
793 1324 133 52 denté,
949 1337 95 29 avec
1070 1337 55 28 un
1142 1326 115 51 point
1277 1325 129 50 ovale,

179 1400 97 39 d'un
306 1400 104 39 brun
441 1403 113 36 terne
586 1399 23 38 à
641 1398 38 39 la
709 1401 86 37 côte
829 1397 68 40 des
928 1397 276 52 supérieures;
1239 1398 169 40 dessous

177 1471 95 39 d'un
320 1471 103 39 beau
463 1473 84 37 vert
578 1481 94 29 avec
715 1481 81 28 une
829 1469 108 51 ligne
964 1470 186 48 blanche,
1188 1470 219 39 interrom-

178 1557 94 41 pue.

239 1617 33 56 9
302 1617 244 48 Semblable,
577 1617 103 40 mais
708 1615 231 54 dépourvue
957 1616 55 40 du
1042 1617 114 51 point
1187 1617 105 39 brun
1323 1619 20 37 à
1374 1617 39 39 la

177 1692 87 37 côte
285 1689 71 40 des
377 1690 273 51 supérieures.

235 1761 179 40 Chenille
435 1773 50 28 en
506 1762 134 51 juillet
666 1765 38 35 et
735 1764 111 44 août,
876 1773 69 27 sur
968 1761 38 39 la
1026 1772 135 37 ronce,
1184 1761 36 39 le
1240 1764 118 47 genet
1387 1761 24 40 à

178 1834 143 48 balais,
348 1838 76 36 etc.
447 1834 201 40 Commun
669 1833 101 40 dans
796 1833 58 40 les
873 1833 90 40 bois
991 1833 49 41 de
1062 1837 109 37 toute
1195 1832 38 40 la
1256 1834 153 40 France

181 1917 49 30 en
252 1917 121 37 mars,
396 1906 98 41 avril
515 1910 38 36 et
579 1906 95 40 mai.

553 2114 119 35 Genre
696 2115 344 35 POLYOMMATUS.

236 2269 204 39 Antennes
459 2268 184 50 longues,
665 2267 216 41 terminées
901 2279 73 40 par
993 2279 79 28 une
1096 2279 160 28 massue
1278 2273 138 35 courte

183 2342 89 51 plus
284 2341 153 51 épaisse
452 2352 78 39 que
547 2340 100 39 dans
662 2340 36 39 le
712 2351 120 39 genre
844 2339 231 53 précédent;
1093 2340 137 52 palpes
1244 2351 172 40 presque

185 2413 141 46 droits,
342 2413 36 39 le
397 2412 158 40 dernier
570 2412 153 47 article,
742 2423 70 36 nu,
835 2412 96 49 long
952 2415 37 36 et
1010 2411 165 50 subulé;
1197 2412 100 40 bord
1319 2423 96 41 pos-

186 2484 149 43 térieur
354 2484 69 41 des
449 2482 198 43 secondes
667 2484 98 40 ailes
781 2483 195 54 prolongé
996 2484 22 39 à
1038 2483 146 54 l'angle
1203 2485 90 39 anal
1314 2484 102 41 dans
