1744 3036
1027 390 52 13 —
1107 372 54 43 94
1189 391 53 13 -

512 479 106 48 ture,
643 488 51 30 en
715 474 128 44 forme
872 475 49 43 de
952 475 107 43 fente
1078 476 309 52 longitudinale,
1411 483 162 37 servant
1603 475 138 47 d'issue

514 562 77 28 aux
613 561 171 40 organes
805 549 313 53 reproducteurs
1140 554 38 36 et
1197 562 51 28 au
1270 552 115 39 canal
1401 552 220 40 intestinal.
1638 553 96 39 L'ab

514 621 149 42 domen
687 626 61 38 est
778 634 50 29 en
849 622 159 51 général
1036 634 76 41 peu
1143 623 219 53 important
1392 636 104 41 pour
1518 624 39 40 la
1576 625 165 40 classifi-

513 696 135 39 cation
665 709 10 38 ;
693 707 42 28 sa
752 696 169 40 couleur
943 694 100 41 dans
1059 696 39 39 la
1114 696 160 56 plupart
1296 696 69 40 des
1384 698 158 42 Noctua
1557 698 184 51 particip(

513 766 49 41 de
584 767 97 40 celle
701 766 71 40 des
792 767 98 40 ailes
910 766 254 50 inférieures,
1187 768 95 40 chez
1312 768 58 40 les
1397 770 214 52 Euprepiaï
1646 769 26 39 il
1694 781 47 29 es:

514 838 96 42 orné
630 839 49 40 de
710 839 187 40 couleurs
930 840 110 39 aussi
1061 838 208 42 brillantes
1291 852 78 39 que
1400 841 121 40 celles
1539 840 70 41 des
1636 842 98 39 ailes

515 909 106 40 Chez
639 909 58 40 les
714 907 298 56 Rhopalocères
1034 922 44 29 sa
1092 910 167 42 couleur
1278 916 60 36 est
1353 917 169 36 souvent
1536 914 91 51 plus
1648 925 88 29 som

522 979 71 42 bre
621 993 78 39 que
716 982 36 40 le
772 982 159 50 thorax,
955 983 222 53 cependant
1201 984 100 40 dans
1324 985 36 40 le
1380 997 122 38 genre
1520 984 178 54 Papilio,
1724 987 13 38 i

515 1053 100 40 offre
645 1054 24 39 à
691 1065 44 29 sa
764 1052 96 43 base
887 1067 52 29 ou
968 1056 25 40 à
1025 1067 74 29 son
1130 1056 208 41 extrémité
1367 1058 116 40 anale
1516 1057 70 41 des
1614 1058 127 40 taches

510 1127 163 50 jaunes,
701 1130 39 37 et
760 1128 103 40 celui
891 1127 70 41 des
989 1127 123 40 Thaïs
1131 1131 60 37 est
1217 1129 167 51 marqué
1405 1129 48 40 de
1477 1131 134 51 points
1632 1130 109 51 régu.

518 1199 94 39 liers
628 1199 48 40 de
693 1199 234 41 différentes
948 1200 202 51 couleurs,
1167 1201 124 48 enfin,
1313 1201 27 39 il
1358 1206 60 35 est
1437 1203 251 50 quelquefois
1704 1203 37 40 d<

516 1271 39 40 la
575 1272 123 40 teinte
718 1271 71 41 des
809 1271 114 50 ailes,
950 1282 96 31 avec
1066 1283 80 30 une
1163 1272 132 41 bande
1314 1273 157 42 dorsale
1488 1275 89 52 plus
1596 1275 140 41 foncée

996 1487 109 41 ÉTAT
1130 1492 149 35 D'ŒUF.

573 1642 81 39 Peu
673 1639 48 42 de
735 1643 130 50 temps
884 1640 117 53 après
1012 1640 351 52 l'accouplement,
1379 1639 36 40 la
1436 1638 158 42 femelle
1610 1638 131 53 dépos(

519 1725 65 29 ses
616 1713 103 40 œufs
752 1724 70 29 sur
852 1713 40 40 la
929 1713 135 52 plante
1101 1713 70 51 qui
1204 1712 85 40 doit
1321 1712 162 40 nourrir
1511 1722 45 30 sa
1587 1712 151 40 famille

521 1787 175 40 Ceux-ci
715 1789 93 37 sont
830 1785 296 41 très-variables
1153 1784 50 42 de
1240 1785 145 48 forme,
1404 1788 131 36 tantôt
1560 1795 50 29 en
1631 1784 110 53 sphé-

520 1859 128 50 roïde,
673 1862 131 37 tantôt
827 1858 171 51 oblongs
1027 1870 53 29 ou
1104 1857 348 53 hémisphériques
1468 1871 10 38 ;
1510 1857 87 41 leur
1630 1869 111 40 coqui

522 1934 99 40 offre
654 1935 171 37 souvent
857 1931 70 41 des
954 1931 241 41 cannelures
1220 1931 91 52 plus
1341 1941 52 29 ou
1425 1931 132 40 moins
1576 1930 162 41 visibles

521 2006 62 39 Au
603 2008 181 37 moment
805 2004 49 40 de
873 2005 39 39 la
927 2007 137 50 ponte,
1084 2004 49 39 ils
1154 2007 92 36 sont
1265 2002 162 42 enduits
1446 2003 122 40 d'une
1589 2004 152 39 matièri

521 2079 177 51 gluante,
720 2077 201 41 insoluble
949 2077 101 41 dans
1077 2076 102 41 l'eau
1214 2076 69 51 qui
1311 2083 80 33 sert
1422 2076 24 40 à
1472 2076 58 40 les
1562 2075 99 41 fixer
1678 2087 63 29 au;

520 2152 103 50 tiges
655 2162 53 29 ou
738 2161 77 29 aux
850 2150 156 40 feuilles
1035 2148 69 41 des
1132 2148 209 51 végétaux.
1366 2150 180 49 Lorsque
1572 2148 58 40 les
1665 2148 74 40 ehe

521 2223 118 41 nilles
659 2223 163 41 doivent
840 2224 108 40 vivre
969 2234 69 28 sur
1066 2223 57 39 les
1152 2221 139 40 arbres
1313 2222 23 39 à
1366 2219 156 42 feuilles
1552 2220 189 52 caduque;

523 2301 38 36 et
587 2308 78 42 que
684 2297 58 39 les
770 2296 102 40 œufs
906 2294 161 42 doivent
1100 2305 139 42 passer
1267 2294 155 48 l'hiver,
1444 2294 38 39 la
1513 2293 159 41 femelle
1700 2295 36 39 le

523 2369 162 52 dispose
716 2380 70 29 sur
812 2369 37 40 le
881 2372 117 37 tronc
1035 2380 52 28 ou
1127 2378 70 29 sur
1229 2367 57 40 les
1320 2378 193 28 rameaux
1545 2378 95 29 avec
1678 2378 63 28 un<

524 2442 189 52 symétrie
746 2446 170 36 souvent
954 2438 296 53 remarquable.
1308 2438 198 53 (Bombyx
1546 2440 193 40 Neustria

525 2514 260 51 Castrensis),
808 2518 38 35 et
867 2517 170 37 souvent
1066 2513 109 39 aussi
1205 2512 74 40 elle
1300 2512 57 39 les
1379 2523 190 29 recouvre
1588 2522 93 30 avec
1700 2512 36 39 le

526 2588 104 55 poils
660 2587 68 55 qui
752 2587 231 51 garnissent
1003 2598 71 29 son
1095 2585 201 41 abdomen
1316 2588 38 38 et
1383 2585 57 42 les
1459 2585 177 52 garantit
1655 2584 86 41 ains
