1792 3012
900 347 55 12 —
984 329 82 39 200
1092 348 54 7 —

400 430 39 42 la
456 429 133 43 bande
607 429 91 67 plus
713 430 120 42 claire
852 435 40 37 et
910 432 58 40 les
986 442 108 42 yeux
1113 429 49 43 de
1176 430 158 43 dessus.
1357 433 178 46 Dessous
1561 431 72 44 des

403 501 236 43 inférieures
658 515 97 29 avec
783 503 40 41 la
848 503 136 41 bande
1004 501 98 42 d'un
1123 504 82 51 gris
1235 503 103 42 brun
1374 508 39 37 et
1444 504 59 41 les
1536 517 106 40 yeux

403 574 56 42 du
478 575 159 50 dessus,
652 576 92 53 plus
765 577 138 53 petits,
931 574 154 42 cerclés
1113 574 49 42 de
1187 576 263 51 ferrugineux
1478 581 40 37 et
1543 576 97 42 dont

401 647 123 41 l'anal
542 648 92 53 plus
653 660 108 39 gros.

469 719 35 56 9
529 720 92 53 plus
657 720 90 53 pâle
781 732 51 29 en
863 719 144 43 dessus
1032 731 96 35 avec
1167 720 59 42 les
1264 733 106 41 yeux
1403 722 93 52 plus
1527 734 108 40 gros.

402 793 177 39 Dessous
599 792 72 41 des
698 791 238 43 inférieures
956 792 100 40 d'un
1074 792 108 41 brun
1199 792 189 42 verdàtre
1410 793 106 52 pâle,
1546 805 95 30 avec

401 862 39 41 la
468 863 132 41 bande
636 862 254 50 blanchâtre,
929 862 145 42 dentée
1099 867 42 38 et
1172 864 95 44 bien
1306 864 192 42 tranchée
1531 864 109 42 inté-

402 936 248 42 rieurement
664 938 40 38 et
719 936 177 40 formant
914 947 59 29 un
988 935 118 52 angle
1124 935 62 41 vis
1206 935 25 41 à
1250 936 59 40 vis
1330 934 50 42 de
1404 936 40 41 la
1476 936 161 42 cellule.

457 1008 318 40 Très-commun
787 1007 103 41 dans
899 1008 60 41 les
973 1007 201 54 Pyrénées
1184 1012 39 37 et
1239 1008 58 43 les
1310 1008 122 54 Alpes
1440 1023 13 42 ;
1469 1008 168 51 Larche,

401 1079 170 52 prairies
592 1078 56 43 du
672 1079 218 50 Godenart,
918 1080 103 40 Pain
1042 1078 51 44 de
1117 1091 132 39 sucre,
1271 1080 226 53 Auvergne,
1517 1083 124 39 Mont-

402 1153 120 48 Dore,
546 1164 51 28 en
615 1152 137 51 juillet
765 1155 39 38 et
822 1156 114 37 août.

457 1225 113 39 Cette
587 1224 142 53 espèce
746 1228 44 37 et
804 1224 43 41 la
878 1221 244 55 précédente
1157 1227 74 39 ont
1260 1224 39 41 la
1324 1224 142 51 frange
1501 1228 136 38 entre-

403 1296 153 53 coupée
576 1296 50 41 de
641 1296 121 42 blanc
781 1299 40 38 et
840 1295 50 42 de
906 1298 108 39 noir.

454 1368 87 42 Elle
557 1369 110 40 varie
684 1369 213 52 beaucoup
917 1368 104 42 mais
1036 1380 67 30 ces
1120 1368 169 42 variétés
1309 1380 53 30 ne
1381 1371 92 39 sont
1488 1381 71 41 pas
1577 1381 62 29 re-

398 1441 273 52 marquables,
692 1454 103 29 nous
814 1442 177 41 citerons
1010 1442 59 41 les
1084 1443 218 42 suivantes.

395 1515 76 40 AB.
488 1513 249 50 Philomela,
753 1514 78 40 Hb.

450 1584 108 43 Ailes
577 1584 238 46 inférieures
840 1598 83 29 non
950 1585 169 44 ocellées
1133 1598 51 29 en
1205 1585 187 43 dessous.

396 1659 75 41 AB.
492 1658 149 54 Adyte,
666 1659 78 40 Hb.

448 1731 97 40 Plus
563 1731 122 52 petite
705 1734 39 37 et
763 1730 92 54 plus
872 1733 172 38 souvent
1063 1729 165 42 ocellée.

395 1803 75 40 AB.
496 1803 227 40 Ocellaris?

450 1876 151 39 Dessus
631 1887 99 29 sans
750 1874 149 50 bande,
934 1876 106 40 mais
1073 1887 97 30 avec
1205 1873 70 43 des
1296 1875 138 41 taches
1455 1875 176 52 ferrugi-

396 1958 147 29 neuses
568 1949 40 38 et
622 1945 72 42 des
710 1946 137 53 points
866 1947 127 40 noirs.
1017 1947 87 51 Stg.
1129 1948 87 39 Cat.

751 2097 120 35 Genre
895 2097 268 45 CHIONOBAS,
1189 2099 88 35 Bdv.

450 2232 208 42 Antennes
680 2234 91 52 plus
792 2238 161 37 courtes
972 2245 79 40 que
1078 2234 38 40 le
1144 2245 133 42 corps,
1295 2233 18 40 à
1331 2233 79 54 tige
1431 2233 107 53 grêle
1556 2237 39 36 et
1610 2232 20 41 à

394 2315 165 30 massue
575 2305 149 51 longue
744 2310 37 36 et
801 2317 79 41 peu
899 2305 171 52 épaisse.
1089 2305 142 52 Palpes
1257 2317 111 29 assez
1387 2304 245 54 rapprochés

393 2382 39 34 et
453 2378 138 49 garnis
613 2377 49 41 de
682 2378 117 51 longs
817 2379 105 53 poils
942 2380 70 50 qui
1029 2379 170 41 cachent
1216 2379 40 40 la
1280 2384 172 48 trompe,
1470 2382 43 37 et
1533 2377 99 42 dont

392 2450 38 39 le
451 2449 162 42 dernier
637 2450 140 41 article
797 2454 61 37 est
877 2455 117 36 court
1026 2454 41 37 et
1094 2449 108 43 velu.
1235 2452 94 41 Tête
1348 2452 138 52 petite.
1520 2451 112 40 Yeux

394 2521 175 55 glabres,
584 2523 100 40 ailes
698 2521 212 45 arrondies
924 2537 11 41 -,
960 2523 60 40 les
1036 2522 255 57 supérieures
1310 2535 50 32 en
1385 2522 170 56 triangle
1575 2522 57 42 al-
