1740 2996
604 334 50 8 —
687 314 75 40 113
789 333 56 9 —

110 416 39 41 le
178 414 106 42 bord
312 414 248 42 abdominal.
584 413 97 43 Plus
709 428 89 28 rare
826 428 78 40 que
935 416 38 41 le
993 419 94 50 type
1106 418 102 40 mais
1239 416 104 43 dans

112 489 60 41 les
200 491 152 40 mêmes
370 488 123 43 lieux.

449 631 117 35 Genre
589 630 321 43 ANTHOCHARIS,
935 632 89 34 Bdv.

169 767 202 43 Chenilles
395 766 240 43 semblables
661 766 24 40 à
704 767 119 40 celles
846 766 53 40 du
923 766 49 39 G.
1002 766 143 49 Pieris,
1169 766 177 52 Chrysa-

116 838 103 42 lides
238 840 91 52 plus
350 852 53 29 ou
422 840 133 40 moins
579 838 184 51 arquées,
782 839 188 52 pointues
991 849 79 29 aux
1089 839 105 40 deux
1209 839 136 49 bouts,

118 912 203 44 abdomen
340 911 217 41 inflexible.

175 986 82 38 Ins.
291 984 103 52 parf.
425 986 205 38 Antennes
658 982 92 52 plus
781 990 53 32 ou
865 983 134 40 moins
1029 985 159 38 courtes
1219 983 24 41 à
1270 984 80 49 tige

121 1056 121 40 d'une
261 1056 111 40 seule
403 1055 176 46 couleur,
605 1054 216 40 terminées
841 1065 73 42 par
931 1066 81 30 une
1036 1065 162 29 massue
1220 1055 128 40 ovale.

118 1128 143 52 Palpes
291 1138 174 42 presque
496 1126 288 52 cylindriques,
811 1126 175 41 hérissés
1020 1126 49 40 de
1100 1127 115 50 longs
1246 1128 105 50 poils

117 1200 194 52 jusqu'au
331 1200 115 47 bout,
472 1200 69 49 qui
562 1210 40 29 se
624 1198 247 41 confondent
901 1210 93 29 avec
1012 1210 102 29 ceux
1142 1197 55 42 du
1225 1199 123 40 front.

124 1272 94 41 Tête
233 1272 115 48 forte,
363 1282 173 42 presque
555 1272 108 40 aussi
679 1272 110 51 large
807 1282 77 40 que
898 1271 37 40 le
951 1272 182 40 corselet.

120 1370 147 46 BELIA,
288 1369 98 51 Esp.
410 1366 72 51 (Pl.
513 1370 39 45 2,
575 1366 67 51 fig.
666 1370 53 49 3).

174 1458 98 40 40m.
305 1456 97 41 Midi
422 1456 49 41 de
490 1457 37 39 la
545 1458 166 47 France,
735 1456 99 41 dans
862 1457 57 39 les
939 1457 214 50 garrègnes
1174 1469 50 28 en
1246 1469 108 28 mars

125 1535 39 37 et
182 1533 114 41 avril.

177 1604 181 40 Chenille
371 1606 18 37 ?

125 1694 93 40 Var.
243 1694 193 50 Ausonia,
463 1694 77 40 Hb.

176 1776 95 42 Plus
291 1776 151 53 grande
474 1790 77 40 que
570 1779 125 46 Belia,
719 1778 142 40 dessus
896 1778 69 40 des
994 1777 98 42 ailes
1119 1779 24 40 à
1162 1791 77 40 peu
1263 1780 92 52 près

125 1848 241 53 semblable;
388 1851 40 40 la
448 1851 114 40 tache
584 1852 150 39 costale
754 1850 151 53 coupée
927 1863 57 27 un
1011 1863 76 40 peu
1115 1852 87 51 plus
1218 1851 135 40 carré-

126 1926 113 36 ment
259 1922 24 41 à
301 1934 44 28 sa
359 1923 126 51 partie
504 1922 229 49 inférieure,
756 1925 87 38 côte
863 1935 82 28 non
964 1922 146 53 piquée
1128 1923 48 40 de
1197 1924 91 39 noir
1305 1935 49 29 en

127 1993 156 42 dessus.
317 1993 178 42 Dessous
528 1994 68 41 des
624 1995 235 41 inférieures
904 1996 89 52 plus
1039 1995 228 53 saupoudré
1306 1996 49 40 de

122 2068 126 51 jaune
277 2078 95 30 avec
401 2067 59 41 les
488 2067 137 41 taChes
656 2067 193 41 blanches
876 2068 91 51 plus
989 2067 171 51 grandes
1192 2071 38 37 et
1262 2079 94 29 sans

128 2140 115 40 reflet
271 2138 133 42 nacré.
446 2138 33 56 9
518 2139 240 49 Semblable,
792 2140 101 39 mais
926 2151 94 28 avec
1055 2140 34 39 le
1117 2140 141 39 dessus
1288 2140 68 40 des

128 2211 235 40 inférieures
384 2210 242 51 légèrement
645 2211 122 40 teinté
789 2211 48 40 de
856 2213 205 50 jaunâtre.

183 2284 153 38 France
347 2283 175 40 centrale
533 2287 38 36 et
588 2283 277 48 méridionale,
877 2283 187 40 environs
1082 2282 46 40 de
1142 2284 213 50 Nemours,

132 2355 250 50 quelquefois
402 2355 22 39 à
436 2355 315 40 Fontainebleau
761 2355 99 39 dans
873 2355 56 39 les
947 2355 103 39 lieux
1070 2366 102 36 secs,
1190 2366 48 28 en
1249 2355 103 51 juin.

132 2439 92 41 Var.
249 2434 240 54 Simplonia,
511 2438 117 51 Frey.

184 2522 56 42 De
259 2521 40 41 la
322 2520 108 45 taille
459 2520 235 55 d'Ausonia,
716 2522 98 41 ailes
834 2521 252 59 supérieures
1106 2522 88 60 plus
1214 2533 144 36 arroji-
