1804 3000
903 322 50 8 —
982 301 78 42 238
1091 323 52 8 —

450 392 108 53 Page
581 396 89 48 117,
688 394 184 43 dernière
884 396 122 52 ligne.
1025 397 187 43 Laissant
1227 411 159 31 comme
1406 400 117 51 libre,
1536 406 100 47 etc.,

399 465 97 40 lisez
516 465 170 42 laissant
706 468 159 41 chacun
884 470 117 50 libre,
1025 476 78 36 etc.

453 540 106 49 Page
580 540 92 49 134,
708 542 107 48 ligne
842 542 60 40 18.
942 544 105 40 Avec
1073 545 57 39 les
1156 543 159 50 dessus,
1352 547 95 39 lisez
1468 559 95 30 avec
1583 549 57 41 les

399 611 174 41 dessins.

452 696 107 49 Page
583 699 94 47 135,
700 699 229 52 supprimez
950 700 36 39 le
1006 703 39 38 3C
1062 701 144 41 alinéa.

451 781 106 50 Page
598 780 91 51 142,
725 782 109 51 ligne
870 786 68 38 25.
993 783 158 43 Ocellée
1200 798 69 28 sur
1306 788 57 39 les
1405 789 236 43 inférieures

397 854 159 49 frange,
580 859 95 48 etc.,
707 855 99 40 lisez
840 857 149 40 ocellée
1023 869 68 28 sur
1122 859 58 40 les
1214 858 254 53 inférieures,
1505 864 136 51 frange

397 926 189 49 blanche,
609 931 76 37 etc.

451 1017 107 49 Pagé
580 1018 92 49 180,
704 1016 111 50 ligne
850 1018 63 39 15.
946 1017 147 40 Diffère
1122 1018 212 54 Ad'dippe,
1373 1021 96 45 lisez
1500 1022 141 42 diffère

396 1087 212 53 d'Adippe.

449 1173 106 50 Page
576 1175 93 48 196,
691 1172 117 52 après
829 1175 160 40 EREBIA
1008 1175 163 49 GORGE,
1194 1178 164 47 ajoutez
1380 1190 11 26 :

396 1282 47 40 E.
467 1283 301 48 GORGOPHONE,
792 1282 162 41 Bellier.

450 1386 51 40 M.
525 1386 148 40 Bellier
693 1386 50 40 de
769 1386 39 39 la
829 1385 268 51 Chavignerie
1117 1398 24 28 a
1172 1387 136 52 publié
1340 1399 96 29 sous
1470 1401 45 29 ce
1540 1402 97 29 nom

398 1457 129 53 (Ann.
549 1458 40 40 S.
612 1458 45 39 E.
681 1456 44 41 F.
743 1458 120 41 1863.
880 1470 41 40 p..
943 1457 99 55 419)
1058 1470 81 29 une
1160 1460 144 52 espèce
1313 1461 203 50 nouvelle,
1534 1461 101 43 dont

397 1541 104 30 nous
515 1529 60 41 lui
595 1529 177 41 laissons
787 1533 112 37 toute
918 1530 41 40 la
979 1531 326 52 responsabilité.

451 1604 86 39 Elle
557 1613 43 30 se
620 1601 221 52 distingue,
878 1602 132 50 dit-il,
1042 1602 49 41 de
1110 1615 123 40 gorge
1252 1615 73 41 par
1342 1616 65 29 ses
1428 1605 97 41 ailes
1545 1605 94 54 plus

397 1675 229 50 arrondies,
648 1687 75 41 par
743 1687 44 29 sa
815 1676 141 50 frange
977 1675 144 53 simple
1141 1679 39 37 et
1200 1688 82 28 non
1304 1679 266 52 entrecoupée
1589 1680 49 41 de

397 1748 122 50 brun,
540 1760 74 41 par
641 1747 37 40 le
696 1748 172 40 dessous
888 1747 71 40 des
983 1747 99 40 ailes
1113 1747 240 41 inférieures
1381 1749 92 52 plus
1504 1754 131 46 terne,

397 1825 39 37 et
454 1821 65 52 par
519 1821 83 52 les
623 1819 155 42 bandes
799 1821 70 50 qui
892 1821 59 39 les
980 1823 225 38 traversent
1223 1821 91 52 plus
1339 1821 193 53 épaisses,
1557 1834 79 41 peu

396 1900 248 49 festonnées,
660 1911 42 28 se
724 1897 220 42 détachant
961 1899 137 40 moins
1114 1898 53 40 du
1187 1898 114 41 fond.
1325 1899 85 41 Elle
1428 1900 141 42 diffère
1586 1902 49 41 de

395 1984 182 41 gorgone
590 1983 74 42 par
679 1983 80 29 une
775 1971 111 41 taille
901 1970 201 50 moindre,
1121 1983 73 41 par
1212 1971 202 42 l'absence
1429 1973 49 41 de
1497 1974 139 42 taches

396 2044 173 41 ocellées
599 2056 81 29 aux
709 2045 101 40 ailes
841 2045 240 42 inférieures
1111 2051 38 34 et
1186 2057 73 41 par
1291 2046 39 40 la
1360 2046 192 53 présence
1587 2047 48 42 de

395 2117 107 42 deux
521 2118 49 41 de
596 2131 67 28 ces
696 2119 140 41 taches
869 2119 227 41 seulement
1118 2131 50 29 au
1201 2123 175 38 sommet
1409 2120 69 42 des
1512 2122 123 53 supé-

394 2188 167 54 rieures,
587 2203 53 29 au
670 2191 82 41 lieu
784 2191 70 42 des
879 2192 102 41 trois
1003 2193 69 51 qui
1093 2191 291 43 caractérisent
1407 2193 227 44 ordinaire-

394 2269 114 37 ment
527 2276 196 40 gorgone,
755 2277 73 41 par
846 2265 39 40 la
913 2266 168 40 couleur
1102 2266 91 53 plus
1223 2266 121 41 claire
1376 2266 55 41 du
1465 2265 169 45 dessous

394 2333 72 44 des
501 2337 114 49 ailes,
653 2349 74 41 par
763 2338 60 41 les
852 2350 195 31 nervures
1094 2340 134 40 moins
1266 2343 256 51 apparentes,
1554 2346 76 37 etc.

394 2409 289 53 Département
713 2410 72 42 des
827 2412 308 53 Basses-Alpes,
1170 2413 192 42 environs
1400 2411 49 43 de
1486 2415 147 43 Barce-

392 2484 183 41 lonnette
593 2495 51 31 en
661 2484 150 54 juillet.
