1728 3008
610 340 54 7 —
694 312 72 46 iU
799 335 52 12 —

114 423 117 54 angle
250 422 129 55 apical
398 424 222 49 largement
639 422 105 46 noir,
762 419 233 40 inférieures
1015 429 96 29 avec
1128 429 82 28 une
1229 412 117 45 tache

114 500 114 39 noire
254 509 52 28 au
332 495 104 42 bord
461 496 170 45 interne,
663 493 168 39 dessous
861 492 69 39 des
960 490 236 41 inférieures
1219 491 126 50 jaune

117 568 109 43 sablé
241 569 48 39 de
304 569 104 39 noir.

179 641 32 55 ç>
241 638 235 49 Semblable,
504 638 101 39 mais
634 648 96 28 avec
752 636 103 39 deux
877 646 158 39 grosses
1052 634 138 40 taches
1210 634 135 39 noires

116 713 205 52 disposées
343 723 49 28 en
411 711 107 49 ligne
545 713 205 35 tranverse
770 712 112 36 entre
902 708 36 39 le
960 707 136 40 milieu
1117 710 37 36 et
1184 705 161 40 l'extré-

115 784 98 41 mité
234 787 38 37 et
285 795 80 29 une
383 780 201 42 troisième
601 792 49 27 en
669 781 128 39 forme
817 779 49 40 de
885 780 82 39 raie
981 791 51 27 au
1050 777 102 42 bord
1168 778 172 48 interne,

115 868 193 31 commun
328 856 161 50 partout
509 852 99 40 dans
629 853 38 38 la
693 852 104 40 belle
818 852 150 39 saison.

169 929 180 40 Chenille
370 938 70 29 sur
457 926 58 40 les
535 925 131 40 choux
688 927 37 37 et
747 928 135 35 autres
905 923 215 41 crucifères
1138 933 73 41 par
1226 922 118 52 petits

115 1012 189 42 groupes.

116 1096 146 50 RÂPJE,
285 1096 47 40 L.

168 1194 96 40 45m.
296 1190 230 43 Ressemble
551 1189 210 51 beaucoup
789 1191 22 37 à
842 1188 208 47 Brassicae,
1073 1186 130 52 angle'
1218 1187 130 52 apical

114 1268 136 38 moins
269 1265 216 40 fortement
512 1263 104 48 noir,
643 1261 149 41 offrant
812 1259 252 55 quelquefois
1085 1259 105 41 deux
1208 1259 138 40 taches

115 1338 136 41 noires
270 1347 71 30 sur
352 1335 60 41 les
432 1335 267 51 supérieures.

179 1408 33 56 9
243 1408 146 40 Diffèré
410 1406 51 40 du
491 1404 45 49 cr
555 1416 72 41 par
646 1406 58 39 les
731 1405 155 40 mêmes
915 1405 221 40 caractères
1155 1416 78 40 que
1250 1404 96 40 l'es-

113 1483 97 52 pèce
248 1479 264 54 précédente,
544 1488 190 29 commun
768 1480 163 49 partout
962 1475 179 54 pendant
1171 1477 40 39 la
1241 1476 106 40 belle

116 1554 152 41 saison.

169 1624 194 48 Chenille,
384 1624 136 40 vivant
542 1621 294 41 solitairement
859 1632 70 28 sur
953 1620 38 40 la
1020 1631 107 39 rave,
1153 1621 39 39 la
1219 1631 126 41 capu-

117 1698 101 47 cine,
242 1700 75 37 etc.

115 1794 118 48 NAPI,
253 1795 46 38 L.

172 1890 92 38 40m.
289 1887 105 39 Ailes
412 1884 206 49 blanches,
641 1884 269 53 supérieures,
934 1894 96 29 avec
1051 1881 147 52 l'angle
1217 1883 129 51 apical

117 1962 105 47 noir,
245 1958 206 42 extrémité
471 1957 68 41 des
574 1969 190 29 nervures
793 1957 130 49 noire,
949 1956 98 39 base
1064 1968 57 27 un
1149 1967 78 40 peu
1249 1967 97 29 cen-

116 2033 110 49 drée,
249 2031 167 41 dessous
436 2029 69 41 des
523 2029 235 40 inférieures
790 2028 97 39 d'un
908 2029 126 50 jaune
1053 2030 88 49 pâle
1163 2039 94 29 avec
1277 2027 70 42 des

114 2106 136 40 veines
271 2103 97 41 d'un
386 2102 91 41 noir
500 2101 183 41 verdâtre
704 2102 194 39 couvrant
926 2100 57 39 les
1003 2111 206 29 nervures.

177 2176 34 55 Y
249 2175 147 40 Diffère
429 2174 54 40 du
521 2172 46 49 dl
599 2184 158 29 comme
792 2172 58 39 les
880 2171 159 52 espèces
1067 2171 278 53 précédentes.

171 2250 44 38 T.
237 2249 38 39 la
296 2249 62 45 F.,
388 2245 102 49 bois,
511 2245 172 53 jardins,
707 2248 95 47 etc.,
824 2255 51 28 au
893 2245 224 51 printemps
1138 2248 38 36 et
1195 2256 50 28 en
1267 2244 76 41 été.

171 2321 179 40 Chenille
376 2331 69 28 sur
463 2319 36 40 le
527 2321 128 46 navet,
680 2318 37 38 le
746 2316 139 40 réséda
907 2317 140 51 jaune,
1069 2317 38 39 la
1136 2319 207 51 capucine.

116 2417 92 42 Var.
233 2416 140 53 Napœ,
395 2416 96 51 Esp.

172 2514 214 41 Deuxième
412 2511 250 52 génération,
690 2510 168 41 dessous
884 2509 71 43 des
982 2510 98 42 ailes
1109 2510 236 43 inférieures
