1756 3012
937 346 53 7 —
1022 327 77 40 136
1128 346 52 9 —

441 423 154 41 rieures
627 423 187 44 décorées
846 432 111 36 entre
987 427 97 42 elles
1111 426 121 43 d'une
1261 427 118 42 tache
1406 427 132 50 fauve,
1569 431 39 38 et
1632 428 43 43 la

444 496 186 41 dernière
651 502 36 36 et
707 498 395 54 l'anté-pénultième
1121 500 253 52 saupoudrée
1395 500 48 41 de
1470 500 92 41 bleu
1585 500 87 41 mé-

442 571 167 51 tallique
626 603 9 16 ,
671 579 27 44 Cf
729 572 99 42 d'un
860 573 92 39 noir
979 573 106 39 brun
1117 583 96 30 avec
1238 573 40 39 la
1304 572 96 41 base
1433 572 242 52 légèrement

442 642 119 41 bleue
592 647 40 37 et
671 645 39 39 la
744 645 140 51 frange
920 645 201 48 blanche,
1163 656 95 29 avec
1291 656 82 29 une
1408 644 123 53 petite
1567 645 108 51 ligne

442 714 172 42 blanche
641 717 275 52 interrompue
933 728 51 29 au
1003 716 103 41 bord
1125 717 187 40 terminal
1330 717 70 40 des
1419 716 255 44 inférieures.

497 788 307 52 Basses-Alpes,
832 789 167 46 Larche,
1023 787 189 42 environs
1233 789 56 39 du
1312 789 60 40 lac
1403 788 50 40 de
1479 790 39 41 la
1537 788 138 40 Made-

442 860 117 48 leine,
581 861 226 52 Dauphiné,
833 861 378 52 Villard-Eymond,
1235 863 203 47 Lautaret,
1465 872 50 29 en
1544 860 133 54 juillet

445 936 38 35 et
504 937 111 43 août,
634 944 111 29 assez
760 945 105 28 rare.

498 1005 54 39 Le
571 1007 93 49 type
693 1004 70 40 des
792 1005 288 52 Basses-Alpes
1099 1008 131 48 parait
1261 1007 83 38 être
1370 1004 40 40 la
1428 1005 78 39 Var
1543 1004 133 52 Cypa-

443 1076 145 48 rissus,
613 1077 108 39 Hub.
745 1078 170 48 (Beliier,
933 1088 95 29 aun.
1055 1078 117 50 1859,
1190 1089 40 40 p.
1251 1079 105 45 180.)

443 1174 177 48 BATTUS,
644 1174 42 40 S.
708 1175 48 38 V.
779 1173 98 41 God.
904 1174 72 50 (Pl.
998 1176 40 47 6,
1061 1173 68 51 fig.
1147 1174 55 50 4).

496 1268 27 44 9
543 1269 95 40 Plus
658 1269 151 50 grande
829 1273 39 36 et
886 1269 166 52 n'ayant
1069 1281 74 40 pas
1162 1268 50 41 de
1230 1269 94 40 bleu
1344 1280 50 28 en
1421 1269 159 40 dessus.

499 1341 182 40 Chenille
701 1353 50 28 en
765 1342 136 51 juillet
921 1353 69 29 sur
1013 1342 36 39 le
1068 1339 151 43 Sedum
1242 1341 236 51 telephium.

497 1413 95 39 Midi
628 1413 49 40 de
707 1414 41 39 la
773 1414 180 48 France,
985 1413 91 52 dép.
1112 1412 54 41 du
1193 1410 81 42 Var
1304 1424 51 29 en
1384 1413 99 39 avril
1513 1416 38 38 et
1580 1412 97 50 mai,

443 1486 224 50 Auvergne,
695 1487 189 39 environs
904 1486 49 40 de
976 1486 154 48 Thiers,
1152 1487 152 40 mêmes
1326 1484 177 54 époques
1524 1485 158 49 (Guille-

443 1561 87 37 mot
548 1558 246 52 Catalogue).

444 1650 155 40 HYLAS.
619 1650 40 39 S.
683 1650 48 38 V.

498 1741 95 36 22m.
617 1737 110 41 Ailes
742 1736 208 42 d'un.bleu
970 1736 147 40 cendré
1140 1736 182 48 violâtre,
1344 1747 98 29 avec
1459 1748 80 30 une
1558 1739 123 51 petite

442 1809 177 41 bordure
646 1810 115 42 noire
782 1813 38 36 et
848 1821 81 28 une
949 1808 147 51 rangée
1117 1808 48 40 de
1194 1809 135 51 points
1349 1807 50 41 de
1419 1811 132 37 même
1579 1821 101 30 cou-

443 1883 88 39 leur
549 1893 71 29 sur
640 1882 36 39 le
696 1881 102 41 bord
818 1884 162 37 externe
1001 1880 70 41 des
1091 1885 140 46 quatre
1253 1881 110 39 ailes.
1389 1879 51 41 Le
1460 1880 223 53 disque.est

445 1965 49 29 en
516 1957 116 36 outre
653 1953 98 40 orné
775 1953 120 40 d'une
920 1955 121 50 petite
1060 1953 141 40 lunule
1230 1951 129 42 noire.
1383 1953 175 40 Dessous
1586 1953 96 42 d'un

445 2027 81 51 gris
553 2025 145 41 cendré
726 2037 94 29 avec
852 2025 203 52 plusieurs
1078 2026 136 51 points
1246 2024 167 53 ocellés;
1447 2025 236 43 inférieures

445 2104 123 47 ayant
597 2099 38 39 la
654 2098 97 40 base
770 2096 183 41 bleuâtre
977 2101 38 37 et
1042 2108 111 30 assez
1172 2097 84 41 loin
1277 2096 54 40 du
1355 2096 103 42 bord
1477 2099 203 48 terminal,

445 2183 82 28 une
546 2170 102 41 série
672 2170 48 40 de
742 2170 136 42 taches
909 2170 154 49 fauves,
1086 2170 239 52 s'appuyant
1353 2168 331 43 intérieurement

447 2247 38 37 et
506 2242 335 41 extérieurement
860 2255 69 28 sur
949 2242 70 41 des
1050 2243 134 51 points
1204 2243 129 39 noirs.

519 2316 26 46 9
567 2316 96 41 Plus
690 2316 162 52 grande,
884 2315 92 40 d'un
996 2315 105 40 brun
1126 2315 189 49 noirâtre,
1335 2316 91 51 plus
1461 2328 51 28 ou
1550 2317 134 40 moins

447 2389 254 51 saupoudrée
729 2388 47 41 de
800 2388 168 41 violâlre
990 2389 18 39 à
1040 2389 32 39 la
1103 2388 97 40 base
1218 2392 38 36 et
1283 2387 57 41 les
1368 2390 136 51 points
1531 2390 153 50 margi-

448 2473 107 30 naux
576 2461 71 40 des
668 2461 239 41 inférieures
928 2460 140 42 cernés
1088 2460 48 41 de
1150 2461 250 40 blanchâtre.

508 2536 182 43 Chenille
702 2538 18 41 ?
