1768 3000
946 332 51 6 —
1033 312 74 36 122
1134 333 53 5 —

507 411 33 55 9
572 413 171 50 N'ayant
771 424 69 40 pas
861 413 38 38 la
931 412 117 40 tache
1069 413 152 39 costale
1243 424 80 29 aux
1353 414 255 52 supérieures
1641 419 39 37 et

444 496 95 28 avec
564 485 37 39 le
631 484 143 51 disque
803 484 69 40 des
909 486 150 37 mêmes
1085 482 100 42 ailes
1209 484 243 51 légèrement
1480 487 123 40 teinté
1631 487 49 41 de

444 557 133 39 fauve.

501 628 181 40 Chenille
711 640 50 28 en
782 629 94 51 juin
902 631 37 36 et
955 628 136 51 juillet
1112 640 71 28 sur
1201 628 225 54 l'aubépine
1456 633 39 39 et
1523 630 37 41 le
1580 642 99 40 pru-

442 699 163 40 nellier.

496 770 96 40 Midi
624 770 48 41 de
694 769 38 41 la
752 772 170 47 France,
949 782 110 30 assez
1079 783 193 29 commun
1299 771 102 42 dans
1424 773 61 41 les
1510 775 168 51 Vosges,

444 840 102 42 dans
567 843 59 39 les
646 842 90 41 bois
756 843 70 40 des
843 848 258 45 montagnes,
1123 855 49 29 en
1188 845 93 51 juin
1298 848 41 36 et
1354 845 150 52 juillet.

444 955 50 38 W
514 952 166 48 ALBUM,
702 951 155 41 Knoch.

496 1059 94 43 33m.
623 1061 108 39 Ailes
753 1060 99 41 d'un
871 1062 105 39 brun
996 1063 106 48 noir,
1128 1074 55 28 un
1201 1074 79 39 peu
1300 1064 258 50 anguleuses",
1586 1076 95 30 avec

441 1148 82 29 une
542 1136 117 41 tache
679 1135 152 41 costale
851 1135 99 41 d'un
970 1134 108 42 brun
1097 1140 98 36 mat.
1222 1136 239 42 Inférieures
1483 1143 122 47 ayant
1624 1152 56 28 un

440 1206 117 54 point
575 1208 117 39 fauve
712 1208 23 39 à
748 1207 148 51 l'angle
915 1208 105 40 anal.
1042 1208 176 40 Dessous
1238 1207 97 42 d'un
1348 1209 107 40 brun
1472 1209 91 53 plus
1581 1208 101 43 clair

441 1291 97 28 avec
566 1290 80 29 une
675 1279 109 50 ligne
810 1279 189 48 blanche,
1033 1279 147 49 droite,
1211 1281 275 53 interrompue
1519 1293 70 29 sur
1619 1281 61 41 les

441 1351 256 53 supérieures
718 1363 79 28 aux
817 1351 107 41 deux
942 1353 98 38 tiers
1061 1351 49 41 de
1131 1352 121 49 l'aile,
1276 1356 38 36 et
1333 1353 178 43 formant
1531 1365 71 29 sur
1621 1354 59 41 les

443 1423 238 40 inférieures
699 1435 55 28 un
777 1424 395 50 W.très-anguleux.
1202 1425 30 38 Il
1262 1437 26 38 y
1308 1437 20 27 a
1350 1425 48 40 de
1417 1426 91 51 plus
1529 1437 70 29 sur
1616 1438 66 29 ces

442 1495 205 40 dernières
668 1496 94 50 cinq
784 1496 139 40 taches
946 1495 96 40 d'un
1064 1497 117 39 fauve
1197 1497 67 49 vif,
1289 1496 196 53 pupillées
1505 1497 51 41 de
1570 1500 108 47 noir,

440 1568 228 50 contigues,
685 1567 239 53 s'appuyant
943 1579 71 28 sur
1027 1568 36 40 le
1084 1567 103 41 bord
1208 1573 160 36 externe
1384 1581 70 29 sur
1472 1581 80 30 une
1572 1571 108 50 ligne

438 1638 173 42 blanche
632 1651 77 40 peu
737 1640 208 50 marquée.

501 1711 34 55 9
566 1712 168 51 N'ayant
752 1723 73 40 pas
840 1712 33 40 la
895 1712 118 41 tache
1034 1714 152 39 costale
1205 1713 70 41 des
1295 1714 273 52 supérieures.

494 1787 178 48 Presque
694 1788 111 36 toute
824 1786 39 38 la
890 1785 64 44 F.,
977 1785 102 40 dans
1099 1786 57 40 les
1176 1786 105 40 lieux
1305 1786 158 52 plantés
1484 1786 194 47 d'ormes,

438 1857 57 40 fin
517 1857 48 39 de
577 1857 92 51 juin
690 1860 40 36 et
742 1857 201 52 première
964 1858 216 51 quinzaine
1201 1857 49 41 de
1264 1859 151 51 juillet.

439 1965 139 45 ILICIS,
601 1962 94 51 Esp.
720 1960 199 54 Lynceus,
944 1961 99 42 Fab.
1066 1962 102 41 God.

492 2070 97 39 33m.
621 2067 109 41 Ailes
761 2067 98 40 d'un
888 2068 108 40 brun
1026 2069 103 49 noir,
1155 2080 97 31 avec
1284 2081 55 29 un
1369 2072 117 50 point
1513 2070 118 41 fauve
1657 2071 39 43 à.

434 2139 148 51 l'angle
600 2140 92 39 anal
723 2139 101 41 dans
853 2139 58 40 les
944 2140 107 41 deux
1084 2153 128 29 sexes.
1247 2143 178 40 Dessous
1456 2142 98 40 d'un
1572 2142 107 42 brun

435 2211 92 52 plus
552 2211 111 49 clair,
689 2217 95 36 avec
821 2224 80 27 une
930 2212 107 52 ligne
1069 2213 187 49 blanche,
1290 2218 243 45 transverse,
1555 2214 125 41 inter-

435 2294 170 41 rompue
627 2287 39 36 et
692 2295 78 41 peu
800 2285 176 40 sensible
1000 2297 69 28 sur
1092 2285 60 41 les
1172 2285 275 53 supérieures,
1469 2287 150 40 courbe
1640 2290 40 37 et

434 2354 93 53 plus
548 2355 194 52 marquée
763 2368 80 29 aux
860 2357 254 42 inférieures.
1138 2359 76 40 Ces
1233 2358 205 41 dernières
1458 2358 150 40 offrant
1627 2370 51 30 en

436 2432 114 36 outre
584 2440 83 28 une
699 2429 147 50 rangée
879 2429 49 41 de
963 2430 139 41 taches
1138 2431 138 41 fauves
1304 2430 173 42 bordées
1509 2430 49 42 de
1586 2431 92 41 noir

432 2497 333 44 intérieurement
784 2505 39 37 et
841 2500 243 56 s'appuyant
1103 2514 70 29 sur
1191 2515 57 28 un
1267 2503 120 43 liseré
1412 2503 135 43 blanc.
