1744 3012
939 323 46 8 -
1017 302 51 39 68
1100 323 48 6 —

485 393 108 41 C'est
624 392 100 43 dans
750 394 39 40 la
819 394 195 53 première
1035 394 212 52 'quinzaine
1273 394 135 42 d'août
1432 396 96 52 qu'il
1559 408 98 29 con-

430 465 111 40 vient
562 464 48 41 de
625 466 194 40 chercher
835 467 57 40 les
913 466 177 40 Eubolia
1104 467 256 53 bipunctaria
1380 471 38 37 et
1432 471 228 47 mœniaria,

430 538 39 39 la
489 538 194 40 Larentia
703 541 168 49 aquata,
892 539 39 38 la
948 537 177 41 Fidonia
1141 539 223 53 plumaria,
1388 544 78 37 etc.
1486 542 57 42 La
1566 553 95 40 pre-

432 610 123 40 mière
574 609 90 41 vole
685 610 101 40 dans
806 613 93 37 tous
918 611 58 40 les
1003 610 108 41 lieux
1130 612 147 49 arides,
1299 612 40 40 la
1357 613 176 40 seconde
1560 614 104 42 aime

432 683 35 38 le
496 683 207 50 voisinage
735 682 70 40 des
833 682 183 41 rochers.
1040 685 108 39 Nous
1179 684 153 41 l'avons
1360 686 108 51 prise
1497 685 102 41 dans
1626 687 38 40 la

433 755 102 40 forêt
555 753 48 41 de
624 754 334 53 Fontainebleau,
982 767 68 28 sur
1068 756 59 39 les
1144 756 194 40 hauteurs
1359 756 49 40 de
1427 756 146 53 Lardy,
1596 770 71 29 sur

433 828 37 38 la
491 829 88 39 côte
600 826 47 41 de
665 826 226 52 Mauduyts,
906 827 91 53 près
1017 827 48 42 de
1081 829 168 48 Mantes,
1269 832 38 37 et
1324 828 102 41 dans
1438 830 59 40 les
1515 832 150 51 parties

435 899 131 40 arides
593 899 49 40 de
675 898 40 40 la
746 899 102 39 forêt
880 898 48 41 de
961 899 215 52 Chantilly.
1216 899 209 52 L'Aquata
1458 900 105 42 n'est
1592 913 73 41 pas

434 982 89 29 rare
544 970 100 40 dans
663 970 40 40 la
732 970 101 40 forêt
853 970 50 40 de
926 971 331 49 Fontainebleau,
1280 971 102 41 dans
1400 972 59 40 les
1484 973 181 41 localités

435 1041 211 54 indiquées
664 1042 208 41 ci-dessus
899 1054 103 41 pour
1021 1044 36 39 le
1076 1044 40 39 S.
1141 1043 125 41 cirsiL
1290 1042 87 42 Elle
1395 1044 216 41 recherche
1629 1044 38 42 le

434 1115 207 49 voisinage
672 1114 69 40 des
769 1114 228 51 genévriers
1017 1114 100 41 dont
1148 1127 43 28 se
1212 1117 159 39 nourrit
1405 1127 45 29 sa
1480 1117 184 43 chenille.

434 1188 59 38 La
531 1186 214 52 plumaria
793 1190 59 37 est
899 1187 252 51 quelquefois
1192 1188 230 40 abondante
1465 1188 100 41 dans
1612 1190 57 41 les

433 1258 194 53 bruyères
662 1258 149 41 situées
833 1259 23 40 à
875 1259 172 41 mi-côte
1074 1259 72 41 des
1177 1261 227 40 mamelons
1435 1261 132 42 arides
1600 1264 69 49 qui

436 1337 253 53 cifronnent
716 1331 38 40 la
774 1331 134 52 plaine
938 1331 71 40 des
1038 1332 106 52 pins.
1175 1332 318 55 h'Amphypyra
1514 1332 154 43 Cinna-

436 1415 157 28 momea
613 1414 24 28 a
664 1402 64 41 été
761 1404 108 52 prise
903 1404 254 51 quelquefois
1176 1405 24 39 à
1220 1405 332 50 Fontainebleau,
1574 1407 96 41 c'est

438 1474 102 41 dans
558 1476 60 39 les
637 1478 113 37 trous
781 1475 69 40 des
872 1487 92 39 gros
984 1476 138 40 arbres
1141 1480 38 37 et
1200 1488 96 29 sous
1316 1478 57 40 les
1400 1477 162 42 écorces
1593 1490 79 41 que

437 1548 84 39 l'on
538 1558 150 42 pourra
705 1551 235 38 rencontrer
954 1551 101 37 cette
1073 1560 89 30 rare
1183 1549 153 53 espèce,
1356 1549 75 41 elle
1450 1551 55 41 vit
1527 1551 146 41 cachée

437 1618 181 53 pendant
645 1620 36 40 le
701 1622 96 50 jour
816 1631 50 29 en
894 1621 238 52 compagnie
1156 1620 49 41 de
1230 1633 44 28 sa
1301 1621 223 51 congénère
1544 1622 129 54 Pyra-

438 1694 148 40 midea.

496 1765 57 40 La
591 1764 215 42 Sthanelia
851 1766 339 53 hippooastanata
1228 1766 89 42 vole
1360 1765 317 44 abondamment

440 1840 101 40 dans
561 1839 57 40 les
640 1838 191 53 bruyères
853 1841 22 36 à
896 1837 331 51 Fontainebleau,
1250 1839 25 41 à
1300 1839 188 50 Meudon,
1513 1845 75 36 etc.

492 1912 216 51 L'Agrotis
728 1911 200 52 valligera
950 1911 97 40 était
1065 1923 215 29 commune
1299 1913 210 49 autrefois,
1532 1912 142 54 depuis

438 1985 35 39 L*
496 1984 23 40 5
535 1984 195 51 jusqu'au
749 1983 51 40 20
822 1986 111 46 août,
957 1983 99 40 dans
1076 1984 40 39 la
1135 1995 176 29 varenue
1335 1984 49 40 de
1412 1984 260 42 Saint-Maur.

440 2056 85 40 Elle
557 2067 46 28 en
627 2067 23 29 a
671 2055 163 54 disparu
863 2066 73 42 par
964 2056 39 39 la
1035 2058 131 38 même
1195 2067 121 30 cause
1343 2069 79 39 que
1443 2057 37 41 le
1496 2056 182 54 Satyrus

440 2128 204 40 arethusa.
669 2129 60 39 On
745 2128 39 39 la
802 2130 141 38 trouve
963 2128 308 40 très-rarement
1291 2128 101 41 dans
1411 2130 58 39 les
1484 2130 192 41 luzernes

441 2202 68 50 qui
533 2202 228 40 avoisinent
775 2201 173 40 certains
969 2200 90 40 bois
1079 2201 148 41 arides.

494 2275 77 38 Les
605 2273 208 52 Aspilates
841 2273 179 51 gilvaria
1044 2276 39 36 et
1115 2276 169 36 citraria
1314 2278 92 36 sont
1436 2286 238 33 communes

442 2346 101 39 dans
570 2346 58 39 les
661 2346 107 39 lieux
797 2356 88 30 secs
905 2348 39 37 et
976 2344 168 42 stériles.
1170 2347 110 39 Nous
1310 2347 58 39 les
1389 2358 125 30 avons
1546 2350 130 50 prises

440 2419 203 51 plusieurs
674 2419 78 40 fois
786 2417 101 41 dans
922 2418 39 39 la
990 2418 103 41 forêt
1123 2417 49 40 de
1210 2419 331 51 Fontainebleau,
1577 2421 100 42 dans

446 2491 97 39 celle
564 2490 51 39 du
636 2489 178 50 Vésinet,
832 2501 71 29 sur
922 2490 38 40 la
979 2493 87 38 côte
1082 2490 48 41 de
1147 2490 227 52 Mauduyts,
1396 2496 95 48 etc.,
1514 2496 75 38 etc.
