<?xml version="1.0" encoding="utf-8"?>
<alto SCHEMAVERSION="alto_bnf-v2_0" xmlns="http://www.loc.gov/standards/alto/ns-v3#" xmlns:xlink="http://www.w3.org/TR/xlink" xmlns:xsi="http://www.w3.org/2001/XMLSchema-instance" xsi:schemaLocation="http://www.loc.gov/standards/alto/ns-v3# http://bibnum.bnf.fr/schema/alto_bnf-v2_0.xsd">
  <Description>
    <MeasurementUnit>pixel</MeasurementUnit>
    <sourceImageInformation>
      <fileName>00000238.jp2</fileName>
      <documentIdentifier documentIdentifierLocation="IFN">9612399</documentIdentifier>
    </sourceImageInformation>
    <OCRProcessing ID="OCR_1">
      <ocrProcessingStep>
        <processingDateTime>2015-10-09</processingDateTime>
        <processingStepDescription>[001_OCR_BRUT]OCR BRUT 99.00 %</processingStepDescription>
        <processingStepDescription>[002_CHARS]{1103}</processingStepDescription>
        <processingStepDescription>[003_CHARS_USED]{1038}</processingStepDescription>
        <processingStepDescription>[004_CHARS_SUSPECTS_USED]{0}</processingStepDescription>
        <processingStepDescription>[005_CHARS_UNUSED]{65}</processingStepDescription>
        <processingStepDescription>[006_CHARS_SUSPECTS_UNUSED]{0}</processingStepDescription>
        <processingStepDescription>[007_STRINGS]{216}</processingStepDescription>
        <processingStepDescription>[008_STRINGS_USED]{216}</processingStepDescription>
        <processingStepDescription>[009_STRINGS_SUSPECTS_UNUSED]{0}</processingStepDescription>
        <processingStepDescription>[010_CHARS_LETTERS]{1038}</processingStepDescription>
        <processingStepDescription>[011_CHARS_PUNCTUATION]{57}</processingStepDescription>
        <processingStepDescription>[012_CHARS_DIGITS]{6}</processingStepDescription>
        <processingStepDescription>[013_CHARS_SUSPECT]{0}</processingStepDescription>
        <processingStepDescription>[022_CHARS_UNUSED_BY_BLOCK]{0}</processingStepDescription>
        <processingStepDescription>[023_BLOCKS_SUSPECTS]{0}</processingStepDescription>
        <processingStepDescription>[111_LIGS_DETECTED_CURV]{0}</processingStepDescription>
      </ocrProcessingStep>
    </OCRProcessing>
  </Description>
  <Styles>
    <TextStyle FONTFAMILY="Times" FONTSIZE="9" ID="TXT_5"/>
    <TextStyle FONTFAMILY="Times" FONTSIZE="8" ID="TXT_7"/>
  </Styles>
  <Tags>
    <OtherTag ID="TAG_importantEN" LABEL="important" TYPE="EN"/>
    <OtherTag ID="TAG_important" LABEL="important"/>
  </Tags>
  <Layout>
    <Page ACCURACY="99.00" HEIGHT="3000" ID="PAG_00000238" PHYSICAL_IMG_NR="238" PRINTED_IMG_NR="232" QUALITY="OK" WIDTH="1816">
      <TopMargin HEIGHT="440" HPOS="0" ID="PAG_00000238_TopMargin" VPOS="0" WIDTH="1816">
        <TextBlock HEIGHT="38" HPOS="916" ID="PAG_00000238_TB000001" LANG="fr" STYLEREFS="TXT_5" VPOS="339" WIDTH="240">
          <TextLine HEIGHT="38" HPOS="916" ID="PAG_00000238_TL000001" STYLEREFS="TXT_5" VPOS="339" WIDTH="240">
            <String CONTENT="—" HEIGHT="6" HPOS="916" ID="PAG_00000238_ST000001" STYLEREFS="TXT_7" VPOS="359" WC="1" WIDTH="50"/>
            <SP HPOS="966" ID="PAG_00000238_SP000001" VPOS="339" WIDTH="30"/>
            <String CONTENT="232" HEIGHT="38" HPOS="996" ID="PAG_00000238_ST000002" STYLEREFS="TXT_5" VPOS="339" WC="1" WIDTH="80"/>
            <SP HPOS="1076" ID="PAG_00000238_SP000002" VPOS="360" WIDTH="29"/>
            <String CONTENT="—" HEIGHT="5" HPOS="1105" ID="PAG_00000238_ST000003" STYLEREFS="TXT_5" VPOS="360" WC="1" WIDTH="51"/>
          </TextLine>
        </TextBlock>
      </TopMargin>
      <PrintSpace HEIGHT="2157" HPOS="404" ID="PAG_00000238_PrintSpace" VPOS="440" WIDTH="1277">
        <TextBlock HEIGHT="348" HPOS="409" ID="PAG_00000238_TB000002" LANG="fr" STYLEREFS="TXT_5" VPOS="440" WIDTH="1272">
          <TextLine HEIGHT="54" HPOS="411" ID="PAG_00000238_TL000002" STYLEREFS="TXT_5" VPOS="440" WIDTH="1270">
            <String CONTENT="un" HEIGHT="28" HPOS="411" ID="PAG_00000238_ST000004" STYLEREFS="TXT_5" VPOS="454" WC="0.99" WIDTH="57"/>
            <SP HPOS="468" ID="PAG_00000238_SP000003" VPOS="454" WIDTH="21"/>
            <String CONTENT="peu" HEIGHT="40" HPOS="489" ID="PAG_00000238_ST000005" STYLEREFS="TXT_5" VPOS="454" WC="1" WIDTH="77"/>
            <SP HPOS="566" ID="PAG_00000238_SP000004" VPOS="441" WIDTH="20"/>
            <String CONTENT="échancrée." HEIGHT="42" HPOS="586" ID="PAG_00000238_ST000006" STYLEREFS="TXT_5" VPOS="441" WC="1" WIDTH="235"/>
            <SP HPOS="821" ID="PAG_00000238_SP000005" VPOS="440" WIDTH="27"/>
            <String CONTENT="Chrysalides" HEIGHT="53" HPOS="848" ID="PAG_00000238_ST000007" STYLEREFS="TXT_5" VPOS="440" WC="1" WIDTH="262"/>
            <SP HPOS="1110" ID="PAG_00000238_SP000006" VPOS="441" WIDTH="20"/>
            <String CONTENT="effilées" HEIGHT="41" HPOS="1130" ID="PAG_00000238_ST000008" STYLEREFS="TXT_5" VPOS="441" WC="1" WIDTH="152"/>
            <SP HPOS="1282" ID="PAG_00000238_SP000007" VPOS="446" WIDTH="20"/>
            <String CONTENT="et" HEIGHT="35" HPOS="1302" ID="PAG_00000238_ST000009" STYLEREFS="TXT_5" VPOS="446" WC="1" WIDTH="38"/>
            <SP HPOS="1340" ID="PAG_00000238_SP000008" VPOS="440" WIDTH="21"/>
            <String CONTENT="conico-cylin-" HEIGHT="53" HPOS="1361" ID="PAG_00000238_ST000010" STYLEREFS="TXT_5" SUBS_CONTENT="conico-cylindriques" SUBS_TYPE="HypPart1" VPOS="440" WC="1" WIDTH="290"/>
            <HYP CONTENT="-" HPOS="1651" VPOS="493" WIDTH="30"/>
          </TextLine>
          <TextLine HEIGHT="55" HPOS="409" ID="PAG_00000238_TL000003" STYLEREFS="TXT_5" VPOS="512" WIDTH="1241">
            <String CONTENT="driques" HEIGHT="52" HPOS="409" ID="PAG_00000238_ST000011" STYLEREFS="TXT_5" SUBS_CONTENT="conico-cylindriques" SUBS_TYPE="HypPart2" VPOS="515" WC="1" WIDTH="167"/>
            <SP HPOS="576" ID="PAG_00000238_SP000009" VPOS="527" WIDTH="24"/>
            <String CONTENT="comme" HEIGHT="29" HPOS="600" ID="PAG_00000238_ST000012" STYLEREFS="TXT_5" VPOS="527" WC="1" WIDTH="159"/>
            <SP HPOS="759" ID="PAG_00000238_SP000010" VPOS="515" WIDTH="19"/>
            <String CONTENT="celles" HEIGHT="41" HPOS="778" ID="PAG_00000238_ST000013" STYLEREFS="TXT_5" VPOS="515" WC="1" WIDTH="121"/>
            <SP HPOS="899" ID="PAG_00000238_SP000011" VPOS="513" WIDTH="22"/>
            <String CONTENT="du" HEIGHT="41" HPOS="921" ID="PAG_00000238_ST000014" STYLEREFS="TXT_5" VPOS="513" WC="1" WIDTH="54"/>
            <SP HPOS="975" ID="PAG_00000238_SP000012" VPOS="525" WIDTH="30"/>
            <String CONTENT="genre" HEIGHT="40" HPOS="1005" ID="PAG_00000238_ST000015" STYLEREFS="TXT_5" VPOS="525" WC="1" WIDTH="123"/>
            <SP HPOS="1128" ID="PAG_00000238_SP000013" VPOS="512" WIDTH="32"/>
            <String CONTENT="précédent," HEIGHT="54" HPOS="1160" ID="PAG_00000238_ST000016" STYLEREFS="TXT_5" VPOS="512" WC="1" WIDTH="236"/>
            <SP HPOS="1396" ID="PAG_00000238_SP000014" VPOS="513" WIDTH="37"/>
            <String CONTENT="terminées" HEIGHT="42" HPOS="1433" ID="PAG_00000238_ST000017" STYLEREFS="TXT_5" VPOS="513" WC="1" WIDTH="217"/>
          </TextLine>
          <TextLine HEIGHT="53" HPOS="409" ID="PAG_00000238_TL000004" STYLEREFS="TXT_5" VPOS="588" WIDTH="1241">
            <String CONTENT="antérieurement" HEIGHT="42" HPOS="409" ID="PAG_00000238_ST000018" STYLEREFS="TXT_5" VPOS="588" WC="1" WIDTH="345"/>
            <SP HPOS="754" ID="PAG_00000238_SP000015" VPOS="599" WIDTH="19"/>
            <String CONTENT="par" HEIGHT="42" HPOS="773" ID="PAG_00000238_ST000019" STYLEREFS="TXT_5" VPOS="599" WC="1" WIDTH="73"/>
            <SP HPOS="846" ID="PAG_00000238_SP000016" VPOS="600" WIDTH="28"/>
            <String CONTENT="une" HEIGHT="28" HPOS="874" ID="PAG_00000238_ST000020" STYLEREFS="TXT_5" VPOS="600" WC="1" WIDTH="81"/>
            <SP HPOS="955" ID="PAG_00000238_SP000017" VPOS="588" WIDTH="29"/>
            <String CONTENT="pointe" HEIGHT="52" HPOS="984" ID="PAG_00000238_ST000021" STYLEREFS="TXT_5" VPOS="588" WC="1" WIDTH="140"/>
            <SP HPOS="1124" ID="PAG_00000238_SP000018" VPOS="592" WIDTH="31"/>
            <String CONTENT="courte," HEIGHT="46" HPOS="1155" ID="PAG_00000238_ST000022" STYLEREFS="TXT_5" VPOS="592" WC="1" WIDTH="156"/>
            <SP HPOS="1311" ID="PAG_00000238_SP000019" VPOS="592" WIDTH="40"/>
            <String CONTENT="et" HEIGHT="36" HPOS="1351" ID="PAG_00000238_ST000023" STYLEREFS="TXT_5" VPOS="592" WC="1" WIDTH="38"/>
            <SP HPOS="1389" ID="PAG_00000238_SP000020" VPOS="593" WIDTH="29"/>
            <String CONTENT="ayant" HEIGHT="47" HPOS="1418" ID="PAG_00000238_ST000024" STYLEREFS="TXT_5" VPOS="593" WC="1" WIDTH="124"/>
            <SP HPOS="1542" ID="PAG_00000238_SP000021" VPOS="599" WIDTH="27"/>
            <String CONTENT="une" HEIGHT="29" HPOS="1569" ID="PAG_00000238_ST000025" STYLEREFS="TXT_5" VPOS="599" WC="1" WIDTH="81"/>
          </TextLine>
          <TextLine HEIGHT="55" HPOS="436" ID="PAG_00000238_TL000005" STYLEREFS="TXT_5" VPOS="659" WIDTH="1209">
            <String CONTENT="aine" HEIGHT="40" HPOS="436" ID="PAG_00000238_ST000026" STYLEREFS="TXT_5" VPOS="663" WC="1" WIDTH="92"/>
            <SP HPOS="528" ID="PAG_00000238_SP000022" VPOS="663" WIDTH="34"/>
            <String CONTENT="libre" HEIGHT="40" HPOS="562" ID="PAG_00000238_ST000027" STYLEREFS="TXT_5" VPOS="663" WC="1" WIDTH="101"/>
            <SP HPOS="663" ID="PAG_00000238_SP000023" VPOS="660" WIDTH="38"/>
            <String CONTENT="prolongée" HEIGHT="54" HPOS="701" ID="PAG_00000238_ST000028" STYLEREFS="TXT_5" VPOS="660" WC="1" WIDTH="221"/>
            <SP HPOS="922" ID="PAG_00000238_SP000024" VPOS="672" WIDTH="58"/>
            <String CONTENT="en" HEIGHT="29" HPOS="980" ID="PAG_00000238_ST000029" STYLEREFS="TXT_5" VPOS="672" WC="1" WIDTH="51"/>
            <SP HPOS="1031" ID="PAG_00000238_SP000025" VPOS="659" WIDTH="49"/>
            <String CONTENT="filet" HEIGHT="42" HPOS="1080" ID="PAG_00000238_ST000030" STYLEREFS="TXT_5" VPOS="659" WC="1" WIDTH="84"/>
            <SP HPOS="1164" ID="PAG_00000238_SP000026" VPOS="673" WIDTH="41"/>
            <String CONTENT="pour" HEIGHT="41" HPOS="1205" ID="PAG_00000238_ST000031" STYLEREFS="TXT_5" VPOS="673" WC="1" WIDTH="105"/>
            <SP HPOS="1310" ID="PAG_00000238_SP000027" VPOS="662" WIDTH="42"/>
            <String CONTENT="renfermer" HEIGHT="39" HPOS="1352" ID="PAG_00000238_ST000032" STYLEREFS="TXT_5" VPOS="662" WC="1" WIDTH="218"/>
            <SP HPOS="1570" ID="PAG_00000238_SP000028" VPOS="662" WIDTH="39"/>
            <String CONTENT="la" HEIGHT="39" HPOS="1609" ID="PAG_00000238_ST000033" STYLEREFS="TXT_5" VPOS="662" WC="1" WIDTH="36"/>
          </TextLine>
          <TextLine HEIGHT="47" HPOS="412" ID="PAG_00000238_TL000006" STYLEREFS="TXT_5" VPOS="741" WIDTH="171">
            <String CONTENT="trompe." HEIGHT="47" HPOS="412" ID="PAG_00000238_ST000034" STYLEREFS="TXT_5" VPOS="741" WC="1" WIDTH="171"/>
          </TextLine>
        </TextBlock>
        <TextBlock HEIGHT="51" HPOS="410" ID="PAG_00000238_TB000003" LANG="fr" STYLEREFS="TXT_5" VPOS="837" WIDTH="762">
          <TextLine HEIGHT="51" HPOS="410" ID="PAG_00000238_TL000007" STYLEREFS="TXT_5" VPOS="837" WIDTH="762">
            <String CONTENT="THÀUMÀS," HEIGHT="47" HPOS="410" ID="PAG_00000238_ST000035" STYLEREFS="TXT_5" VPOS="840" WC="0.67" WIDTH="215"/>
            <SP HPOS="625" ID="PAG_00000238_SP000029" VPOS="839" WIDTH="24"/>
            <String CONTENT="Hufn." HEIGHT="40" HPOS="649" ID="PAG_00000238_ST000036" STYLEREFS="TXT_5" TAGREFS="TAG_important" VPOS="839" WC="1" WIDTH="126"/>
            <SP HPOS="775" ID="PAG_00000238_SP000030" VPOS="837" WIDTH="25"/>
            <String CONTENT="Linea," HEIGHT="50" HPOS="800" ID="PAG_00000238_ST000037" STYLEREFS="TXT_5" TAGREFS="TAG_importantEN" VPOS="837" WC="1" WIDTH="145"/>
            <SP HPOS="945" ID="PAG_00000238_SP000031" VPOS="850" WIDTH="25"/>
            <String CONTENT="s,v," HEIGHT="38" HPOS="970" ID="PAG_00000238_ST000038" STYLEREFS="TXT_5" VPOS="850" WC="1" WIDTH="79"/>
            <SP HPOS="1049" ID="PAG_00000238_SP000032" VPOS="838" WIDTH="20"/>
            <String CONTENT="God." HEIGHT="40" HPOS="1069" ID="PAG_00000238_ST000039" STYLEREFS="TXT_5" TAGREFS="TAG_important" VPOS="838" WC="1" WIDTH="103"/>
          </TextLine>
        </TextBlock>
        <TextBlock HEIGHT="477" HPOS="409" ID="PAG_00000238_TB000004" LANG="fr" STYLEREFS="TXT_5" VPOS="941" WIDTH="1269">
          <TextLine HEIGHT="49" HPOS="464" ID="PAG_00000238_TL000008" STYLEREFS="TXT_5" VPOS="941" WIDTH="1214">
            <String CONTENT="25m." HEIGHT="41" HPOS="464" ID="PAG_00000238_ST000040" STYLEREFS="TXT_5" VPOS="941" WC="0.97" WIDTH="99"/>
            <SP HPOS="563" ID="PAG_00000238_SP000033" VPOS="942" WIDTH="21"/>
            <String CONTENT="Ailes" HEIGHT="40" HPOS="584" ID="PAG_00000238_ST000041" STYLEREFS="TXT_5" VPOS="942" WC="1" WIDTH="109"/>
            <SP HPOS="693" ID="PAG_00000238_SP000034" VPOS="942" WIDTH="29"/>
            <String CONTENT="fauves," HEIGHT="48" HPOS="722" ID="PAG_00000238_ST000042" STYLEREFS="TXT_5" VPOS="942" WC="1" WIDTH="157"/>
            <SP HPOS="879" ID="PAG_00000238_SP000035" VPOS="953" WIDTH="22"/>
            <String CONTENT="avec" HEIGHT="29" HPOS="901" ID="PAG_00000238_ST000043" STYLEREFS="TXT_5" VPOS="953" WC="1" WIDTH="97"/>
            <SP HPOS="998" ID="PAG_00000238_SP000036" VPOS="954" WIDTH="21"/>
            <String CONTENT="une" HEIGHT="28" HPOS="1019" ID="PAG_00000238_ST000044" STYLEREFS="TXT_5" VPOS="954" WC="1" WIDTH="80"/>
            <SP HPOS="1099" ID="PAG_00000238_SP000037" VPOS="941" WIDTH="31"/>
            <String CONTENT="étroite" HEIGHT="42" HPOS="1130" ID="PAG_00000238_ST000045" STYLEREFS="TXT_5" VPOS="941" WC="1" WIDTH="145"/>
            <SP HPOS="1275" ID="PAG_00000238_SP000038" VPOS="942" WIDTH="20"/>
            <String CONTENT="bordure" HEIGHT="41" HPOS="1295" ID="PAG_00000238_ST000046" STYLEREFS="TXT_5" VPOS="942" WC="1" WIDTH="176"/>
            <SP HPOS="1471" ID="PAG_00000238_SP000039" VPOS="947" WIDTH="20"/>
            <String CONTENT="et" HEIGHT="36" HPOS="1491" ID="PAG_00000238_ST000047" STYLEREFS="TXT_5" VPOS="947" WC="1" WIDTH="39"/>
            <SP HPOS="1530" ID="PAG_00000238_SP000040" VPOS="942" WIDTH="19"/>
            <String CONTENT="l'ex-" HEIGHT="40" HPOS="1549" ID="PAG_00000238_ST000048" STYLEREFS="TXT_5" SUBS_CONTENT="l'extrémité" SUBS_TYPE="HypPart1" VPOS="942" WC="1" WIDTH="99"/>
            <HYP CONTENT="-" HPOS="1648" VPOS="982" WIDTH="30"/>
          </TextLine>
          <TextLine HEIGHT="54" HPOS="410" ID="PAG_00000238_TL000009" STYLEREFS="TXT_5" VPOS="1013" WIDTH="1242">
            <String CONTENT="trémité" HEIGHT="41" HPOS="410" ID="PAG_00000238_ST000049" STYLEREFS="TXT_5" SUBS_CONTENT="l'extrémité" SUBS_TYPE="HypPart2" VPOS="1013" WC="1" WIDTH="160"/>
            <SP HPOS="570" ID="PAG_00000238_SP000041" VPOS="1013" WIDTH="21"/>
            <String CONTENT="des" HEIGHT="41" HPOS="591" ID="PAG_00000238_ST000050" STYLEREFS="TXT_5" VPOS="1013" WC="1" WIDTH="70"/>
            <SP HPOS="661" ID="PAG_00000238_SP000042" VPOS="1025" WIDTH="26"/>
            <String CONTENT="nervures," HEIGHT="40" HPOS="687" ID="PAG_00000238_ST000051" STYLEREFS="TXT_5" VPOS="1025" WC="1" WIDTH="211"/>
            <SP HPOS="898" ID="PAG_00000238_SP000043" VPOS="1014" WIDTH="22"/>
            <String CONTENT="noires" HEIGHT="40" HPOS="920" ID="PAG_00000238_ST000052" STYLEREFS="TXT_5" VPOS="1014" WC="1" WIDTH="137"/>
            <SP HPOS="1057" ID="PAG_00000238_SP000044" VPOS="1028" WIDTH="20"/>
            <String CONTENT=";" HEIGHT="37" HPOS="1077" ID="PAG_00000238_ST000053" STYLEREFS="TXT_5" VPOS="1028" WC="1" WIDTH="10"/>
            <SP HPOS="1087" ID="PAG_00000238_SP000045" VPOS="1014" WIDTH="23"/>
            <String CONTENT="supérieures" HEIGHT="52" HPOS="1110" ID="PAG_00000238_ST000054" STYLEREFS="TXT_5" VPOS="1014" WC="1" WIDTH="257"/>
            <SP HPOS="1367" ID="PAG_00000238_SP000046" VPOS="1017" WIDTH="21"/>
            <String CONTENT="ayant" HEIGHT="50" HPOS="1388" ID="PAG_00000238_ST000055" STYLEREFS="TXT_5" VPOS="1017" WC="1" WIDTH="124"/>
            <SP HPOS="1512" ID="PAG_00000238_SP000047" VPOS="1026" WIDTH="15"/>
            <String CONTENT="sur" HEIGHT="28" HPOS="1527" ID="PAG_00000238_ST000056" STYLEREFS="TXT_5" VPOS="1026" WC="1" WIDTH="69"/>
            <SP HPOS="1596" ID="PAG_00000238_SP000048" VPOS="1014" WIDTH="20"/>
            <String CONTENT="le" HEIGHT="40" HPOS="1616" ID="PAG_00000238_ST000057" STYLEREFS="TXT_5" VPOS="1014" WC="1" WIDTH="36"/>
          </TextLine>
          <TextLine HEIGHT="54" HPOS="411" ID="PAG_00000238_TL000010" STYLEREFS="TXT_5" VPOS="1085" WIDTH="1241">
            <String CONTENT="disque" HEIGHT="51" HPOS="411" ID="PAG_00000238_ST000058" STYLEREFS="TXT_5" VPOS="1087" WC="1" WIDTH="144"/>
            <SP HPOS="555" ID="PAG_00000238_SP000049" VPOS="1099" WIDTH="19"/>
            <String CONTENT="un" HEIGHT="28" HPOS="574" ID="PAG_00000238_ST000059" STYLEREFS="TXT_5" VPOS="1099" WC="1" WIDTH="57"/>
            <SP HPOS="631" ID="PAG_00000238_SP000050" VPOS="1086" WIDTH="22"/>
            <String CONTENT="trait" HEIGHT="41" HPOS="653" ID="PAG_00000238_ST000060" STYLEREFS="TXT_5" VPOS="1086" WC="1" WIDTH="96"/>
            <SP HPOS="749" ID="PAG_00000238_SP000051" VPOS="1087" WIDTH="15"/>
            <String CONTENT="noir," HEIGHT="48" HPOS="764" ID="PAG_00000238_ST000061" STYLEREFS="TXT_5" VPOS="1087" WC="1" WIDTH="105"/>
            <SP HPOS="869" ID="PAG_00000238_SP000052" VPOS="1085" WIDTH="16"/>
            <String CONTENT="linéaire," HEIGHT="50" HPOS="885" ID="PAG_00000238_ST000062" STYLEREFS="TXT_5" VPOS="1085" WC="1" WIDTH="184"/>
            <SP HPOS="1069" ID="PAG_00000238_SP000053" VPOS="1087" WIDTH="20"/>
            <String CONTENT="oblique" HEIGHT="51" HPOS="1089" ID="PAG_00000238_ST000063" STYLEREFS="TXT_5" VPOS="1087" WC="1" WIDTH="164"/>
            <SP HPOS="1253" ID="PAG_00000238_SP000054" VPOS="1101" WIDTH="14"/>
            <String CONTENT=";" HEIGHT="38" HPOS="1267" ID="PAG_00000238_ST000064" STYLEREFS="TXT_5" VPOS="1101" WC="1" WIDTH="10"/>
            <SP HPOS="1277" ID="PAG_00000238_SP000055" VPOS="1086" WIDTH="19"/>
            <String CONTENT="inférieures" HEIGHT="41" HPOS="1296" ID="PAG_00000238_ST000065" STYLEREFS="TXT_5" VPOS="1086" WC="1" WIDTH="240"/>
            <SP HPOS="1536" ID="PAG_00000238_SP000056" VPOS="1098" WIDTH="22"/>
            <String CONTENT="sans" HEIGHT="29" HPOS="1558" ID="PAG_00000238_ST000066" STYLEREFS="TXT_5" VPOS="1098" WC="1" WIDTH="94"/>
          </TextLine>
          <TextLine HEIGHT="53" HPOS="410" ID="PAG_00000238_TL000011" STYLEREFS="TXT_5" VPOS="1159" WIDTH="1241">
            <String CONTENT="taches." HEIGHT="40" HPOS="410" ID="PAG_00000238_ST000067" STYLEREFS="TXT_5" VPOS="1159" WC="1" WIDTH="154"/>
            <SP HPOS="564" ID="PAG_00000238_SP000057" VPOS="1160" WIDTH="22"/>
            <String CONTENT="Dessous" HEIGHT="40" HPOS="586" ID="PAG_00000238_ST000068" STYLEREFS="TXT_5" VPOS="1160" WC="1" WIDTH="177"/>
            <SP HPOS="763" ID="PAG_00000238_SP000058" VPOS="1159" WIDTH="23"/>
            <String CONTENT="des" HEIGHT="41" HPOS="786" ID="PAG_00000238_ST000069" STYLEREFS="TXT_5" VPOS="1159" WC="1" WIDTH="71"/>
            <SP HPOS="857" ID="PAG_00000238_SP000059" VPOS="1159" WIDTH="21"/>
            <String CONTENT="supérieures" HEIGHT="53" HPOS="878" ID="PAG_00000238_ST000070" STYLEREFS="TXT_5" VPOS="1159" WC="1" WIDTH="255"/>
            <SP HPOS="1133" ID="PAG_00000238_SP000060" VPOS="1160" WIDTH="21"/>
            <String CONTENT="fauve," HEIGHT="48" HPOS="1154" ID="PAG_00000238_ST000071" STYLEREFS="TXT_5" VPOS="1160" WC="1" WIDTH="133"/>
            <SP HPOS="1287" ID="PAG_00000238_SP000061" VPOS="1170" WIDTH="15"/>
            <String CONTENT="avec" HEIGHT="30" HPOS="1302" ID="PAG_00000238_ST000072" STYLEREFS="TXT_5" VPOS="1170" WC="1" WIDTH="96"/>
            <SP HPOS="1398" ID="PAG_00000238_SP000062" VPOS="1160" WIDTH="21"/>
            <String CONTENT="le" HEIGHT="40" HPOS="1419" ID="PAG_00000238_ST000073" STYLEREFS="TXT_5" VPOS="1160" WC="1" WIDTH="36"/>
            <SP HPOS="1455" ID="PAG_00000238_SP000063" VPOS="1162" WIDTH="22"/>
            <String CONTENT="sommet" HEIGHT="38" HPOS="1477" ID="PAG_00000238_ST000074" STYLEREFS="TXT_5" VPOS="1162" WC="1" WIDTH="174"/>
          </TextLine>
          <TextLine HEIGHT="54" HPOS="409" ID="PAG_00000238_TL000012" STYLEREFS="TXT_5" VPOS="1230" WIDTH="1243">
            <String CONTENT="gris-jaunâtre," HEIGHT="54" HPOS="409" ID="PAG_00000238_ST000075" STYLEREFS="TXT_5" VPOS="1230" WC="1" WIDTH="315"/>
            <SP HPOS="724" ID="PAG_00000238_SP000064" VPOS="1231" WIDTH="42"/>
            <String CONTENT="dessous" HEIGHT="41" HPOS="766" ID="PAG_00000238_ST000076" STYLEREFS="TXT_5" VPOS="1231" WC="1" WIDTH="172"/>
            <SP HPOS="938" ID="PAG_00000238_SP000065" VPOS="1231" WIDTH="35"/>
            <String CONTENT="des" HEIGHT="41" HPOS="973" ID="PAG_00000238_ST000077" STYLEREFS="TXT_5" VPOS="1231" WC="1" WIDTH="70"/>
            <SP HPOS="1043" ID="PAG_00000238_SP000066" VPOS="1230" WIDTH="37"/>
            <String CONTENT="inférieures" HEIGHT="42" HPOS="1080" ID="PAG_00000238_ST000078" STYLEREFS="TXT_5" VPOS="1230" WC="1" WIDTH="240"/>
            <SP HPOS="1320" ID="PAG_00000238_SP000067" VPOS="1233" WIDTH="36"/>
            <String CONTENT="gris-jaunâtre" HEIGHT="51" HPOS="1356" ID="PAG_00000238_ST000079" STYLEREFS="TXT_5" VPOS="1233" WC="1" WIDTH="296"/>
          </TextLine>
          <TextLine HEIGHT="42" HPOS="409" ID="PAG_00000238_TL000013" STYLEREFS="TXT_5" VPOS="1303" WIDTH="1242">
            <String CONTENT="avec" HEIGHT="29" HPOS="409" ID="PAG_00000238_ST000080" STYLEREFS="TXT_5" VPOS="1315" WC="1" WIDTH="95"/>
            <SP HPOS="504" ID="PAG_00000238_SP000068" VPOS="1305" WIDTH="35"/>
            <String CONTENT="le" HEIGHT="38" HPOS="539" ID="PAG_00000238_ST000081" STYLEREFS="TXT_5" VPOS="1305" WC="1" WIDTH="35"/>
            <SP HPOS="574" ID="PAG_00000238_SP000069" VPOS="1303" WIDTH="28"/>
            <String CONTENT="bord" HEIGHT="40" HPOS="602" ID="PAG_00000238_ST000082" STYLEREFS="TXT_5" VPOS="1303" WC="1" WIDTH="101"/>
            <SP HPOS="703" ID="PAG_00000238_SP000070" VPOS="1304" WIDTH="42"/>
            <String CONTENT="terminal" HEIGHT="40" HPOS="745" ID="PAG_00000238_ST000083" STYLEREFS="TXT_5" VPOS="1304" WC="1" WIDTH="188"/>
            <SP HPOS="933" ID="PAG_00000238_SP000071" VPOS="1305" WIDTH="32"/>
            <String CONTENT="fauve." HEIGHT="40" HPOS="965" ID="PAG_00000238_ST000084" STYLEREFS="TXT_5" VPOS="1305" WC="1" WIDTH="133"/>
            <SP HPOS="1098" ID="PAG_00000238_SP000072" VPOS="1307" WIDTH="35"/>
            <String CONTENT="Massue" HEIGHT="37" HPOS="1133" ID="PAG_00000238_ST000085" STYLEREFS="TXT_5" VPOS="1307" WC="1" WIDTH="159"/>
            <SP HPOS="1292" ID="PAG_00000238_SP000073" VPOS="1304" WIDTH="42"/>
            <String CONTENT="des" HEIGHT="41" HPOS="1334" ID="PAG_00000238_ST000086" STYLEREFS="TXT_5" VPOS="1304" WC="1" WIDTH="73"/>
            <SP HPOS="1407" ID="PAG_00000238_SP000074" VPOS="1308" WIDTH="49"/>
            <String CONTENT="antennes" HEIGHT="37" HPOS="1456" ID="PAG_00000238_ST000087" STYLEREFS="TXT_5" VPOS="1308" WC="1" WIDTH="195"/>
          </TextLine>
          <TextLine HEIGHT="41" HPOS="411" ID="PAG_00000238_TL000014" STYLEREFS="TXT_5" VPOS="1377" WIDTH="419">
            <String CONTENT="rousse" HEIGHT="29" HPOS="411" ID="PAG_00000238_ST000088" STYLEREFS="TXT_5" VPOS="1388" WC="1" WIDTH="141"/>
            <SP HPOS="552" ID="PAG_00000238_SP000075" VPOS="1389" WIDTH="20"/>
            <String CONTENT="en" HEIGHT="29" HPOS="572" ID="PAG_00000238_ST000089" STYLEREFS="TXT_5" VPOS="1389" WC="1" WIDTH="50"/>
            <SP HPOS="622" ID="PAG_00000238_SP000076" VPOS="1377" WIDTH="22"/>
            <String CONTENT="dessous." HEIGHT="41" HPOS="644" ID="PAG_00000238_ST000090" STYLEREFS="TXT_5" VPOS="1377" WC="1" WIDTH="186"/>
          </TextLine>
        </TextBlock>
        <TextBlock HEIGHT="199" HPOS="410" ID="PAG_00000238_TB000005" LANG="fr" STYLEREFS="TXT_5" VPOS="1449" WIDTH="1271">
          <TextLine HEIGHT="55" HPOS="473" ID="PAG_00000238_TL000015" STYLEREFS="TXT_5" VPOS="1449" WIDTH="973">
            <String CONTENT="9" HEIGHT="55" HPOS="473" ID="PAG_00000238_ST000091" STYLEREFS="TXT_5" VPOS="1449" WC="0.70" WIDTH="35"/>
            <SP HPOS="508" ID="PAG_00000238_SP000077" VPOS="1451" WIDTH="29"/>
            <String CONTENT="plus" HEIGHT="51" HPOS="537" ID="PAG_00000238_ST000092" STYLEREFS="TXT_5" VPOS="1451" WC="1" WIDTH="92"/>
            <SP HPOS="629" ID="PAG_00000238_SP000078" VPOS="1450" WIDTH="21"/>
            <String CONTENT="grande" HEIGHT="51" HPOS="650" ID="PAG_00000238_ST000093" STYLEREFS="TXT_5" VPOS="1450" WC="0.97" WIDTH="154"/>
            <SP HPOS="804" ID="PAG_00000238_SP000079" VPOS="1454" WIDTH="21"/>
            <String CONTENT="et" HEIGHT="38" HPOS="825" ID="PAG_00000238_ST000094" STYLEREFS="TXT_5" VPOS="1454" WC="1" WIDTH="39"/>
            <SP HPOS="864" ID="PAG_00000238_SP000080" VPOS="1463" WIDTH="20"/>
            <String CONTENT="sans" HEIGHT="29" HPOS="884" ID="PAG_00000238_ST000095" STYLEREFS="TXT_5" VPOS="1463" WC="1" WIDTH="96"/>
            <SP HPOS="980" ID="PAG_00000238_SP000081" VPOS="1451" WIDTH="20"/>
            <String CONTENT="trait" HEIGHT="41" HPOS="1000" ID="PAG_00000238_ST000096" STYLEREFS="TXT_5" VPOS="1451" WC="1" WIDTH="96"/>
            <SP HPOS="1096" ID="PAG_00000238_SP000082" VPOS="1449" WIDTH="21"/>
            <String CONTENT="noir" HEIGHT="43" HPOS="1117" ID="PAG_00000238_ST000097" STYLEREFS="TXT_5" VPOS="1449" WC="1" WIDTH="93"/>
            <SP HPOS="1210" ID="PAG_00000238_SP000083" VPOS="1449" WIDTH="21"/>
            <String CONTENT="discoïdal." HEIGHT="42" HPOS="1231" ID="PAG_00000238_ST000098" STYLEREFS="TXT_5" VPOS="1449" WC="0.98" WIDTH="215"/>
          </TextLine>
          <TextLine HEIGHT="54" HPOS="466" ID="PAG_00000238_TL000016" STYLEREFS="TXT_5" VPOS="1521" WIDTH="1215">
            <String CONTENT="Chenille" HEIGHT="42" HPOS="466" ID="PAG_00000238_ST000099" STYLEREFS="TXT_5" VPOS="1521" WC="0.97" WIDTH="183"/>
            <SP HPOS="649" ID="PAG_00000238_SP000084" VPOS="1535" WIDTH="30"/>
            <String CONTENT="en" HEIGHT="28" HPOS="679" ID="PAG_00000238_ST000100" STYLEREFS="TXT_5" VPOS="1535" WC="1" WIDTH="50"/>
            <SP HPOS="729" ID="PAG_00000238_SP000085" VPOS="1525" WIDTH="16"/>
            <String CONTENT="juin" HEIGHT="50" HPOS="745" ID="PAG_00000238_ST000101" STYLEREFS="TXT_5" VPOS="1525" WC="1" WIDTH="93"/>
            <SP HPOS="838" ID="PAG_00000238_SP000086" VPOS="1536" WIDTH="32"/>
            <String CONTENT="sur" HEIGHT="29" HPOS="870" ID="PAG_00000238_ST000102" STYLEREFS="TXT_5" VPOS="1536" WC="1" WIDTH="72"/>
            <SP HPOS="942" ID="PAG_00000238_SP000087" VPOS="1524" WIDTH="28"/>
            <String CONTENT="les" HEIGHT="41" HPOS="970" ID="PAG_00000238_ST000103" STYLEREFS="TXT_5" VPOS="1524" WC="1" WIDTH="58"/>
            <SP HPOS="1028" ID="PAG_00000238_SP000088" VPOS="1522" WIDTH="32"/>
            <String CONTENT="graminées." HEIGHT="53" HPOS="1060" ID="PAG_00000238_ST000104" STYLEREFS="TXT_5" VPOS="1522" WC="1" WIDTH="247"/>
            <SP HPOS="1307" ID="PAG_00000238_SP000089" VPOS="1524" WIDTH="31"/>
            <String CONTENT="T." HEIGHT="38" HPOS="1338" ID="PAG_00000238_ST000105" STYLEREFS="TXT_5" VPOS="1524" WC="1" WIDTH="44"/>
            <SP HPOS="1382" ID="PAG_00000238_SP000090" VPOS="1523" WIDTH="26"/>
            <String CONTENT="la" HEIGHT="40" HPOS="1408" ID="PAG_00000238_ST000106" STYLEREFS="TXT_5" VPOS="1523" WC="0.98" WIDTH="39"/>
            <SP HPOS="1447" ID="PAG_00000238_SP000091" VPOS="1524" WIDTH="22"/>
            <String CONTENT="F." HEIGHT="39" HPOS="1469" ID="PAG_00000238_ST000107" STYLEREFS="TXT_5" VPOS="1524" WC="1" WIDTH="43"/>
            <SP HPOS="1512" ID="PAG_00000238_SP000092" VPOS="1535" WIDTH="23"/>
            <String CONTENT="com-" HEIGHT="29" HPOS="1535" ID="PAG_00000238_ST000108" STYLEREFS="TXT_5" SUBS_CONTENT="commune" SUBS_TYPE="HypPart1" VPOS="1535" WC="1" WIDTH="116"/>
            <HYP CONTENT="-" HPOS="1651" VPOS="1564" WIDTH="30"/>
          </TextLine>
          <TextLine HEIGHT="53" HPOS="410" ID="PAG_00000238_TL000017" STYLEREFS="TXT_5" VPOS="1595" WIDTH="793">
            <String CONTENT="mune" HEIGHT="29" HPOS="410" ID="PAG_00000238_ST000109" STYLEREFS="TXT_5" SUBS_CONTENT="commune" SUBS_TYPE="HypPart2" VPOS="1606" WC="1" WIDTH="124"/>
            <SP HPOS="534" ID="PAG_00000238_SP000093" VPOS="1607" WIDTH="21"/>
            <String CONTENT="en" HEIGHT="28" HPOS="555" ID="PAG_00000238_ST000110" STYLEREFS="TXT_5" VPOS="1607" WC="1" WIDTH="50"/>
            <SP HPOS="605" ID="PAG_00000238_SP000094" VPOS="1595" WIDTH="12"/>
            <String CONTENT="juillet," HEIGHT="52" HPOS="617" ID="PAG_00000238_ST000111" STYLEREFS="TXT_5" VPOS="1595" WC="1" WIDTH="150"/>
            <SP HPOS="767" ID="PAG_00000238_SP000095" VPOS="1599" WIDTH="18"/>
            <String CONTENT="août" HEIGHT="38" HPOS="785" ID="PAG_00000238_ST000112" STYLEREFS="TXT_5" VPOS="1599" WC="1" WIDTH="98"/>
            <SP HPOS="883" ID="PAG_00000238_SP000096" VPOS="1599" WIDTH="18"/>
            <String CONTENT="et" HEIGHT="38" HPOS="901" ID="PAG_00000238_ST000113" STYLEREFS="TXT_5" VPOS="1599" WC="1" WIDTH="39"/>
            <SP HPOS="940" ID="PAG_00000238_SP000097" VPOS="1596" WIDTH="18"/>
            <String CONTENT="septembre." HEIGHT="52" HPOS="958" ID="PAG_00000238_ST000114" STYLEREFS="TXT_5" VPOS="1596" WC="1" WIDTH="245"/>
          </TextLine>
        </TextBlock>
        <TextBlock HEIGHT="54" HPOS="408" ID="PAG_00000238_TB000006" LANG="fr" STYLEREFS="TXT_5" VPOS="1705" WIDTH="461">
          <TextLine HEIGHT="54" HPOS="408" ID="PAG_00000238_TL000018" STYLEREFS="TXT_5" VPOS="1705" WIDTH="461">
            <String CONTENT="LINEOLA," HEIGHT="48" HPOS="408" ID="PAG_00000238_ST000115" STYLEREFS="TXT_5" VPOS="1706" WC="1" WIDTH="205"/>
            <SP HPOS="613" ID="PAG_00000238_SP000098" VPOS="1705" WIDTH="23"/>
            <String CONTENT="Och." HEIGHT="41" HPOS="636" ID="PAG_00000238_ST000116" STYLEREFS="TXT_5" TAGREFS="TAG_important" VPOS="1705" WC="0.89" WIDTH="102"/>
            <SP HPOS="738" ID="PAG_00000238_SP000099" VPOS="1707" WIDTH="25"/>
            <String CONTENT="Dup." HEIGHT="52" HPOS="763" ID="PAG_00000238_ST000117" STYLEREFS="TXT_5" VPOS="1707" WC="1" WIDTH="106"/>
          </TextLine>
        </TextBlock>
        <TextBlock HEIGHT="115" HPOS="407" ID="PAG_00000238_TB000007" LANG="fr" STYLEREFS="TXT_5" VPOS="1814" WIDTH="1244">
          <TextLine HEIGHT="54" HPOS="466" ID="PAG_00000238_TL000019" STYLEREFS="TXT_5" VPOS="1814" WIDTH="1185">
            <String CONTENT="Taille" HEIGHT="42" HPOS="466" ID="PAG_00000238_ST000118" STYLEREFS="TXT_5" VPOS="1814" WC="1" WIDTH="128"/>
            <SP HPOS="594" ID="PAG_00000238_SP000100" VPOS="1820" WIDTH="22"/>
            <String CONTENT="et" HEIGHT="36" HPOS="616" ID="PAG_00000238_ST000119" STYLEREFS="TXT_5" VPOS="1820" WC="1" WIDTH="40"/>
            <SP HPOS="656" ID="PAG_00000238_SP000101" VPOS="1820" WIDTH="25"/>
            <String CONTENT="port" HEIGHT="48" HPOS="681" ID="PAG_00000238_ST000120" STYLEREFS="TXT_5" VPOS="1820" WC="1" WIDTH="92"/>
            <SP HPOS="773" ID="PAG_00000238_SP000102" VPOS="1815" WIDTH="19"/>
            <String CONTENT="de" HEIGHT="41" HPOS="792" ID="PAG_00000238_ST000121" STYLEREFS="TXT_5" VPOS="1815" WC="1" WIDTH="51"/>
            <SP HPOS="843" ID="PAG_00000238_SP000103" VPOS="1817" WIDTH="29"/>
            <String CONTENT="la" HEIGHT="39" HPOS="872" ID="PAG_00000238_ST000122" STYLEREFS="TXT_5" VPOS="1817" WC="1" WIDTH="38"/>
            <SP HPOS="910" ID="PAG_00000238_SP000104" VPOS="1815" WIDTH="32"/>
            <String CONTENT="précédente" HEIGHT="53" HPOS="942" ID="PAG_00000238_ST000123" STYLEREFS="TXT_5" VPOS="1815" WC="1" WIDTH="243"/>
            <SP HPOS="1185" ID="PAG_00000238_SP000105" VPOS="1826" WIDTH="20"/>
            <String CONTENT="avec" HEIGHT="30" HPOS="1205" ID="PAG_00000238_ST000124" STYLEREFS="TXT_5" VPOS="1826" WC="1" WIDTH="95"/>
            <SP HPOS="1300" ID="PAG_00000238_SP000106" VPOS="1815" WIDTH="31"/>
            <String CONTENT="laquelle" HEIGHT="51" HPOS="1331" ID="PAG_00000238_ST000125" STYLEREFS="TXT_5" VPOS="1815" WC="1" WIDTH="174"/>
            <SP HPOS="1505" ID="PAG_00000238_SP000107" VPOS="1814" WIDTH="26"/>
            <String CONTENT="elle" HEIGHT="41" HPOS="1531" ID="PAG_00000238_ST000126" STYLEREFS="TXT_5" VPOS="1814" WC="1" WIDTH="76"/>
            <SP HPOS="1607" ID="PAG_00000238_SP000108" VPOS="1824" WIDTH="21"/>
            <String CONTENT="a" HEIGHT="29" HPOS="1628" ID="PAG_00000238_ST000127" STYLEREFS="TXT_5" VPOS="1824" WC="1" WIDTH="23"/>
          </TextLine>
          <TextLine HEIGHT="43" HPOS="407" ID="PAG_00000238_TL000020" STYLEREFS="TXT_5" VPOS="1886" WIDTH="620">
            <String CONTENT="été" HEIGHT="41" HPOS="407" ID="PAG_00000238_ST000128" STYLEREFS="TXT_5" VPOS="1886" WC="1" WIDTH="61"/>
            <SP HPOS="468" ID="PAG_00000238_SP000109" VPOS="1886" WIDTH="21"/>
            <String CONTENT="confondue" HEIGHT="42" HPOS="489" ID="PAG_00000238_ST000129" STYLEREFS="TXT_5" VPOS="1886" WC="1" WIDTH="232"/>
            <SP HPOS="721" ID="PAG_00000238_SP000110" VPOS="1888" WIDTH="19"/>
            <String CONTENT="très-souvent." HEIGHT="41" HPOS="740" ID="PAG_00000238_ST000130" STYLEREFS="TXT_5" VPOS="1888" WC="1" WIDTH="287"/>
          </TextLine>
        </TextBlock>
        <TextBlock HEIGHT="639" HPOS="404" ID="PAG_00000238_TB000008" LANG="fr" STYLEREFS="TXT_5" VPOS="1958" WIDTH="1277">
          <TextLine HEIGHT="54" HPOS="459" ID="PAG_00000238_TL000021" STYLEREFS="TXT_5" VPOS="1958" WIDTH="1192">
            <String CONTENT="Le" HEIGHT="41" HPOS="459" ID="PAG_00000238_ST000131" STYLEREFS="TXT_5" VPOS="1958" WC="1" WIDTH="57"/>
            <SP HPOS="516" ID="PAG_00000238_SP000111" VPOS="1959" WIDTH="17"/>
            <String CONTENT="dessus" HEIGHT="41" HPOS="533" ID="PAG_00000238_ST000132" STYLEREFS="TXT_5" VPOS="1959" WC="1" WIDTH="144"/>
            <SP HPOS="677" ID="PAG_00000238_SP000112" VPOS="1959" WIDTH="21"/>
            <String CONTENT="des" HEIGHT="42" HPOS="698" ID="PAG_00000238_ST000133" STYLEREFS="TXT_5" VPOS="1959" WC="1" WIDTH="70"/>
            <SP HPOS="768" ID="PAG_00000238_SP000113" VPOS="1964" WIDTH="30"/>
            <String CONTENT="quatre" HEIGHT="48" HPOS="798" ID="PAG_00000238_ST000134" STYLEREFS="TXT_5" VPOS="1964" WC="1" WIDTH="142"/>
            <SP HPOS="940" ID="PAG_00000238_SP000114" VPOS="1961" WIDTH="21"/>
            <String CONTENT="ailes" HEIGHT="40" HPOS="961" ID="PAG_00000238_ST000135" STYLEREFS="TXT_5" VPOS="1961" WC="1" WIDTH="102"/>
            <SP HPOS="1063" ID="PAG_00000238_SP000115" VPOS="1965" WIDTH="35"/>
            <String CONTENT="est" HEIGHT="36" HPOS="1098" ID="PAG_00000238_ST000136" STYLEREFS="TXT_5" VPOS="1965" WC="1" WIDTH="60"/>
            <SP HPOS="1158" ID="PAG_00000238_SP000116" VPOS="1961" WIDTH="36"/>
            <String CONTENT="de" HEIGHT="39" HPOS="1194" ID="PAG_00000238_ST000137" STYLEREFS="TXT_5" VPOS="1961" WC="1" WIDTH="49"/>
            <SP HPOS="1243" ID="PAG_00000238_SP000117" VPOS="1961" WIDTH="21"/>
            <String CONTENT="la" HEIGHT="39" HPOS="1264" ID="PAG_00000238_ST000138" STYLEREFS="TXT_5" VPOS="1961" WC="1" WIDTH="39"/>
            <SP HPOS="1303" ID="PAG_00000238_SP000118" VPOS="1963" WIDTH="23"/>
            <String CONTENT="même" HEIGHT="37" HPOS="1326" ID="PAG_00000238_ST000139" STYLEREFS="TXT_5" VPOS="1963" WC="1" WIDTH="128"/>
            <SP HPOS="1454" ID="PAG_00000238_SP000119" VPOS="1960" WIDTH="28"/>
            <String CONTENT="couleur" HEIGHT="40" HPOS="1482" ID="PAG_00000238_ST000140" STYLEREFS="TXT_5" VPOS="1960" WC="1" WIDTH="169"/>
          </TextLine>
          <TextLine HEIGHT="53" HPOS="406" ID="PAG_00000238_TL000022" STYLEREFS="TXT_5" VPOS="2032" WIDTH="1243">
            <String CONTENT="avec" HEIGHT="30" HPOS="406" ID="PAG_00000238_ST000141" STYLEREFS="TXT_5" VPOS="2043" WC="1" WIDTH="96"/>
            <SP HPOS="502" ID="PAG_00000238_SP000120" VPOS="2033" WIDTH="22"/>
            <String CONTENT="la" HEIGHT="39" HPOS="524" ID="PAG_00000238_ST000142" STYLEREFS="TXT_5" VPOS="2033" WC="1" WIDTH="38"/>
            <SP HPOS="562" ID="PAG_00000238_SP000121" VPOS="2033" WIDTH="28"/>
            <String CONTENT="frange" HEIGHT="50" HPOS="590" ID="PAG_00000238_ST000143" STYLEREFS="TXT_5" VPOS="2033" WC="1" WIDTH="142"/>
            <SP HPOS="732" ID="PAG_00000238_SP000122" VPOS="2034" WIDTH="26"/>
            <String CONTENT="plus" HEIGHT="51" HPOS="758" ID="PAG_00000238_ST000144" STYLEREFS="TXT_5" VPOS="2034" WC="1" WIDTH="91"/>
            <SP HPOS="849" ID="PAG_00000238_SP000123" VPOS="2033" WIDTH="28"/>
            <String CONTENT="blanchâtre." HEIGHT="40" HPOS="877" ID="PAG_00000238_ST000145" STYLEREFS="TXT_5" VPOS="2033" WC="1" WIDTH="253"/>
            <SP HPOS="1130" ID="PAG_00000238_SP000124" VPOS="2035" WIDTH="32"/>
            <String CONTENT="Les" HEIGHT="39" HPOS="1162" ID="PAG_00000238_ST000146" STYLEREFS="TXT_5" VPOS="2035" WC="1" WIDTH="76"/>
            <SP HPOS="1238" ID="PAG_00000238_SP000125" VPOS="2034" WIDTH="32"/>
            <String CONTENT="ailes" HEIGHT="39" HPOS="1270" ID="PAG_00000238_ST000147" STYLEREFS="TXT_5" VPOS="2034" WC="1" WIDTH="100"/>
            <SP HPOS="1370" ID="PAG_00000238_SP000126" VPOS="2032" WIDTH="21"/>
            <String CONTENT="supérieures" HEIGHT="52" HPOS="1391" ID="PAG_00000238_ST000148" STYLEREFS="TXT_5" VPOS="2032" WC="1" WIDTH="258"/>
          </TextLine>
          <TextLine HEIGHT="54" HPOS="406" ID="PAG_00000238_TL000023" STYLEREFS="TXT_5" VPOS="2104" WIDTH="1275">
            <String CONTENT="sont" HEIGHT="36" HPOS="406" ID="PAG_00000238_ST000149" STYLEREFS="TXT_5" VPOS="2110" WC="1" WIDTH="93"/>
            <SP HPOS="499" ID="PAG_00000238_SP000127" VPOS="2117" WIDTH="21"/>
            <String CONTENT="un" HEIGHT="29" HPOS="520" ID="PAG_00000238_ST000150" STYLEREFS="TXT_5" VPOS="2117" WC="1" WIDTH="55"/>
            <SP HPOS="575" ID="PAG_00000238_SP000128" VPOS="2118" WIDTH="19"/>
            <String CONTENT="peu" HEIGHT="40" HPOS="594" ID="PAG_00000238_ST000151" STYLEREFS="TXT_5" VPOS="2118" WC="1" WIDTH="78"/>
            <SP HPOS="672" ID="PAG_00000238_SP000129" VPOS="2106" WIDTH="17"/>
            <String CONTENT="plus" HEIGHT="52" HPOS="689" ID="PAG_00000238_ST000152" STYLEREFS="TXT_5" VPOS="2106" WC="1" WIDTH="90"/>
            <SP HPOS="779" ID="PAG_00000238_SP000130" VPOS="2106" WIDTH="22"/>
            <String CONTENT="larges" HEIGHT="50" HPOS="801" ID="PAG_00000238_ST000153" STYLEREFS="TXT_5" VPOS="2106" WC="1" WIDTH="131"/>
            <SP HPOS="932" ID="PAG_00000238_SP000131" VPOS="2110" WIDTH="18"/>
            <String CONTENT="et" HEIGHT="36" HPOS="950" ID="PAG_00000238_ST000154" STYLEREFS="TXT_5" VPOS="2110" WC="1" WIDTH="38"/>
            <SP HPOS="988" ID="PAG_00000238_SP000132" VPOS="2118" WIDTH="14"/>
            <String CONTENT="un" HEIGHT="28" HPOS="1002" ID="PAG_00000238_ST000155" STYLEREFS="TXT_5" VPOS="2118" WC="1" WIDTH="55"/>
            <SP HPOS="1057" ID="PAG_00000238_SP000133" VPOS="2117" WIDTH="16"/>
            <String CONTENT="peu" HEIGHT="41" HPOS="1073" ID="PAG_00000238_ST000156" STYLEREFS="TXT_5" VPOS="2117" WC="1" WIDTH="78"/>
            <SP HPOS="1151" ID="PAG_00000238_SP000134" VPOS="2106" WIDTH="23"/>
            <String CONTENT="plus" HEIGHT="52" HPOS="1174" ID="PAG_00000238_ST000157" STYLEREFS="TXT_5" VPOS="2106" WC="1" WIDTH="92"/>
            <SP HPOS="1266" ID="PAG_00000238_SP000135" VPOS="2104" WIDTH="22"/>
            <String CONTENT="arrondies" HEIGHT="41" HPOS="1288" ID="PAG_00000238_ST000158" STYLEREFS="TXT_5" VPOS="2104" WC="1" WIDTH="211"/>
            <SP HPOS="1499" ID="PAG_00000238_SP000136" VPOS="2105" WIDTH="18"/>
            <String CONTENT="à" HEIGHT="39" HPOS="1517" ID="PAG_00000238_ST000159" STYLEREFS="TXT_5" VPOS="2105" WC="1" WIDTH="23"/>
            <SP HPOS="1540" ID="PAG_00000238_SP000137" VPOS="2104" WIDTH="20"/>
            <String CONTENT="l'ex-" HEIGHT="40" HPOS="1560" ID="PAG_00000238_ST000160" STYLEREFS="TXT_5" SUBS_CONTENT="l'extrémité;" SUBS_TYPE="HypPart1" VPOS="2104" WC="1" WIDTH="91"/>
            <HYP CONTENT="-" HPOS="1651" VPOS="2144" WIDTH="30"/>
          </TextLine>
          <TextLine HEIGHT="53" HPOS="407" ID="PAG_00000238_TL000024" STYLEREFS="TXT_5" VPOS="2178" WIDTH="1242">
            <String CONTENT="trémité;" HEIGHT="52" HPOS="407" ID="PAG_00000238_ST000161" STYLEREFS="TXT_5" SUBS_CONTENT="l'extrémité;" SUBS_TYPE="HypPart2" VPOS="2179" WC="1" WIDTH="183"/>
            <SP HPOS="590" ID="PAG_00000238_SP000138" VPOS="2180" WIDTH="24"/>
            <String CONTENT="celles" HEIGHT="41" HPOS="614" ID="PAG_00000238_ST000162" STYLEREFS="TXT_5" VPOS="2180" WC="1" WIDTH="120"/>
            <SP HPOS="734" ID="PAG_00000238_SP000139" VPOS="2179" WIDTH="26"/>
            <String CONTENT="du" HEIGHT="40" HPOS="760" ID="PAG_00000238_ST000163" STYLEREFS="TXT_5" VPOS="2179" WC="1" WIDTH="54"/>
            <SP HPOS="814" ID="PAG_00000238_SP000140" VPOS="2180" WIDTH="21"/>
            <String CONTENT="mâle" HEIGHT="40" HPOS="835" ID="PAG_00000238_ST000164" STYLEREFS="TXT_5" VPOS="2180" WC="1" WIDTH="106"/>
            <SP HPOS="941" ID="PAG_00000238_SP000141" VPOS="2183" WIDTH="20"/>
            <String CONTENT="ont" HEIGHT="37" HPOS="961" ID="PAG_00000238_ST000165" STYLEREFS="TXT_5" VPOS="2183" WC="1" WIDTH="72"/>
            <SP HPOS="1033" ID="PAG_00000238_SP000142" VPOS="2180" WIDTH="20"/>
            <String CONTENT="le" HEIGHT="40" HPOS="1053" ID="PAG_00000238_ST000166" STYLEREFS="TXT_5" VPOS="2180" WC="1" WIDTH="36"/>
            <SP HPOS="1089" ID="PAG_00000238_SP000143" VPOS="2179" WIDTH="28"/>
            <String CONTENT="trait" HEIGHT="41" HPOS="1117" ID="PAG_00000238_ST000167" STYLEREFS="TXT_5" VPOS="2179" WC="1" WIDTH="95"/>
            <SP HPOS="1212" ID="PAG_00000238_SP000144" VPOS="2179" WIDTH="29"/>
            <String CONTENT="oblique" HEIGHT="51" HPOS="1241" ID="PAG_00000238_ST000168" STYLEREFS="TXT_5" VPOS="2179" WC="1" WIDTH="165"/>
            <SP HPOS="1406" ID="PAG_00000238_SP000145" VPOS="2178" WIDTH="29"/>
            <String CONTENT="du" HEIGHT="41" HPOS="1435" ID="PAG_00000238_ST000169" STYLEREFS="TXT_5" VPOS="2178" WC="1" WIDTH="55"/>
            <SP HPOS="1490" ID="PAG_00000238_SP000146" VPOS="2178" WIDTH="22"/>
            <String CONTENT="milieu" HEIGHT="40" HPOS="1512" ID="PAG_00000238_ST000170" STYLEREFS="TXT_5" VPOS="2178" WC="1" WIDTH="137"/>
          </TextLine>
          <TextLine HEIGHT="56" HPOS="404" ID="PAG_00000238_TL000025" STYLEREFS="TXT_5" VPOS="2249" WIDTH="1274">
            <String CONTENT="plus" HEIGHT="51" HPOS="404" ID="PAG_00000238_ST000171" STYLEREFS="TXT_5" VPOS="2253" WC="1" WIDTH="92"/>
            <SP HPOS="496" ID="PAG_00000238_SP000147" VPOS="2253" WIDTH="18"/>
            <String CONTENT="petit," HEIGHT="52" HPOS="514" ID="PAG_00000238_ST000172" STYLEREFS="TXT_5" VPOS="2253" WC="1" WIDTH="116"/>
            <SP HPOS="630" ID="PAG_00000238_SP000148" VPOS="2253" WIDTH="29"/>
            <String CONTENT="plus" HEIGHT="51" HPOS="659" ID="PAG_00000238_ST000173" STYLEREFS="TXT_5" VPOS="2253" WC="1" WIDTH="92"/>
            <SP HPOS="751" ID="PAG_00000238_SP000149" VPOS="2252" WIDTH="21"/>
            <String CONTENT="grèle" HEIGHT="50" HPOS="772" ID="PAG_00000238_ST000174" STYLEREFS="TXT_5" VPOS="2252" WC="0.98" WIDTH="106"/>
            <SP HPOS="878" ID="PAG_00000238_SP000150" VPOS="2256" WIDTH="22"/>
            <String CONTENT="et" HEIGHT="37" HPOS="900" ID="PAG_00000238_ST000175" STYLEREFS="TXT_5" VPOS="2256" WC="1" WIDTH="38"/>
            <SP HPOS="938" ID="PAG_00000238_SP000151" VPOS="2252" WIDTH="31"/>
            <String CONTENT="quelquefois" HEIGHT="51" HPOS="969" ID="PAG_00000238_ST000176" STYLEREFS="TXT_5" VPOS="2252" WC="1" WIDTH="257"/>
            <SP HPOS="1226" ID="PAG_00000238_SP000152" VPOS="2251" WIDTH="21"/>
            <String CONTENT="nul," HEIGHT="47" HPOS="1247" ID="PAG_00000238_ST000177" STYLEREFS="TXT_5" VPOS="2251" WC="1" WIDTH="88"/>
            <SP HPOS="1335" ID="PAG_00000238_SP000153" VPOS="2262" WIDTH="24"/>
            <String CONTENT="avec" HEIGHT="29" HPOS="1359" ID="PAG_00000238_ST000178" STYLEREFS="TXT_5" VPOS="2262" WC="1" WIDTH="96"/>
            <SP HPOS="1455" ID="PAG_00000238_SP000154" VPOS="2249" WIDTH="31"/>
            <String CONTENT="l'extré-" HEIGHT="41" HPOS="1486" ID="PAG_00000238_ST000179" STYLEREFS="TXT_5" SUBS_CONTENT="l'extrémité" SUBS_TYPE="HypPart1" VPOS="2249" WC="1" WIDTH="162"/>
            <HYP CONTENT="-" HPOS="1648" VPOS="2290" WIDTH="30"/>
          </TextLine>
          <TextLine HEIGHT="56" HPOS="404" ID="PAG_00000238_TL000026" STYLEREFS="TXT_5" VPOS="2321" WIDTH="1273">
            <String CONTENT="mité" HEIGHT="41" HPOS="404" ID="PAG_00000238_ST000180" STYLEREFS="TXT_5" SUBS_CONTENT="l'extrémité" SUBS_TYPE="HypPart2" VPOS="2324" WC="1" WIDTH="100"/>
            <SP HPOS="504" ID="PAG_00000238_SP000155" VPOS="2325" WIDTH="25"/>
            <String CONTENT="des" HEIGHT="40" HPOS="529" ID="PAG_00000238_ST000181" STYLEREFS="TXT_5" VPOS="2325" WC="1" WIDTH="72"/>
            <SP HPOS="601" ID="PAG_00000238_SP000156" VPOS="2336" WIDTH="21"/>
            <String CONTENT="nervures" HEIGHT="29" HPOS="622" ID="PAG_00000238_ST000182" STYLEREFS="TXT_5" VPOS="2336" WC="1" WIDTH="193"/>
            <SP HPOS="815" ID="PAG_00000238_SP000157" VPOS="2325" WIDTH="21"/>
            <String CONTENT="noirâtre" HEIGHT="40" HPOS="836" ID="PAG_00000238_ST000183" STYLEREFS="TXT_5" VPOS="2325" WC="1" WIDTH="178"/>
            <SP HPOS="1014" ID="PAG_00000238_SP000158" VPOS="2327" WIDTH="33"/>
            <String CONTENT="et" HEIGHT="37" HPOS="1047" ID="PAG_00000238_ST000184" STYLEREFS="TXT_5" VPOS="2327" WC="1" WIDTH="38"/>
            <SP HPOS="1085" ID="PAG_00000238_SP000159" VPOS="2335" WIDTH="28"/>
            <String CONTENT="un" HEIGHT="28" HPOS="1113" ID="PAG_00000238_ST000185" STYLEREFS="TXT_5" VPOS="2335" WC="1" WIDTH="58"/>
            <SP HPOS="1171" ID="PAG_00000238_SP000160" VPOS="2334" WIDTH="22"/>
            <String CONTENT="peu" HEIGHT="43" HPOS="1193" ID="PAG_00000238_ST000186" STYLEREFS="TXT_5" VPOS="2334" WC="1" WIDTH="79"/>
            <SP HPOS="1272" ID="PAG_00000238_SP000161" VPOS="2321" WIDTH="21"/>
            <String CONTENT="dilatée." HEIGHT="42" HPOS="1293" ID="PAG_00000238_ST000187" STYLEREFS="TXT_5" VPOS="2321" WC="1" WIDTH="160"/>
            <SP HPOS="1453" ID="PAG_00000238_SP000162" VPOS="2323" WIDTH="26"/>
            <String CONTENT="Le" HEIGHT="39" HPOS="1479" ID="PAG_00000238_ST000188" STYLEREFS="TXT_5" VPOS="2323" WC="1" WIDTH="54"/>
            <SP HPOS="1533" ID="PAG_00000238_SP000163" VPOS="2322" WIDTH="20"/>
            <String CONTENT="des-" HEIGHT="41" HPOS="1553" ID="PAG_00000238_ST000189" STYLEREFS="TXT_5" SUBS_CONTENT="dessous" SUBS_TYPE="HypPart1" VPOS="2322" WC="1" WIDTH="94"/>
            <HYP CONTENT="-" HPOS="1647" VPOS="2363" WIDTH="30"/>
          </TextLine>
          <TextLine HEIGHT="57" HPOS="405" ID="PAG_00000238_TL000027" STYLEREFS="TXT_5" VPOS="2394" WIDTH="1244">
            <String CONTENT="sous" HEIGHT="30" HPOS="405" ID="PAG_00000238_ST000190" STYLEREFS="TXT_5" SUBS_CONTENT="dessous" SUBS_TYPE="HypPart2" VPOS="2410" WC="1" WIDTH="97"/>
            <SP HPOS="502" ID="PAG_00000238_SP000164" VPOS="2398" WIDTH="14"/>
            <String CONTENT="des" HEIGHT="41" HPOS="516" ID="PAG_00000238_ST000191" STYLEREFS="TXT_5" VPOS="2398" WC="1" WIDTH="72"/>
            <SP HPOS="588" ID="PAG_00000238_SP000165" VPOS="2397" WIDTH="14"/>
            <String CONTENT="supérieures" HEIGHT="54" HPOS="602" ID="PAG_00000238_ST000192" STYLEREFS="TXT_5" VPOS="2397" WC="1" WIDTH="259"/>
            <SP HPOS="861" ID="PAG_00000238_SP000166" VPOS="2403" WIDTH="21"/>
            <String CONTENT="est" HEIGHT="35" HPOS="882" ID="PAG_00000238_ST000193" STYLEREFS="TXT_5" VPOS="2403" WC="1" WIDTH="57"/>
            <SP HPOS="939" ID="PAG_00000238_SP000167" VPOS="2397" WIDTH="23"/>
            <String CONTENT="d'un" HEIGHT="41" HPOS="962" ID="PAG_00000238_ST000194" STYLEREFS="TXT_5" VPOS="2397" WC="1" WIDTH="96"/>
            <SP HPOS="1058" ID="PAG_00000238_SP000168" VPOS="2396" WIDTH="19"/>
            <String CONTENT="fauve" HEIGHT="41" HPOS="1077" ID="PAG_00000238_ST000195" STYLEREFS="TXT_5" VPOS="2396" WC="1" WIDTH="118"/>
            <SP HPOS="1195" ID="PAG_00000238_SP000169" VPOS="2397" WIDTH="18"/>
            <String CONTENT="uniforme." HEIGHT="40" HPOS="1213" ID="PAG_00000238_ST000196" STYLEREFS="TXT_5" VPOS="2397" WC="1" WIDTH="221"/>
            <SP HPOS="1434" ID="PAG_00000238_SP000170" VPOS="2394" WIDTH="15"/>
            <String CONTENT="Celui" HEIGHT="42" HPOS="1449" ID="PAG_00000238_ST000197" STYLEREFS="TXT_5" VPOS="2394" WC="1" WIDTH="114"/>
            <SP HPOS="1563" ID="PAG_00000238_SP000171" VPOS="2394" WIDTH="15"/>
            <String CONTENT="des" HEIGHT="42" HPOS="1578" ID="PAG_00000238_ST000198" STYLEREFS="TXT_5" VPOS="2394" WC="1" WIDTH="71"/>
          </TextLine>
          <TextLine HEIGHT="55" HPOS="406" ID="PAG_00000238_TL000028" STYLEREFS="TXT_5" VPOS="2467" WIDTH="1239">
            <String CONTENT="inférieures" HEIGHT="41" HPOS="406" ID="PAG_00000238_ST000199" STYLEREFS="TXT_5" VPOS="2471" WC="1" WIDTH="239"/>
            <SP HPOS="645" ID="PAG_00000238_SP000172" VPOS="2474" WIDTH="32"/>
            <String CONTENT="est" HEIGHT="37" HPOS="677" ID="PAG_00000238_ST000200" STYLEREFS="TXT_5" VPOS="2474" WC="1" WIDTH="61"/>
            <SP HPOS="738" ID="PAG_00000238_SP000173" VPOS="2469" WIDTH="33"/>
            <String CONTENT="d'un" HEIGHT="41" HPOS="771" ID="PAG_00000238_ST000201" STYLEREFS="TXT_5" VPOS="2469" WC="1" WIDTH="99"/>
            <SP HPOS="870" ID="PAG_00000238_SP000174" VPOS="2471" WIDTH="24"/>
            <String CONTENT="jaune" HEIGHT="51" HPOS="894" ID="PAG_00000238_ST000202" STYLEREFS="TXT_5" VPOS="2471" WC="1" WIDTH="128"/>
            <SP HPOS="1022" ID="PAG_00000238_SP000175" VPOS="2468" WIDTH="30"/>
            <String CONTENT="blanchâtre" HEIGHT="42" HPOS="1052" ID="PAG_00000238_ST000203" STYLEREFS="TXT_5" VPOS="2468" WC="1" WIDTH="242"/>
            <SP HPOS="1294" ID="PAG_00000238_SP000176" VPOS="2467" WIDTH="27"/>
            <String CONTENT="dans" HEIGHT="42" HPOS="1321" ID="PAG_00000238_ST000204" STYLEREFS="TXT_5" VPOS="2467" WC="1" WIDTH="102"/>
            <SP HPOS="1423" ID="PAG_00000238_SP000177" VPOS="2468" WIDTH="31"/>
            <String CONTENT="le" HEIGHT="40" HPOS="1454" ID="PAG_00000238_ST000205" STYLEREFS="TXT_5" VPOS="2468" WC="1" WIDTH="37"/>
            <SP HPOS="1491" ID="PAG_00000238_SP000178" VPOS="2467" WIDTH="32"/>
            <String CONTENT="mâle," HEIGHT="48" HPOS="1523" ID="PAG_00000238_ST000206" STYLEREFS="TXT_5" VPOS="2467" WC="1" WIDTH="122"/>
          </TextLine>
          <TextLine HEIGHT="58" HPOS="408" ID="PAG_00000238_TL000029" STYLEREFS="TXT_5" VPOS="2539" WIDTH="1270">
            <String CONTENT="d'un" HEIGHT="42" HPOS="408" ID="PAG_00000238_ST000207" STYLEREFS="TXT_5" VPOS="2544" WC="1" WIDTH="97"/>
            <SP HPOS="505" ID="PAG_00000238_SP000179" VPOS="2544" WIDTH="21"/>
            <String CONTENT="gris" HEIGHT="53" HPOS="526" ID="PAG_00000238_ST000208" STYLEREFS="TXT_5" VPOS="2544" WC="1" WIDTH="84"/>
            <SP HPOS="610" ID="PAG_00000238_SP000180" VPOS="2543" WIDTH="14"/>
            <String CONTENT="blanchâtre" HEIGHT="42" HPOS="624" ID="PAG_00000238_ST000209" STYLEREFS="TXT_5" VPOS="2543" WC="1" WIDTH="238"/>
            <SP HPOS="862" ID="PAG_00000238_SP000181" VPOS="2542" WIDTH="15"/>
            <String CONTENT="dans" HEIGHT="42" HPOS="877" ID="PAG_00000238_ST000210" STYLEREFS="TXT_5" VPOS="2542" WC="1" WIDTH="103"/>
            <SP HPOS="980" ID="PAG_00000238_SP000182" VPOS="2544" WIDTH="17"/>
            <String CONTENT="la" HEIGHT="40" HPOS="997" ID="PAG_00000238_ST000211" STYLEREFS="TXT_5" VPOS="2544" WC="1" WIDTH="36"/>
            <SP HPOS="1033" ID="PAG_00000238_SP000183" VPOS="2542" WIDTH="14"/>
            <String CONTENT="femelle," HEIGHT="50" HPOS="1047" ID="PAG_00000238_ST000212" STYLEREFS="TXT_5" VPOS="2542" WC="1" WIDTH="176"/>
            <SP HPOS="1223" ID="PAG_00000238_SP000184" VPOS="2553" WIDTH="16"/>
            <String CONTENT="avec" HEIGHT="31" HPOS="1239" ID="PAG_00000238_ST000213" STYLEREFS="TXT_5" VPOS="2553" WC="1" WIDTH="97"/>
            <SP HPOS="1336" ID="PAG_00000238_SP000185" VPOS="2542" WIDTH="17"/>
            <String CONTENT="le" HEIGHT="41" HPOS="1353" ID="PAG_00000238_ST000214" STYLEREFS="TXT_5" VPOS="2542" WC="1" WIDTH="35"/>
            <SP HPOS="1388" ID="PAG_00000238_SP000186" VPOS="2539" WIDTH="20"/>
            <String CONTENT="bord" HEIGHT="44" HPOS="1408" ID="PAG_00000238_ST000215" STYLEREFS="TXT_5" VPOS="2539" WC="1" WIDTH="103"/>
            <SP HPOS="1511" ID="PAG_00000238_SP000187" VPOS="2540" WIDTH="14"/>
            <String CONTENT="abdo-" HEIGHT="44" HPOS="1525" ID="PAG_00000238_ST000216" STYLEREFS="TXT_5" VPOS="2540" WC="1" WIDTH="123"/>
            <HYP CONTENT="-" HPOS="1648" VPOS="2584" WIDTH="30"/>
          </TextLine>
        </TextBlock>
      </PrintSpace>
    </Page>
  </Layout>
</alto>
