1792 3012
910 337 52 6 —
998 314 73 41 làs
1106 336 46 6 —

421 409 255 53 supérieures
705 413 93 36 sont
818 420 171 41 presque
1009 412 132 36 toutes
1169 407 272 53 saupoudrées
1462 407 49 41 de
1530 407 121 48 brun,

422 485 38 35 et
485 493 77 39 que
593 482 38 38 la
659 480 131 41 bande
820 480 171 40 blanche
1017 479 70 40 des
1104 478 237 41 inférieures
1360 490 176 40 manque
1555 490 98 28 sou-

424 557 93 36 vent
538 554 248 40 totalement.

475 627 148 39 Mêmes
658 623 196 51 localités,
886 625 104 39 mais
1027 624 91 53 plus
1156 622 296 53 fréquemment
1487 622 101 41 dans
1619 622 37 41 le

421 698 119 40 nord.

424 795 201 48 CAMILLA,
649 795 41 39 S.
711 795 46 39 V.
781 793 105 41 God.
908 793 66 53 (pl.
1002 796 39 47 8,
1062 793 68 51 fig.
1150 791 64 55 3.)

484 886 35 55 9
546 887 91 52 plus
659 887 152 50 grande
844 899 77 39 que
952 886 36 41 le
1019 885 46 49 C
1091 889 39 37 et
1149 886 24 40 à
1192 885 138 41 taches
1357 884 193 42 blanches
1568 886 91 52 plus

423 958 211 41 étendues.

479 1030 180 42 Chenille
680 1044 50 28 en
754 1032 99 40 avril
874 1035 38 37 et
928 1032 79 39 mai
1028 1043 70 28 sur
1112 1032 34 39 le
1165 1031 278 41 chèvrefeuille
1462 1030 71 41 des
1552 1030 104 41 bois.

424 1104 108 40 Dans
554 1116 82 29 une
664 1103 152 52 grande
834 1105 130 51 partie
986 1105 49 39 de
1062 1103 40 40 la
1123 1105 168 46 France,
1314 1106 160 37 surtout
1495 1103 102 39 dans
1624 1103 37 39 le

424 1183 136 36 centre
585 1184 39 35 et
649 1179 35 40 le
711 1178 114 52 midi,
849 1179 105 40 n'est
973 1191 74 40 pas
1067 1179 195 39 très-rare
1291 1190 80 28 aux
1396 1179 188 40 environs
1614 1178 47 40 de

426 1252 129 48 Paris,
591 1252 232 48 Versailles,
862 1252 343 50 Saint-Germain,
1240 1250 334 49 Fontainebleau,
1596 1251 67 39 Al-

427 1334 107 35 sace,
570 1323 163 50 Vosges,
764 1324 226 50 Auvergne,
1023 1323 161 48 Lorère,
1206 1324 94 46 Var,
1331 1334 43 29 se
1404 1322 128 52 prend
1552 1323 112 39 aussi

427 1395 252 51 quelquefois
697 1395 102 40 dans
814 1395 37 40 le
872 1394 119 49 nord,
1019 1406 69 29 car
1112 1396 73 39 elle
1205 1398 61 37 est
1286 1394 256 41 mentionnée
1562 1394 101 41 dans

427 1468 37 39 le
483 1468 210 49 catalogue
714 1467 70 40 des
805 1467 287 53 Lépidoptères
1111 1467 48 41 de
1180 1468 39 39 la
1239 1466 193 52 Belgique
1453 1466 66 52 (de
1549 1467 113 52 Selys

429 1540 310 52 LOllgchamps).
760 1541 62 39 On
842 1541 38 39 la
895 1545 214 36 rencontre
1124 1551 51 29 au
1186 1540 103 41 bord
1310 1539 70 41 des
1395 1541 212 39 ruisseaux
1626 1543 39 36 et

435 1611 71 41 des
524 1612 179 50 rivières,
721 1613 74 39 elle
817 1613 104 40 aime
955 1613 57 40 les
1049 1613 89 40 bois
1154 1612 187 40 humides
1357 1626 9 37 ;
1406 1613 103 39 mais
1545 1623 53 29 on
1626 1613 38 39 la

431 1689 141 36 trouve
605 1686 112 39 aussi
740 1684 102 41 dans
862 1685 58 40 les
954 1685 89 40 bois
1074 1697 86 28 secs
1183 1689 37 35 et
1240 1684 144 43 élevés,
1409 1685 74 40 elle
1506 1697 42 28 se
1570 1696 98 40 pose

441 1758 225 40 volontiers
690 1770 70 28 sur
779 1758 58 41 les
859 1758 123 39 fleurs
1003 1757 70 41 des
1093 1769 161 38 ronces,
1281 1769 50 29 en
1350 1758 111 52 juin,
1478 1757 132 53 juillet
1632 1761 38 36 et

430 1833 110 37 août.

429 1919 192 50 SIBYLLA,
650 1923 43 38 L.
713 1922 102 40 God.

483 2009 54 38 50
550 2015 41 30 m.
613 2007 107 40 Ailes
750 2007 99 40 d'un
877 2008 105 40 brun
1003 2008 91 40 noir
1118 2006 171 50 velouté,
1307 2019 95 29 avec
1429 2019 80 29 une
1535 2007 132 41 bande

430 2079 221 40 maculaire
673 2079 172 41 blanche
864 2080 276 52 interrompue
1165 2080 187 52 (souvent
1370 2091 74 40 par
1470 2092 58 28 un
1553 2079 116 53 point

431 2153 49 40 de
497 2156 129 37 même
644 2154 177 49 couleur)
839 2165 79 27 aux
934 2153 254 52 supérieures
1202 2166 10 37 ;
1236 2152 150 53 coupée
1406 2164 72 41 par
1497 2153 58 40 les
1572 2165 97 28 ner-

430 2237 119 29 vures
587 2226 224 40 seulement
836 2237 79 28 aux
952 2225 240 40 inférieures
1205 2240 10 32 ;
1251 2225 105 41 deux
1375 2226 121 51 petits
1531 2226 139 51 points

431 2299 141 39 blancs
589 2310 89 29 vers
698 2298 146 51 l'angle
864 2299 129 52 apical
1019 2302 39 36 et
1080 2310 54 28 un
1151 2302 113 36 autre
1284 2298 48 40 de
1351 2301 131 37 même
1506 2299 166 40 couleur

432 2383 89 28 vers
543 2371 36 40 le
602 2372 135 39 milieu
759 2370 54 40 du
833 2370 103 41 bord
956 2374 178 37 externe.
1162 2373 75 38 Les
1254 2370 255 53 supérieures
1529 2377 72 34 ont
1620 2382 50 28 en

435 2448 115 35 outre
569 2443 102 40 dans
684 2443 39 40 la
739 2444 143 40 cellule
900 2455 79 28 une
995 2443 116 41 tache
1122 2443 172 41 blanche
1310 2442 361 53 très-saupoudrée

437 2514 49 43 de
507 2516 119 41 brun.
646 2518 176 41 Dessous
837 2517 98 41 d'un
950 2517 115 42 fauve
1082 2517 261 52 ferrugineux
1353 2527 96 30 avec
1462 2516 57 42 les
1534 2516 136 42 taches
