1732 3000
957 350 50 6 —
1039 329 53 39 80
1119 348 53 8 -

501 422 131 41 Avant
667 421 271 41 d'introduire
961 421 38 40 le
1028 420 43 40 fil
1091 419 100 41 dont
1224 419 30 41 il
1279 422 62 39 est
1360 422 200 49 question,
1584 420 101 42 dans

448 492 222 44 l'intérieur
690 493 52 41 du
763 494 195 53 papillon,
979 504 106 30 nous
1105 503 126 30 avons
1256 493 91 40 soin
1368 493 319 43 ordinairement

448 565 50 42 de
516 567 36 40 le
571 569 178 50 tremper
768 566 101 40 dans
888 577 82 29 une
986 564 262 54 préparation
1269 563 223 43 arsenicale
1512 577 54 29 ou
1584 566 101 42 dans

446 648 82 31 une
547 638 213 42 décoction
781 638 48 41 de
850 636 131 50 tabac,
1005 649 45 28 ce
1076 638 71 50 qui
1176 636 198 52 présente,
1396 642 116 39 outre
1528 639 156 41 l'avan-

447 713 90 47 tage
556 711 48 40 de
624 716 87 35 tuer
733 712 302 50 promptement
1059 709 37 41 le
1117 709 196 52 papillon,
1336 710 104 40 celui
1460 710 50 41 de
1537 712 35 40 le
1594 711 91 53 pré-

448 794 146 37 server,
617 782 177 53 pendant
815 781 174 52 quelque
1009 785 132 49 temps
1164 781 54 40 du
1239 783 150 49 moins,
1411 782 70 42 des
1500 787 184 48 attaques

449 853 70 41 des
536 855 172 40 insectes
729 855 290 51 destructeurs,
1038 865 78 39 que
1134 853 159 41 l'odeur
1313 854 47 40 de
1376 855 39 41 la.
1432 855 253 53 préparation

449 928 223 39 arsenicale
692 939 54 28 ou
776 927 47 40 de
843 928 39 38 la
902 926 210 40 décoction
1133 926 49 40 de
1204 926 119 41 tabac
1351 926 203 52 éloignera
1574 929 111 45 aussi

446 998 229 53 longtemps
696 999 143 51 qu'elle
858 997 236 42 subsistera.

503 1072 42 39 Si
569 1072 58 39 les
656 1075 213 47 antennes,
889 1071 37 40 le
946 1082 120 41 corps
1092 1082 53 29 ou
1174 1071 60 40 les
1259 1070 99 41 ailes
1389 1070 98 42 d'un
1504 1071 180 53 papillon

445 1144 194 40 viennent
658 1144 24 40 à
699 1155 42 28 se
753 1144 161 40 couvrir
928 1142 49 41 de
991 1144 254 48 moisissure,
1265 1155 53 29 on
1333 1143 182 43 enlèvera
1528 1144 156 41 celle-ci

447 1226 53 29 au
515 1227 148 40 moyen
682 1215 97 40 d'un
792 1216 172 51 pinceau
980 1215 123 50 qu'on
1123 1226 100 29 aura
1242 1214 153 54 trempé
1410 1215 101 41 dans
1523 1214 162 42 l'alcool

447 1298 53 29 ou
520 1288 124 51 esprit
670 1287 48 41 de
736 1288 69 40 vin
823 1286 151 42 rectifié
1002 1299 52 28 ou
1084 1298 45 29 ce
1149 1288 69 51 qui
1252 1290 60 38 est
1339 1286 229 54 préférable
1588 1299 95 30 avec

447 1358 48 41 de
514 1359 139 41 l'éther
675 1360 101 40 dans
794 1360 134 51 lequel
951 1371 53 28 on
1028 1371 100 29 aura
1146 1361 72 39 fait
1239 1358 213 44 dissoudre
1473 1361 48 41 de
1539 1361 145 43 l'acide

444 1431 208 52 phénique
673 1430 92 42 bien
784 1432 136 49 blanc,
945 1430 38 55 (1
1007 1443 58 39 gr.
1089 1444 104 40 pour
1215 1434 48 39 15
1285 1445 58 38 gr.
1366 1432 181 52 d'éther).

498 1504 108 40 Dans
635 1505 38 39 le
693 1515 68 30 cas
789 1505 53 40 où
869 1504 59 40 les
948 1508 213 46 antennes,
1187 1505 58 40 les
1264 1509 131 49 pattes
1424 1517 54 30 ou
1497 1506 38 41 le
1562 1517 119 42 corps

446 1575 98 41 d'un
556 1577 181 52 papillon
758 1577 255 42 viendraient
1033 1578 25 40 à
1081 1589 42 29 se
1142 1577 144 51 briser,
1309 1589 53 30 on
1381 1578 58 41 les
1458 1579 227 41 recollerait

445 1659 95 30 avec
569 1660 81 29 une
689 1649 245 42 dissolution
968 1649 48 42 de
1053 1651 307 51 gomme-laque
1393 1650 101 42 dans
1524 1651 160 42 l'alcool

442 1720 169 41 rectifié.

496 1793 109 39 Pour
619 1792 186 52 prévenir
818 1794 58 40 les
896 1805 167 40 ravages
1086 1805 77 40 que
1178 1795 39 40 la
1232 1796 152 51 teigne,
1396 1795 59 41 les
1470 1795 130 42 larves
1613 1795 70 42 des

444 1862 235 51 dermestes,
703 1867 38 37 et
780 1867 118 39 celles
928 1867 69 41 des
1027 1870 218 41 anthrènes
1274 1872 289 41 occasionnent
1583 1869 100 41 dans

442 1936 58 39 les
529 1936 249 50 collections,
815 1938 29 40 il
882 1938 145 43 faudra
1064 1944 115 40 avoir
1198 1944 90 40 soin
1312 1959 8 24 :
1346 1947 41 37 1°
1410 1943 48 42 de
1476 1944 136 53 placer
1645 1944 37 40 le

442 2007 160 40 meuble
622 2009 70 50 qui
712 2010 247 42 renfermera
978 2013 58 40 les
1053 2015 136 41 tiroirs
1210 2027 50 28 ou
1278 2017 58 40 les
1358 2016 132 42 boîtes
1509 2017 101 40 dans
1625 2027 58 31 un

442 2082 279 49 appartement
734 2093 82 38 sec,
836 2086 52 46 et,
900 2082 60 41 s'il
976 2088 59 37 est
1049 2087 193 51 possible,
1261 2088 148 53 exposé
1423 2101 52 29 au
1490 2089 102 42 nord
1609 2092 48 50 (1)
1669 2105 10 39 ;

442 2153 42 37 2°
505 2150 191 52 d'ouvrir,
724 2154 181 52 pendant
931 2168 81 29 une
1034 2169 54 29 ou
1109 2158 105 41 deux
1244 2162 194 50 minutes,
1461 2165 133 38 toutes
1621 2164 62 41 les

483 2311 41 42 (1)
549 2312 48 33 On
619 2314 215 41 comprendra
868 2316 192 36 facilement
1086 2319 136 36 l'utilité
1241 2322 40 34 de
1306 2324 84 33 cette
1410 2323 118 35 double
1554 2333 126 26 recom-

441 2366 209 41 mandation;
673 2377 56 24 car
758 2370 28 33 si
815 2370 201 35 l'humidité
1047 2375 164 41 engendre
1241 2377 33 33 la
1299 2378 196 35 moisissure
1524 2379 82 34 dans
1635 2381 48 34 les

442 2421 203 43 collections,
670 2423 33 33 la
726 2425 134 34 chaleur
880 2426 43 34 du
956 2428 95 33 soleil
1081 2438 42 24 ne
1148 2429 73 34 leur
1242 2434 50 31 est
1311 2440 58 33 pas
1390 2434 108 34 moins
1522 2434 156 43 nuisible,

442 2484 40 24 en
504 2476 181 39 favorisant
703 2478 31 33 le
752 2479 213 43 développent
984 2481 56 34 des
1061 2484 193 43 anthrènes,
1276 2485 56 35 des
1355 2487 126 43 teignes
1509 2490 33 36 et
1570 2491 110 32 autres

444 2532 112 43 agents
576 2529 237 42 destructeurs,
