1792 3012
892 300 49 6 —
975 277 75 39 124
1081 299 52 6 —

399 379 224 51 marginale
654 379 50 40 de
738 380 132 39 taches
902 380 158 45 fauves,
1096 383 223 45 manquant
1354 382 169 35 souvent
1552 390 79 27 aux

400 451 254 52 supérieures
673 483 10 19 ,
719 451 168 40 dessous
921 449 98 41 d'un
1049 450 105 39 brun
1183 449 93 52 plus
1303 448 97 41 clair
1428 461 97 29 avec
1554 462 77 28 une

399 522 108 51 ligne
539 521 196 49 blanche,
773 522 171 41 ondulée
984 529 38 33 et
1056 523 301 51 interrompue,
1395 521 237 41 inférieures

398 599 122 49 ayant
537 607 81 28 une
637 594 111 51 large
765 595 133 40 bande
920 595 96 38 d'un
1037 595 117 39 fauve
1172 595 69 47 vif,
1263 593 151 41 bordée
1436 594 70 40 des
1529 593 105 41 deux

398 667 108 41 côtés
537 667 96 40 d'un
667 679 100 39 rang
801 667 49 40 de
882 668 135 51 points
1049 665 112 41 noirs
1193 666 98 40 dont
1320 667 58 39 les
1404 666 229 53 supérieurs

398 741 229 39 surmontés
645 740 130 41 d'arcs
805 740 155 39 blancs.

458 811 34 55 9
515 814 104 38 Avec
641 812 39 39 la
697 812 133 40 bande
868 813 116 38 fauve
1020 811 71 40 des
1129 810 241 41 inférieures
1403 812 90 53 plus
1522 823 111 28 mar-

397 884 115 51 quée.

450 955 198 49 Chenille,
671 969 49 27 en
745 958 78 38 mai
847 969 68 27 sur
936 957 35 39 le
990 957 234 51 prunellier,
1249 957 34 38 le
1305 956 140 48 chêne,
1472 956 35 40 le
1528 956 105 40 bou-

394 1028 109 46 leau,
525 1032 77 37 etc.

449 1101 146 40 Centre
629 1104 38 36 et
700 1102 71 38 Est
803 1101 48 39 de
887 1100 39 40 la
959 1102 163 46 France,
1154 1100 168 51 Bondy,
1359 1101 271 51 Compiègne;

396 1172 160 49 Alsace,
580 1172 101 40 dans
701 1174 57 38 les
780 1172 202 41 clairières
1004 1172 68 41 des
1092 1173 91 39 bois
1201 1188 10 35 ;
1229 1172 26 39 il
1281 1173 106 39 aime
1409 1173 23 39 à
1452 1184 42 28 se
1513 1184 122 40 poser

395 1257 71 27 sur
481 1246 57 38 les
557 1245 210 51 buissons;
786 1257 76 40 peu
884 1245 195 52 répandu.

396 1344 200 47 ROBORIS,
619 1344 96 50 Esp.
739 1343 204 51 Evippus,
966 1343 77 39 Hb.
1067 1342 101 40 Cod.

450 1442 96 39 34m.
578 1440 110 41 Ailes
717 1440 96 40 d'un
842 1441 105 39 brun
982 1442 106 47 noir,
1123 1452 95 28 avec
1246 1440 35 39 le
1315 1440 141 51 disque
1485 1441 120 39 violet
1622 1455 10 36 ;

396 1512 239 41 inférieures
669 1525 95 29 avec
799 1526 77 27 une
909 1514 103 40 série
1046 1514 93 40 anté
1165 1512 212 41 terminale
1404 1513 48 39 de
1480 1514 100 38 trois
1611 1513 24 38 à

395 1590 141 45 quatre
554 1586 132 51 points
705 1585 46 39 de
766 1587 34 37 la
817 1590 130 36 même
969 1586 167 39 couleur
1147 1589 169 35 souvent
1332 1597 77 39 peu
1430 1584 200 50 marqués.

394 1658 174 39 Dessous
586 1658 94 39 d'un
699 1659 81 49 gris
795 1658 185 52 jaunâtre
1003 1670 166 39 soyeux,
1183 1669 94 27 avec
1299 1669 77 27 une
1398 1658 107 49 ligne
1523 1657 113 39 anté-

394 1731 225 46 terminale,
654 1732 289 50 interrompue,
983 1730 97 40 d'un
1113 1731 91 38 bleu
1242 1729 232 50 métallique
1494 1761 9 15 ,
1540 1740 94 27 sur-

394 1801 161 40 montée
585 1802 120 39 d'une
736 1803 107 49 ligne
873 1803 107 39 aussi
1014 1804 276 49 interrompue
1323 1802 113 38 fauve
1469 1806 37 35 et
1536 1801 97 39 d'un

394 1885 100 38 rang
510 1874 48 39 de
579 1876 133 49 points
734 1876 111 38 noirs
866 1876 284 49 triangulaires
1171 1875 231 39 surmontés
1424 1874 49 39 de
1494 1874 134 39 blanc.

456 1947 33 55 9
522 1949 95 39 Plus
637 1950 166 50 grande,
822 1955 122 47 ayant
962 1954 171 36 souvent
1152 1951 62 38 six
1233 1951 136 50 points
1390 1949 144 41 violets
1555 1962 75 27 aux

393 2022 238 39 inférieures
657 2026 38 35 et
723 2021 35 40 le
791 2022 143 50 disque
955 2022 69 40 des
1055 2021 255 53 supérieures
1339 2023 131 38 moins
1503 2022 128 50 large-

397 2098 111 35 ment
525 2093 138 41 violet.
687 2094 186 40 Chenille
890 2097 17 36 ?

448 2168 151 39 France
626 2166 280 49 méridionale,
935 2167 100 40 dans
1056 2168 57 39 les
1142 2173 241 43 montagnes
1404 2179 50 27 en
1481 2166 89 53 juin
1596 2170 39 37 et

386 2237 153 54 juillet.

393 2337 213 49 QUERCUS,
628 2340 45 37 L.

447 2435 97 40 34m.
566 2435 110 42 Ailes
694 2436 98 41 d'un
811 2438 105 39 brun
938 2438 91 39 noir
1048 2436 160 52 glacées
1227 2437 47 40 de
1295 2437 123 41 violet
1439 2438 117 39 foncé
1578 2450 56 27 un
