1768 3012
913 321 53 8 —
997 302 78 40 150
1101 322 53 7 —

413 402 173 50 arrêtée;
603 414 73 42 par
694 403 58 41 les
772 403 135 53 points
928 402 69 42 des
1017 404 97 40 ailes
1129 402 235 43 inférieures
1382 408 38 37 et
1439 404 39 41 la
1498 405 147 52 rangée

415 475 70 42 des
522 476 256 53 supérieures
814 478 68 50 qui
915 480 61 37 est
1012 477 92 52 plus
1126 476 127 42 droite
1273 490 52 28 au
1344 478 100 41 bord
1463 480 153 41 interne
1632 494 10 38 ;

414 552 43 38 2°
477 549 93 41 chez
586 550 35 40 le
640 550 101 40 mâle
760 549 58 40 les
838 552 135 49 points
993 548 49 41 de
1064 549 143 41 dessus
1221 550 35 40 le
1272 549 246 54 distinguent
1531 552 111 42 suffi-

415 626 217 37 samment.

414 719 148 49 ARION,
586 721 46 39 L.
654 718 99 42 God.
778 718 75 55 (pl.
879 719 39 49 7,
940 719 67 52 fig.
1030 722 55 49 6.)

469 819 43 39 T.
544 818 38 40 la
614 819 45 38 F.
682 818 103 39 mais
805 817 161 41 localisé
983 832 9 38 ;
1024 829 105 29 nous
1155 818 153 41 l'avons
1340 820 83 52 pris
1455 822 192 40 autrefois

415 889 318 41 abondamment
750 889 99 41 dans
868 890 39 40 la
920 889 124 42 vallée
1066 889 41 42 de
1107 889 55 42 la
1176 892 90 39 Sole
1281 891 118 53 (forêt
1415 892 48 41 de
1482 893 164 41 Fontai-

414 963 311 52 nebleau),mais
741 963 143 53 depuis
896 963 37 41 la
944 963 247 41 destruction
1204 963 48 41 de
1267 968 100 38 cette
1375 965 136 51 vallée,
1525 967 26 39 il
1562 970 86 48 yest

415 1035 156 42 devenu
582 1037 207 40 très-rare.
806 1036 177 49 Colmar,
997 1037 168 52 prairies
1179 1037 201 49 humides,
1391 1038 255 52 Strasbourg,

414 1111 120 51 digue
558 1111 54 40 du
630 1111 123 49 Rhin,
788 1112 23 39 à
841 1112 39 39 la
911 1111 243 48 Robertsau,
1186 1111 274 52 département
1480 1112 53 41 du
1557 1114 90 48 Var,

414 1184 224 50 Auvergne,
661 1188 95 45 etc.,
780 1184 101 40 dans
911 1184 59 40 les
1003 1182 204 42 clairières
1238 1184 69 40 des
1326 1184 88 42 bois
1435 1197 50 29 en
1498 1187 93 51 juin
1611 1189 39 38 et

409 1255 148 53 juillet.

414 1352 151 49 ARCAS,
588 1353 108 39 Rott.
718 1350 168 51 Erebus,
910 1352 154 42 Knoch.
1090 1355 104 51 Dup.

466 1447 92 42 35m.
583 1449 107 40 Ailes
710 1448 167 49 brunes,
901 1449 274 53 saupoudrées
1202 1449 49 41 de
1275 1450 93 40 bleu
1385 1448 123 42 violet
1526 1462 68 27 sur
1610 1449 36 40 le

414 1520 157 53 disque,
595 1532 94 29 avec
720 1533 53 28 un
804 1533 68 29 arc
906 1521 196 41 discoïdal
1123 1526 38 36 et
1180 1534 80 29 une
1280 1521 142 52 rangée
1445 1522 48 40 de
1513 1523 134 51 points

413 1593 172 52 oblongs
602 1595 126 40 noirs.
752 1595 180 40 Dessous
951 1594 98 40 d'un
1067 1594 106 41 brun
1193 1595 141 46 bistré,
1354 1606 94 29 avec
1468 1606 57 28 un
1545 1606 101 39 rang

414 1666 147 41 courbe
582 1665 48 40 de
649 1666 136 51 points
804 1667 126 49 noirs,
949 1666 148 41 cerclés
1117 1666 49 41 de
1183 1668 82 50 gris
1282 1681 9 37 ;
1314 1678 80 29 une
1414 1667 139 40 lunule
1568 1678 78 29 aux

413 1738 259 53 supérieures
692 1737 242 42 seulement.

473 1822 27 28 9
536 1811 97 41 d'un
665 1812 105 40 beau
804 1813 105 47 noir,
931 1811 204 42 uniforme
1156 1815 38 37 et
1218 1823 95 29 sans
1333 1812 153 40 taches.

467 1885 156 49 Alsace,
645 1885 190 40 environs
856 1884 49 40 de
925 1885 177 48 Colmar,
1133 1883 301 51 Sainte-Marie,
1453 1884 124 41 vallée
1598 1883 49 42 de

414 1958 182 52 Liepvre,
618 1955 260 54 Strasbourg,
908 1956 121 51 digue
1058 1956 53 41 du
1140 1957 106 40 Rhin
1274 1958 23 40 à
1320 1958 39 39 la
1383 1959 257 48 Wantzenau,

414 2029 236 50 Côte-d'Or,
674 2028 190 43 environs
885 2029 48 41 de
953 2031 135 51 Dijon,
1111 2041 49 29 en
1175 2029 150 53 juillet.

868 2205 314 40 ERYCINID.:E.

467 2356 134 40 Pattes
633 2354 249 42 antérieures
917 2355 70 41 des
1027 2355 126 41 mâles
1184 2354 278 53 incomplètes.
1494 2353 149 43 Cellule

412 2428 221 41 discoïdale
656 2428 72 41 des
747 2429 97 41 ailes
862 2428 234 41 inférieures
1116 2428 164 41 fermée.
1302 2426 205 42 Gouttière
1527 2427 115 40 anale

412 2513 77 42 peu
510 2501 245 55 prononcée.
