1780 3012
941 329 54 14 —
1026 311 77 45 i30
1133 336 46 7 -

443 412 343 54 antë-marginale
804 416 118 41 fauve
943 421 112 36 entre
1077 417 102 40 deux
1199 417 123 41 séries
1343 417 48 42 de
1412 419 134 53 points
1566 417 112 44 noirs

453 487 33 57 9
526 500 95 29 avec
653 489 58 39 les
736 489 97 40 ailes
869 488 256 53 supérieures
1153 489 92 52 plus
1277 489 224 52 arrondies,
1523 492 154 51 fauves,

444 560 144 40 ornées
611 560 47 40 de
676 562 137 51 points
833 562 111 38 noirs
965 560 91 53 plus
1077 573 93 39 gros
1188 574 77 39 que
1280 563 93 40 chez
1387 564 36 39 le
1446 563 63 48 C.

499 631 182 41 Chenille
710 644 50 28 en
778 634 90 49 juin
891 636 38 36 et
959 633 228 51 septembre
1208 645 68 29 sur
1295 635 35 39 le
1351 638 118 47 genêt
1490 636 190 53 (Genista

443 707 217 50 scoporia),
684 716 193 28 commun
906 704 102 40 dans
1036 710 110 35 toute
1164 706 39 38 la
1225 706 63 48 F.,
1308 706 100 41 dans
1436 708 57 39 les
1512 709 168 51 prairies

445 780 39 36 et
503 776 58 40 les
582 777 205 39 clairières
809 776 69 40 des
898 776 90 40 bois
1008 788 50 30 en
1079 777 77 39 mai
1174 777 135 51 juillet
1329 782 39 36 et
1388 782 108 37 août.

501 849 111 39 Cette
634 848 139 51 espèce
811 848 110 40 varie
960 859 125 38 assez,
1122 853 161 36 surtout
1319 849 58 41 les
1397 853 44 47 9,
1463 855 88 36 tant
1578 863 105 41 pour

445 921 39 39 la
519 921 107 39 taille
655 921 207 51 (quelques
894 932 102 28 unes
1028 921 268 51 n'atteignent
1338 933 77 41 que
1452 925 112 51 25m.)
1604 936 78 40 que

446 1004 104 41 pour
582 993 39 39 la
664 992 205 53 grandeur
919 993 70 40 des
1035 994 138 40 i'aches
1221 994 164 50 noires,
1431 996 252 53 quelquefois

447 1064 265 50 confluentes,
735 1077 106 28 nous
872 1077 50 28 en
952 1065 224 53 possédons
1203 1067 69 50 qui
1305 1071 92 36 sont
1422 1068 264 43 entièrement

446 1136 151 41 brunes
618 1149 51 28 en
690 1136 158 42 dessus.

447 1228 92 39 Var.
598 1226 217 51 Montana,
831 1229 135 51 Meyer
984 1228 95 40 Dür.

501 1319 110 40 Ailes
625 1319 97 40 d'un
743 1319 107 40 brun
862 1319 168 49 violacé,
1052 1318 181 49 brillant,
1256 1330 96 30 sans
1369 1320 141 41 taches
1528 1321 154 52 fauves,

447 1393 137 51 points
598 1392 114 40 noirs
728 1403 159 29 comme
914 1392 95 40 chez
1025 1392 37 40 le
1085 1397 106 47 type,
1217 1392 105 40 mais
1334 1392 93 52 plus
1440 1393 134 52 petits,
1593 1394 93 52 plus

450 1464 190 41 arrondis
660 1471 39 33 et
716 1465 230 51 paraissant
967 1464 303 41 très-finement
1299 1464 149 41 cerclés
1467 1464 51 42 de
1540 1468 142 50 jaune.

503 1536 169 49 Larche,
691 1536 205 52 B.-Alpes,
921 1532 144 44 Bellier
1090 1536 106 39 Ann.
1218 1536 42 40 S.
1280 1537 47 39 E.,
1350 1538 118 41 1859.

446 1633 196 48 PHLJEAS,
663 1633 46 39 L.
731 1630 79 55 (PI.
837 1632 40 48 5,
900 1630 53 51 fig
974 1631 51 51 4).

505 1725 51 38 28
578 1727 40 35 m.
641 1722 109 41 Ailes
773 1721 253 54 supérieures
1054 1721 151 42 brunes
1232 1728 121 47 ayant
1370 1722 37 41 le
1428 1721 143 54 disque
1589 1723 99 42 d'un

451 1793 120 43 fauve
592 1793 97 42 doré
706 1796 110 39 semé
837 1794 48 40 de
904 1793 136 53 points
1059 1794 124 49 noirs,
1210 1794 239 42 inférieures
1467 1794 97 43 d'nn
1580 1795 108 42 brùn

450 1868 92 39 noir
560 1878 96 30 avec
675 1878 81 29 une
775 1866 132 41 bande
925 1865 224 52 marginale
1168 1867 133 49 fauve,
1325 1866 238 55 s'appuyant
1580 1868 108 42 inté-

450 1940 249 40 rieurement
731 1951 70 29 sur
827 1942 145 49 quatre
997 1951 53 28 ou
1079 1940 95 50 cinq
1195 1939 135 53 points
1355 1940 128 41 noirs.
1514 1941 177 42 Dessous

452 2011 71 41 des
542 2011 254 53 supérieures
825 2012 118 39 fauve
960 2012 190 50 jaunâtre
1175 2023 70 28 sur
1266 2012 37 39 le
1334 2011 144 52 disque
1499 2024 95 30 avec
1617 2013 71 42 des

451 2086 137 50 points
601 2085 109 39 noirs
724 2095 111 29 assez
859 2095 93 39 gros
971 2083 247 51 légèrement
1239 2084 161 40 ocellés.
1423 2086 176 40 Dessous
1620 2085 71 42 des

453 2158 241 42 inférieures
727 2158 98 41 d'un
854 2157 147 41 cendré
1027 2158 195 40 brunâtre
1257 2169 95 29 avec
1382 2156 50 42 de
1464 2158 227 53 très-petits

451 2231 137 54 points
625 2232 129 48 noirs,
790 2235 39 36 et
858 2242 81 29 une
966 2231 110 49 ligne
1109 2229 333 41 anté-terminale
1470 2232 221 41 maculaire

453 2309 228 46 rougeâtre,
704 2304 215 52 composée
939 2303 131 41 d'arcs
1092 2302 99 41 dont
1206 2302 126 41 l'anal
1351 2302 92 52 plus
1464 2304 144 50 grand,
1629 2306 63 39 in-

453 2378 196 40 férieures
669 2376 245 42 échancrécs
946 2380 121 38 avant
1092 2375 148 51 l'angle
1270 2375 94 40 anal
1384 2374 102 42 dans
1505 2377 59 40 les
1584 2377 106 41 deux

457 2463 114 29 sexes
594 2449 34 57 9
652 2450 233 41 semblable.

512 2522 183 42 Chenille
721 2534 70 30 sur
810 2521 168 42 l'oseille
999 2531 175 40 sauvage
1196 2519 178 55 (Rumex
1389 2518 198 57 acetosa).
