1800 2996
709 362 52 8 —
790 341 77 40 197
896 361 54 7 —

201 440 101 41 trois
314 452 118 41 yeux,
449 439 101 42 dont
561 440 58 40 les
633 439 105 43 deux
756 440 171 52 apicaux
944 439 205 51 contigus,
1170 437 36 42 le
1222 437 206 42 troisième

202 514 90 51 plus
325 512 168 51 éloigné,
527 511 254 53 quelquefois
818 511 83 41 nul.
936 511 240 41 Inférieures
1213 521 95 30 avec
1334 511 101 41 trois

202 596 118 41 yeux.
355 586 177 39 Dessous
571 584 72 40 des
680 584 256 52 supérieures
969 584 272 50 ferrugineux,
1270 593 95 30 avec
1397 582 39 41 la

202 659 104 45 côte,
348 667 79 30 une
471 655 175 41 bordure
677 655 131 41 brune
839 666 52 29 au
932 654 102 42 bord
1076 655 208 48 terminal,
1318 658 40 38 et
1376 653 60 42 les

202 740 105 40 yeux
327 727 53 41 du
400 727 156 42 dessus.
576 729 176 39 Dessous
767 727 72 41 des
859 727 239 41 inférieures
1111 726 98 42 d'un
1225 727 105 41 brun
1350 728 87 40 noi-

203 803 106 38 ràtre
330 811 95 30 avec
440 800 58 41 les
518 800 128 51 lignes
666 799 188 41 médiane
875 803 40 37 et
933 797 333 43 anté-terminale
1292 798 144 42 faible-

203 876 110 36 ment
347 876 253 49 apparentes,
625 873 170 39 laissant
816 875 114 37 entre
957 870 98 42 elles
1086 883 80 29 une
1182 871 133 41 bande
1347 871 90 53 plus

202 944 122 40 claire
344 948 38 36 et
402 945 57 39 les
480 956 101 40 yeux
614 944 55 40 du
689 944 157 40 dessus.

266 1013 34 56 9
321 1016 98 41 ailes
438 1015 239 52 oblongues,
696 1016 91 52 plus
806 1015 161 48 claires,
992 1014 135 42 bande
1147 1015 99 41 d'un
1269 1016 170 50 ferrugi-

203 1090 325 50 neux-jaunâtre,
557 1090 137 39 mieux
724 1087 207 51 marquée,
962 1087 122 41 ornée
1109 1087 50 41 de
1188 1088 24 40 4
1231 1088 21 39 à
1272 1090 25 38 5
1317 1099 119 40 yeux.

206 1161 175 40 Dessous
419 1160 71 41 des
522 1161 253 52 supérieures
824 1160 286 50 ferrugineux,
1150 1158 169 42 dessous
1368 1159 71 41 des

204 1231 235 42 inférieures
470 1233 81 49 gris
575 1233 190 51 jaunâtre
793 1243 95 29 avec
914 1232 38 39 la
977 1230 129 42 bande
1138 1231 91 52 plus
1252 1231 121 41 claire
1402 1235 39 37 et

205 1308 221 38 nettement
440 1305 205 52 marquée.

259 1376 378 54 Hautes-Pyrénées
658 1390 51 29 en
728 1377 138 54 juillet
896 1390 113 29 assez
1034 1389 219 30 commune
1283 1388 71 29 sur
1378 1376 60 40 les

206 1451 187 52 pelouses
413 1450 208 53 escarpées
640 1451 25 40 à
678 1454 124 46 2,000
818 1450 150 41 mètres
982 1449 50 42 de
1049 1450 188 41 hauteur.

206 1545 185 48 GOANTE,
414 1545 96 52 Esp.
533 1544 99 42 God.
658 1544 70 53 (pl.
752 1544 15 40 1
778 1548 39 45 R»,
840 1544 67 51 fig.
935 1544 58 54 4).

261 1631 111 39 Cette
387 1627 101 43 belle
502 1629 140 53 espèce
657 1641 42 29 se
711 1628 203 52 distingue
929 1629 236 41 facilement
1178 1628 49 42 de
1241 1629 200 51 Gorgone,

205 1713 73 40 par
308 1713 45 28 sa
385 1701 109 40 taille
520 1701 92 52 plus
632 1700 168 51 grande,
833 1712 72 41 par
924 1701 39 40 la
993 1700 136 41 bande
1162 1701 281 50 ferrugineuse

207 1777 92 52 plus
314 1777 86 40 vive
418 1781 37 37 et
476 1778 136 39 mieux
632 1776 167 50 limitée,
821 1781 40 37 et
888 1789 73 41 par
987 1778 36 40 le
1039 1776 136 42 dessin
1194 1776 56 41 du
1270 1776 170 41 dessous

209 1848 71 41 des
300 1848 253 42 inférieures.

264 1921 86 41 Elle
368 1921 104 41 n'est
490 1930 73 43 pas
584 1932 91 31 rare
687 1921 103 41 dans
805 1922 197 52 quelques
1017 1920 180 42 localités
1216 1920 71 42 des
1306 1921 136 52 Alpes,

209 1993 188 40 environs
427 1992 48 41 de
507 1993 143 50 Digne,
674 1993 168 52 Larche,
865 1994 274 47 Mont-Cenis,
1169 2005 52 28 en
1245 1991 137 54 juillet
1404 1995 41 37 et

209 2069 111 37 août.

211 2161 179 45 PRONOE,
415 2160 94 50 Esp.
531 2159 204 45 Arachne,
758 2159 96 40 Fab.
876 2158 102 41 God.

265 2241 51 41 45
329 2250 40 31 m.
387 2242 107 40 Ailes
509 2242 188 47 entières,
720 2242 97 40 d'un
839 2242 105 39 brun
964 2242 104 47 noir,
1091 2240 236 41 inférieures
1346 2252 97 29 avec

211 2325 80 29 une
320 2312 132 41 bande
480 2314 296 50 ferrugineuse,
805 2325 75 41 peu
915 2312 206 51 marquée,
1144 2312 169 41 rétrécie
1342 2312 100 41 infé-

212 2386 254 47 rieurement,
492 2384 121 41 ornée
632 2384 48 40 de
701 2386 101 39 trois
822 2397 118 39 yeux,
963 2384 101 40 dont
1080 2384 56 40 les
1154 2384 102 39 deux
1275 2384 170 51 apicaux

214 2457 187 50 contigus
421 2461 41 36 et
490 2457 91 52 plus
610 2455 148 51 grands
775 2470 10 35 ;
817 2456 238 40 inférieures
1085 2467 94 29 avec
1208 2454 70 41 des
1308 2455 138 40 taches

217 2528 150 41 rondes
383 2526 299 53 ferrugineuses
703 2526 214 53 marquées
936 2527 180 40 chacune
1131 2525 96 41 d'un
1248 2526 96 53 petit
1362 2525 81 41 œil.
