1780 3012
945 347 47 6 -
1027 323 51 42 44
1107 347 51 6 —

485 423 55 38 Le
566 420 237 41 Notodonta
824 420 211 48 dodonæa,
1061 421 68 51 qui
1150 418 104 43 éclot
1274 418 246 42 d'ordinaire
1540 419 53 40 du
1619 424 47 37 10

431 505 52 29 au
501 492 52 42 20
568 494 96 48 mai,
684 505 43 29 se
746 496 141 38 trouve
907 505 53 29 au
980 494 203 40 contraire
1198 493 271 51 uniquement
1487 492 100 40 dans
1608 492 57 41 les

429 567 161 40 massifs
608 566 69 41 des
703 566 164 41 chênes.
897 567 34 38 A
957 570 88 48 part
1067 569 102 38 cette
1189 565 232 48 différence,
1443 565 39 39 la
1501 565 163 41 recher-

428 639 74 40 che
522 638 50 41 de
592 642 102 38 cette
715 639 141 52 espèce
878 638 84 42 doit
981 641 82 38 être
1076 637 210 53 pratiquée
1309 649 159 30 comme
1488 637 100 42 celle
1611 637 55 42 du

429 711 235 41 Notodonta
689 712 162 40 bicolor.

482 784 244 40 L'Erastria
754 783 219 52 argentula
1002 782 103 42 éclot
1136 782 99 42 dans
1257 784 37 40 le
1314 785 131 39 même
1474 786 131 49 temps
1625 788 39 36 et

427 855 105 50 vole,
553 855 181 53 pendant
761 854 38 42 le
823 856 112 52 jour,
970 867 50 29 au
1054 855 140 40 milieu
1231 855 70 41 des
1331 856 144 40 hautes
1503 856 161 40 herbes.

428 926 86 41 Elle
548 931 60 36 est
639 928 327 41 très-commune
1000 928 100 40 dans
1140 928 203 52 plusieurs
1380 928 182 41 endroits
1597 927 69 41 des

425 1000 123 40 forêts
569 999 49 41 de
641 999 156 53 Bondy,
821 1000 379 49 d'Armainvilliers,
1224 1004 77 37 etc.

481 1073 97 39 Vers
598 1073 36 39 le
661 1075 53 38 20
741 1072 48 41 de
809 1085 45 28 ce
874 1073 118 51 mois,
1015 1073 37 40 le
1071 1074 176 51 Satyrus
1262 1074 95 40 hero
1379 1085 236 29 commence
1644 1075 24 39 à

426 1142 131 42 éclore
575 1159 10 37 ;
614 1153 74 33 son
708 1146 232 52 apparition
959 1148 60 38 est
1039 1145 49 40 de
1104 1157 79 40 peu
1205 1145 49 41 de
1274 1145 137 41 durée.
1437 1146 31 40 Il
1489 1149 61 38 est
1570 1146 99 40 très-

426 1228 191 30 commun
648 1228 52 29 au
731 1218 91 40 bois
855 1217 50 41 de
924 1216 297 50 Notre-Dame,
1245 1217 102 41 dans
1374 1218 60 40 les
1465 1217 203 42 clairières

427 1289 50 40 de
505 1290 39 39 la
569 1293 115 37 route
713 1290 223 52 impériale,
959 1290 91 52 près
1084 1289 48 41 de
1161 1290 39 40 la
1221 1289 334 50 Queue-en-Brie
1570 1306 11 35 ;
1613 1303 53 28 on

426 1362 36 39 le
494 1365 140 37 trouve
663 1363 126 49 aussi,
812 1374 50 29 en
890 1362 152 51 grande
1066 1361 254 50 abondance,
1354 1362 102 41 dans
1489 1366 112 37 toute
1629 1365 39 38 la

424 1435 103 40 forêt
546 1433 375 50 d'Armainvilliers,
946 1438 162 37 surtout
1130 1434 104 41 dans
1254 1435 59 40 les
1331 1434 123 42 allées
1473 1435 192 41 humides

426 1508 69 51 qui
534 1507 252 40 aboutissent
824 1507 25 40 à
886 1507 39 40 la
964 1506 214 52 Pyramide
1198 1538 9 14 ,
1248 1508 25 39 à
1309 1519 80 28 une
1427 1507 241 41 demi-lieue

427 1579 462 42 d'Ozouer-Ia-Ferrière
920 1595 8 24 :
962 1591 53 29 on
1043 1579 36 41 le
1101 1583 214 37 rencontre
1340 1581 111 38 aussi
1471 1580 196 51 quelque-

426 1653 93 48 fois,
552 1652 103 40 mais
674 1651 92 53 plus
787 1654 217 45 rarement,
1026 1651 101 41 dans
1147 1652 39 40 la
1206 1650 102 42 forêt
1338 1650 50 42 de
1408 1651 157 53 Bondy,
1588 1664 80 29 aux

428 1726 189 41 environs
640 1724 52 41 du
713 1725 154 51 Raincy
888 1727 39 37 et
956 1724 49 41 de
1025 1725 282 47 Montfermeil,
1339 1725 104 40 ainsi
1465 1736 79 40 que
1568 1724 100 42 dans

426 1800 58 41 les
511 1797 204 42 clairières
745 1796 236 51 ombragées
1003 1796 49 41 de
1071 1796 197 49 Chaville,
1292 1796 91 53 près
1414 1796 49 40 de
1483 1790 184 59 l'Étang-

428 1873 108 38 Vert.
564 1872 110 38 Nous
706 1869 153 41 l'avons
888 1871 133 38 même
1040 1870 85 52 pris
1156 1870 109 40 aussi
1293 1868 102 41 dans
1424 1868 58 41 les
1511 1869 89 42 bois
1621 1870 49 41 de

431 1945 191 40 Clamart.

484 2017 106 40 C'est
618 2015 110 40 aussi
748 2025 89 30 vers
857 2016 103 39 cette
980 2013 157 53 époque
1157 2025 79 40 que
1270 2014 83 41 l'on
1372 2019 98 49 peut
1495 2015 173 52 prendre

431 2089 24 41 à
474 2087 331 48 Fontainebleau,
820 2098 81 29 une
915 2085 202 52 géomètre
1139 2098 113 29 assez
1270 2098 91 30 rare
1379 2099 78 28 aux
1479 2089 190 39 environs

432 2161 50 40 de
502 2161 129 48 Paris,
650 2160 38 40 la
707 2158 178 41 Fidonia
907 2158 294 50 Concordaria,
1242 2160 73 40 elle
1342 2163 59 37 est
1420 2171 112 29 assez
1553 2172 114 28 com-

431 2244 123 28 mune
587 2232 196 40 certaines
815 2230 165 47 années,
1002 2242 89 29 vers
1120 2232 39 40 la
1179 2243 111 29 mare
1312 2244 77 28 aux
1410 2232 126 41 Evées
1569 2234 101 40 dans

437 2303 58 41 les
516 2303 180 41 endroits
716 2303 157 53 plantés
894 2303 47 41 de
962 2307 155 49 genets.

488 2378 111 39 Nous
619 2388 52 28 ne
690 2377 208 52 parlerons
915 2387 72 42 pas
1001 2377 51 40 ici
1067 2376 122 42 d'une
1209 2378 110 40 foule
1338 2377 203 53 d'espèces
1561 2391 109 28 com-

432 2460 159 40 munes,
608 2448 113 42 telles
742 2461 77 39 que
838 2450 37 40 le
893 2449 173 53 Satyrus
1085 2453 208 45 arcanius,
1312 2451 199 52 Hesperia
1526 2453 140 50 sylva-

432 2530 77 32 niis
523 2526 35 37 et
572 2522 137 52 linea,
709 2522 78 52 les
787 2522 158 52 Lycæna
959 2523 148 50 alexis,
1125 2523 162 50 adonis,
1301 2524 168 49 xanthe,
1482 2528 94 46 etc.,
1591 2529 73 37 etc.
