1752 2996
633 352 54 7 —
714 331 51 39 83
795 350 51 7 —

311 689 389 43 INTRODUCTION
729 699 55 31 ou
813 679 358 50 GÉNÉRALITÉS

456 1026 556 62 LÉPIDOPTÈRES

172 1278 76 40 Les
281 1280 255 39 naturalistes
566 1278 212 51 désignent
795 1289 73 42 par
888 1278 37 39 le
945 1289 98 28 nom
1074 1277 50 40 de
1143 1277 201 53 Lépidop-

118 1350 104 39 tères
253 1349 63 53 (1),
344 1351 58 40 les
428 1352 176 39 insectes
634 1350 160 53 appelés
816 1350 293 50 vulgairement
1126 1350 216 52 papillons,

117 1421 261 41 caractérisés
399 1422 48 40 de
467 1424 38 38 la
522 1424 179 39 manière
721 1424 198 39 suivante.

173 1494 174 39 Insectes
372 1494 23 39 à
414 1494 346 52 métamorphoses
792 1494 233 52 complètes,
1054 1496 122 49 ayant
1203 1496 142 48 quatre

116 1563 99 41 ailes
229 1569 267 44 recouvertes,
514 1578 67 27 sur
593 1567 58 39 les
660 1566 102 40 deux
776 1567 178 38 surfaces
970 1566 47 40 de
1028 1567 143 50 petites
1185 1565 159 41 écailles

117 1636 180 40 colorées
330 1637 241 40 semblables
610 1638 24 39 à
658 1650 81 28 une
775 1639 206 50 poussière
1011 1639 216 39 farineuse.
1258 1640 85 38 Une

115 1712 159 47 trompe
286 1709 91 50 plus
389 1720 50 29 ou
452 1710 132 39 moins
598 1710 162 50 longue,
772 1710 137 40 roulée
921 1723 49 27 en
983 1712 160 50 spirale,
1159 1711 186 40 nommée

117 1779 288 53 Spiritrompe,
425 1781 127 40 située
572 1786 111 35 entre
708 1782 103 40 deux
838 1783 139 52 palpes
997 1783 274 51 cylindriques
1292 1795 52 27 ou

118 1853 212 49 coniques,
350 1853 90 51 plus
464 1865 54 28 ou
553 1855 133 38 moins
714 1855 174 48 relevés,
924 1854 210 52 composés
1164 1855 49 39 de
1244 1856 100 39 trois

117 1924 160 39 articles
296 1926 39 37 et
353 1924 153 41 insérés
526 1937 70 28 sur
614 1937 80 28 une
712 1926 106 40 lèvre
838 1926 90 40 fixe.
953 1927 113 39 Deux
1079 1931 196 36 antennes
1296 1927 49 39 de

115 1998 130 40 forme
256 1998 176 39 variable
444 2002 38 36 et
493 2000 182 50 toujours
687 2001 233 52 composées
933 2000 96 40 d'un
1037 2001 127 50 grand
1176 2001 169 39 nombre

117 2068 306 42 d'articles.Une
435 2071 109 51 pièce
558 2083 110 29 assez
682 2072 240 53 développée,
922 2072 181 53 appelée
1122 2072 225 52 Plérygode

118 2153 53 28 ou
195 2140 236 52 Epaulette,
452 2143 126 40 située
598 2144 24 39 à
640 2145 38 38 la
692 2143 97 41 base
811 2145 70 40 des
901 2146 96 39 ailes
1020 2145 253 51 supérieures
1296 2157 50 27 en

117 2213 157 41 dessus.
296 2214 63 40 Un
378 2214 198 40 abdomen
596 2215 204 52 dépourvu
821 2217 251 49 d'aiguillon.
1085 2217 113 39 Deux
1218 2222 128 36 sortes

119 2284 261 50 d'individus,
401 2285 69 40 des
492 2287 125 40 mâles
638 2292 38 35 et
695 2288 69 40 des
785 2289 191 39 femelles.

174 2358 109 39 Tous
309 2357 59 40 les
394 2356 281 54 lépidoptères,
705 2371 94 29 sans
831 2362 224 51 exception,
1083 2364 266 50 proviennent

122 2429 50 41 de
201 2431 130 39 larves
350 2430 185 53 appelées
564 2432 210 51 chenilles,
796 2446 65 28 ces
880 2435 130 40 larves
1039 2447 42 28 se
1103 2435 248 51 distinguent

165 2532 43 41 (1)
231 2538 92 36 Xsiuç
337 2531 145 47 ~XEWI^OÇ,
504 2533 132 34 écailles
659 2537 112 47 z-rsp&,
793 2536 94 34 ailes.
