1800 2996
729 343 50 6 —
810 325 73 36 231
917 343 51 5 —

230 426 91 52 plus
363 426 133 39 mince
530 428 39 37 et
591 436 111 29 assez
739 424 174 41 saillant.
954 423 178 43 Corselet
1173 422 179 47 robuste,
1389 424 77 38 tète

230 499 109 41 aussi
353 499 108 50 large
481 510 78 39 que
572 498 70 40 lui.
667 497 211 41 Abdomen
898 509 57 28 un
974 507 78 42 peu
1065 496 92 52 plus
1174 498 115 37 court
1308 506 78 39 que
1407 494 58 39 les

230 570 98 41 ailes
349 570 250 41 inférieures.
623 571 104 38 Ailes
750 569 174 40 entières
946 573 38 35 et
999 568 165 51 n'ayant
1178 579 72 40 pas
1272 567 37 38 la
1325 567 140 49 frange

229 642 263 53 entrecoupée
506 657 9 35 ;
536 655 56 27 un
606 644 142 51 repli-à
770 643 37 39 la
823 642 88 39 côte
927 640 69 41 des
1011 639 255 53 supérieures
1285 638 102 41 dans
1408 639 57 39 les

229 715 141 50 mâles,
394 726 157 29 comme
573 714 100 40 dans
694 713 58 41 les
773 725 142 39 genres
937 712 250 53 précédents.

283 787 199 39 Chenilles
515 786 131 48 lisses,
682 786 168 40 renflées
881 798 48 26 au
954 785 149 48 milieu,
1140 785 24 39 à
1191 787 75 37 tète
1303 786 102 38 forte
1428 788 38 35 et

230 858 219 42 échancrée
464 863 36 35 et
516 871 74 27 cou
613 859 253 39 très-mince.
891 857 260 52 Chrysalides
1172 868 172 41 presque
1367 858 98 38 fusi-

229 929 164 48 formes,
414 942 94 29 avec
528 943 57 27 un
605 932 205 39 tubercule
832 943 70 27 sur
922 931 38 39 la
991 930 79 40 tète
1096 934 39 36 et
1163 929 232 42 l'abdomen
1415 942 49 28 en

230 1007 99 36 cône
346 1002 170 53 allongé.
540 1005 121 49 (Dup.
688 1003 111 52 Cat.)

230 1104 151 47 TAGES,
404 1105 44 37 L.
470 1101 99 42 God.
590 1102 74 53 (pl.
693 1102 65 49 18,
782 1103 65 51 fig.
873 1107 57 37 6.1

284 1200 225 39 Commune
538 1198 101 41 dans
660 1203 110 37 toute
804 1200 37 39 la
875 1200 168 46 France,
1070 1210 51 29 en
1161 1200 115 49 avril,
1307 1201 80 37 mai
1427 1206 38 34 et

223 1271 106 51 juin.

281 1343 179 40 Chenille
480 1355 50 28 eu
548 1345 78 38 mai
651 1348 37 35 et
708 1344 240 52 septembre,
973 1356 68 28 sur
1062 1344 35 40 le
1125 1345 125 40 Lotus
1272 1346 189 38 cornicu-

229 1414 112 40 talus
360 1418 37 37 et
417 1416 11 38 l
433 1415 242 52 'Enjngium
697 1420 239 48 campestre.

599 1626 119 34 Genre
744 1626 232 41 HESPERIA,
1002 1627 86 33 Fab.

283 1795 158 39 Massue
462 1794 70 39 des
552 1800 197 35 antennes
770 1795 146 51 droite,
939 1796 160 47 ovoïde,
1122 1802 37 34 et
1183 1800 174 36 souvent
1382 1802 80 32 ter-

231 1865 131 40 minée
381 1877 73 40 par
474 1878 78 27 une
571 1867 123 51 petite
709 1869 137 49 pointe
865 1868 175 40 courbée
1062 1881 49 27 en
1133 1868 161 41 dehors.
1320 1868 144 51 Palpes

231 1938 227 47 très-velus,
482 1950 97 28 avec
594 1939 37 39 le
651 1938 163 41 dernier
834 1941 141 39 article
996 1940 274 52 cylindrique,
1292 1952 174 40 presque

229 2022 71 36 nu,
326 2010 212 49 très-grèle
555 2015 38 34 et
614 2011 214 50 très-aigu.
848 2014 94 38 Tête
963 2013 91 50 plus
1084 2012 111 51 large
1216 2024 77 39 que
1315 2012 35 39 le
1373 2023 93 29 cor-

229 2083 114 46 selet,
379 2083 179 50 quoique
592 2083 171 40 celui-ci
799 2085 79 39 soit
921 2085 288 40 très-robuste.
1252 2085 213 39 Abdomen

228 2153 111 53 épais
375 2157 40 36 et
434 2154 90 51 plus
546 2153 96 51 long
673 2167 77 38 que
785 2156 58 39 les
874 2157 102 39 ailes
996 2156 254 40 inférieures.
1274 2157 192 39 Celles-ci

229 2224 246 51 légèrement
505 2226 161 41 sinuées
687 2240 53 28 ou
771 2240 199 29 concaves
995 2230 91 50 près
1105 2228 50 40 de
1180 2229 148 52 l'angle
1347 2231 92 38 anal
1454 2244 9 35 ;

233 2298 54 38 les
321 2298 257 51 supérieures
615 2302 217 50 marquées
864 2302 36 39 le
920 2301 91 53 plus
1043 2305 169 37 souvent
1245 2313 52 29 au
1326 2303 139 39 milieu

232 2368 97 41 d'un
351 2370 92 39 trait
461 2371 108 51 noir,
603 2372 181 52 oblique.

285 2441 204 44 Chenilles
514 2443 223 52 allongées,
763 2445 176 52 glabres,
972 2444 141 54 rayées
1146 2446 319 52 longitudinale-

232 2517 126 49 ment,
380 2527 95 29 avec
495 2516 37 42 le
562 2528 78 32 cou
671 2519 236 43 très-mince
941 2522 38 38 et
1000 2519 37 40 la
1058 2521 81 39 tête
1160 2519 238 54 globuleuse
1427 2525 40 39 et
