1788 3008
663 398 55 9 —
743 378 79 38 217
850 398 53 6 —

1236 2648 48 38 15

223 480 204 40 Commun
446 477 100 43 dans
565 478 58 42 les
648 478 91 42 bois
773 478 121 41 d'une
929 475 151 52 grande
1115 477 127 52 partie
1278 476 49 40 de
1368 477 36 38 la

175 554 167 39 France.
362 553 60 40 En
437 551 106 53 juin.

175 651 75 39 AB.
273 651 137 51 Arete,
434 650 155 41 Müller.

231 748 57 40 Ne
308 747 139 41 diffère
467 746 329 54 d'Hyperanthus
816 749 123 51 qu'en
958 759 45 30 ce
1021 758 78 42 que
1113 747 59 41 les
1192 758 104 42 yeux
1315 750 93 38 sont

172 820 223 53 remplacés
421 831 75 43 par
525 819 71 42 des
627 820 121 53 petits
776 821 136 53 points
933 820 97 42 d'un
1059 820 119 42 blanc
1202 821 204 52 jaunâtre.

170 894 104 40 Avec
296 893 37 41 le
353 895 109 51 type,
481 892 104 42 mais
604 897 217 38 rarement.

489 1098 119 36 Genre
633 1098 340 37 CŒNONYMPHA.
996 1099 43 35 H.
1062 1099 34 34 S.

600 1179 242 41 (DUMICOLES,
867 1179 111 42 Dup.).

226 1361 75 39 Les
326 1360 100 40 trois
448 1371 193 32 nervures
663 1360 318 41 très-fortement
1011 1360 188 51 renflées,
1222 1364 39 37 et
1289 1360 122 42 d'une

174 1433 179 40 manière
372 1432 113 51 égale
512 1435 23 38 à
567 1433 88 41 leur
686 1434 170 50 origine.
895 1435 209 39 Antennes
1141 1433 189 41 annelées
1362 1434 48 40 de

171 1508 82 51 gris
274 1511 40 38 et
334 1507 48 42 de
399 1507 124 51 brun,
549 1509 24 40 à
592 1519 162 30 massue
788 1507 182 51 allongée
994 1511 38 37 et
1052 1506 225 43 fusiforme.
1301 1509 110 40 Yeux

171 1580 172 53 glabres.

226 1653 203 41 Chenilles
457 1664 114 31 assez
591 1657 177 48 courtes,
799 1653 133 50 lisses,
964 1652 140 53 rayées
1134 1653 276 52 longitudina-

171 1727 165 49 lement,
358 1737 96 31 avec
486 1727 39 40 la
551 1728 79 39 tête
650 1727 123 52 petite
807 1729 39 38 et
879 1725 254 51 globuleuse,
1165 1726 248 41 s'attachant

171 1810 72 43 par
260 1799 39 40 la
328 1810 131 41 queue
475 1810 104 42 pour
600 1810 43 29 se
675 1798 282 41 transformer.
994 1797 262 53 Chrysalides
1287 1811 121 29 cour-

172 1875 76 46 tes,
264 1870 231 51 arrondies,
510 1882 95 30 sans
623 1870 246 49 tubercules,
893 1881 95 31 avec
1004 1869 40 42 la
1066 1872 79 39 tète
1166 1869 249 53 légèrement

173 1944 137 43 bifide.

234 2019 56 40 Ce
309 2028 152 43 groupe
480 2016 222 54 comprend
721 2020 134 39 toutes
882 2015 58 43 les
958 2017 145 53 petites
1125 2018 162 53 espèces
1307 2019 24 41 à
1349 2023 64 38 ta-

178 2091 97 42 ches
295 2090 200 42 oculaires
514 2091 93 52 plus
635 2102 53 29 ou
708 2091 131 40 moins
853 2090 268 41 nombreuses
1142 2102 70 29 sur
1228 2091 61 41 les
1310 2104 106 39 qua-.

179 2168 60 37 tre
262 2164 98 41 ailes
379 2167 39 37 et
434 2163 100 41 dont
553 2164 39 40 la
608 2163 140 51 frange
760 2167 60 38 est
835 2162 194 55 précédée
1041 2175 51 29 en
1109 2163 185 52 dessous,
1314 2164 102 43 dans

179 2247 174 42 presque
380 2239 134 38 toutes
532 2236 59 41 les
609 2235 176 54 espèces,
807 2235 121 41 d'une
949 2236 109 50 ligne
1077 2236 205 50 argentée.
1310 2238 107 42 Elles

180 2320 44 31 se
245 2313 190 38 trouvent
453 2309 103 40 dans
579 2309 57 40 les
656 2308 90 42 bois
766 2309 123 41 taillis
909 2309 53 41 où
997 2308 96 42 elles
1124 2309 195 52 voltigent
1339 2303 81 51 \ur

181 2381 59 41 les
256 2380 193 42 buissons
474 2382 116 52 (Dup.
612 2381 117 51 Cat.).

184 2476 196 52 OEDIPUS,
400 2478 45 42 F.
468 2477 102 43 God.
593 2478 100 51 (Fig.
715 2480 40 48 3,
776 2478 56 53 pl.
857 2481 78 50 17).

240 2577 76 40 Les
348 2574 181 44 localités
557 2574 50 43 de
644 2579 103 38 cette
781 2576 142 51 espèce
962 2578 92 38 sont
1084 2584 109 33 assez
1231 2586 110 32 rares
1373 2590 51 30 en
