1752 2996
669 320 45 5 -
743 296 50 41 43
827 318 44 7 -

164 396 60 41 l'A
235 398 193 50 cronycta
442 395 164 52 ligiisiri
618 408 9 39 ;
644 394 97 42 c'est
752 395 23 40 à
788 394 118 41 l'aide
919 394 53 41 du
986 395 166 49 maillet,
1164 406 50 29 en
1228 394 158 40 battant

160 468 57 41 les
238 472 133 36 troncs
393 468 68 40 des
477 468 216 52 peupliers,
708 467 123 52 qu'on
853 480 50 28 en
920 468 85 40 fera
1024 466 156 42 tomber
1199 468 58 39 les
1280 466 104 41 deux

160 547 232 52 premières,
413 545 39 40 la
477 544 183 41 dernière
688 544 193 40 s'attache
910 555 172 41 presque
1113 544 181 51 toujours
1334 554 50 28 au

161 624 113 35 tronc
296 618 71 41 des
383 618 147 47 frênes,
552 617 119 40 arbre
691 615 69 53 qui
779 617 154 39 nourrit
951 628 44 28 sa
1014 614 186 43 chenille.

213 693 60 37 Du
310 690 46 40 15
383 702 51 27 au
454 692 52 38 20
526 690 97 46 mai,
645 688 37 40 le
710 689 187 51 Bombyx
921 689 94 40 rubi
1043 688 103 39 mâle
1174 689 86 39 vole
1289 699 95 29 avec

163 762 145 41 ardeur
335 762 97 40 dans
460 762 58 40 les
548 762 203 40 clairières
784 760 70 41 des
883 759 88 41 bois
1004 772 111 39 secs;
1152 760 232 52 VOphiodes

165 836 171 46 lunaris,
359 833 95 42 dont
474 834 35 39 le
522 832 62 41 vol
606 837 58 35 est
683 832 221 51 également
917 831 157 51 diurne,
1090 834 107 38 vieilt
1212 844 174 41 presque

165 908 179 51 toujours
370 905 188 40 s'abattre
580 904 97 40 dans
704 904 60 40 les
797 904 141 40 hautes
967 905 160 40 herbes.
1150 907 54 38 Le
1226 905 89 40 bois
1336 905 49 40 de

166 979 220 50 Boulogne,
408 977 39 40 la
478 976 104 41 forêt
616 976 48 40 de
690 976 154 52 Bondy,
874 980 77 36 etc.
985 980 92 36 sont
1103 976 285 41 d'excellentes

160 1049 178 42 localités
355 1060 99 42 pour
468 1047 171 53 prendre
657 1060 66 29 ces
738 1048 105 41 deux
858 1048 179 53 espèces.
1051 1049 32 39 A
1097 1052 102 36 cette
1216 1048 170 53 époque,

158 1122 236 52 l'Argynnis
422 1122 131 39 selene
572 1122 89 39 vole
698 1132 50 29 en
781 1120 152 51 grande
964 1120 179 51 quantité
1164 1121 102 39 dans
1296 1125 107 36 tous'

160 1195 56 40 les
244 1195 102 38 bois.
375 1194 133 39 Parmi
537 1192 56 40 les
627 1192 258 49 Noctuélites,
922 1192 99 41 c'est
1056 1192 38 41 le
1128 1197 177 36 moment
1340 1193 50 40 de

160 1266 207 41 l'éclosion
398 1265 70 40 des
488 1264 209 54 Lupenna
719 1265 205 50 basilinea,
949 1276 139 37 rurea,
1118 1268 197 49 pinastri,
1338 1266 64 40 de'

162 1339 38 39 la
219 1337 184 41 Cucullia
420 1338 239 49 umbratica,
686 1336 68 53 qui
784 1337 284 53 s'appliquent,
1093 1348 158 30 comme
1275 1350 115 40 pres-

162 1423 77 38 que
265 1415 131 36 toutes
419 1411 57 39 les
511 1414 136 36 autres
678 1410 241 48 Noctuelles,
941 1414 139 37 contre
1108 1410 36 40 le
1172 1414 115 37 tronc
1319 1410 71 42 des

161 1484 137 39 arbres
332 1482 204 41 forestiers
559 1513 9 17 ,
610 1486 158 36 surtout
803 1481 49 41 de
889 1492 98 30 ceux
1020 1482 68 51 qui
1125 1482 171 41 bordent
1333 1483 57 40 les

162 1560 148 43 routes,
339 1554 59 41 les
431 1565 187 37 avenues,
652 1556 96 46 etc.,
781 1557 96 47 etc.,
877 1557 65 47 et
977 1565 70 40 qui
1073 1557 92 37 sont
1196 1554 193 41 entourés

162 1627 202 53 d'épines.
388 1626 104 41 C'est
520 1638 68 28 sur
610 1638 66 28 ces
707 1630 140 37 troncs
878 1637 78 40 que
987 1637 41 29 se
1048 1637 143 41 repose
1217 1622 181 57 presque

161 1703 181 49 toujours
362 1699 39 40 la
426 1698 100 53 jolie
547 1697 203 42 Cloantha
776 1698 313 53 perspicillaris,
1119 1698 103 41 ainsi
1254 1711 77 39 que
1352 1700 37 39 la

160 1773 203 41 Pachetra
393 1772 244 52 îeucophœa,
662 1770 55 40 l'
717 1770 150 40 Hadena
899 1772 61 38 lV.
983 1771 193 39 Latinum
1207 1774 176 48 gcnistæ,

161 1845 95 40 c'est
282 1845 108 39 aussi
419 1844 37 39 la
475 1843 191 40 véritable
687 1843 157 51 époque
871 1842 54 40 du
958 1843 234 40 Notodonta
1221 1844 163 48 bicolor,

161 1917 97 50 qu'il
278 1914 84 42 faut
380 1916 193 40 chercher
592 1915 309 40 exclusivement
931 1913 99 41 dans
1050 1914 57 40 les
1127 1914 159 41 massifs
1307 1916 98 38 hu-'

161 1988 128 41 mides
318 1987 153 54 plantés
497 1998 50 29 en
583 1987 213 40 bouleaux.
821 1988 74 39 Les
927 1986 120 40 forêts
1078 1986 48 40 de
1158 1985 156 49 Sénart,
1337 1987 50 40 de

160 2060 154 52 Bondy,
334 2060 49 40 de
411 2058 333 48 Fontainebleau,
769 2058 47 41 de
838 2058 258 51 Compiègnc,
1122 2061 94 45 etc.,
1242 2059 147 40 offrent

161 2133 255 40 d'excellents
444 2130 179 42 endroits
652 2143 103 40 pour
775 2129 169 55 prendre
977 2135 99 36 cette
1104 2129 104 41 belle
1228 2131 154 52 espèce.

164 2207 62 39 On
246 2205 34 39 la
304 2206 68 38 fait
385 2204 157 41 tomber
559 2215 49 29 en
631 2204 184 52 frappant
832 2203 58 41 les
903 2203 209 39 baliveaux
1130 2202 47 40 de
1197 2214 190 41 moyenne

160 2289 202 39 grosseur,
386 2280 157 37 surtout
571 2287 99 29 ceux
697 2276 68 51 qui
786 2274 198 42 croissent
1004 2274 101 40 dans
1127 2286 56 28 un
1216 2275 59 39 sol
1296 2273 92 42 bien

161 2351 114 49 garni
309 2349 185 42 d'herbe,
527 2352 39 37 et
592 2348 146 40 offrent
767 2360 80 27 une
882 2346 224 51 végétation
1138 2347 198 50 analogue
1365 2348 23 39 à

161 2421 96 40 celle
278 2419 72 41 des
379 2421 121 39 forêts
521 2420 52 40 du
595 2420 103 40 nord
718 2420 50 39 de
788 2420 38 39 la
848 2420 168 48 France,
1037 2418 192 41 véritable
1260 2420 145 51 patrier

161 2492 50 41 de
231 2505 44 29 ce
293 2493 199 53 Bombyx.
608 2504 21 28 i,,
1280 2509 12 20 *
1350 2500 22 22 ".
