1788 2996
700 359 52 7 —
780 336 52 42 25
862 359 51 7 —

1243 2599 23 36 2

253 439 56 40 La
347 438 192 53 première
576 438 178 41 manière
803 438 49 40 de
891 449 211 30 conserver
1139 438 57 41 les
1233 438 192 42 chenilles

200 509 152 51 n'exige
370 522 150 29 aucune
534 510 256 53 préparation
810 510 214 52 préalable,
1045 511 73 39 elle
1133 511 174 40 consiste
1325 511 24 40 à
1368 512 56 40 les

201 583 197 40 enfermer
418 582 98 40 dans
549 582 69 40 des
639 583 119 52 petits
782 582 113 40 tubes
929 582 47 40 de
998 594 110 29 verre
1129 583 164 51 remplis
1324 582 100 40 d'al-

202 655 86 40 cool
323 653 253 41 très-étendu
609 665 94 30 avec
743 652 49 42 de
827 654 104 40 l'eau
964 653 184 49 distillée,
1181 657 38 37 et
1248 654 178 41 bouchés

199 726 92 40 bien
310 725 365 52 hermétiquement
696 740 9 37 ;
726 727 103 39 mais
850 728 119 38 avant
989 725 49 41 de
1056 726 167 51 plonger
1242 727 105 39 ainsi
1370 726 57 40 les

199 797 190 41 chenilles
410 797 102 41 dans
529 797 59 41 les
611 797 113 40 fioles
744 797 167 52 d'esprit
929 797 49 42 de
992 798 67 40 vin
1078 798 53 40 où
1153 798 95 40 elles
1265 797 163 42 doivent

200 870 314 41 définitivement
548 870 234 49 demeurer,
824 870 27 39 il
883 871 86 40 faut
1008 871 113 39 avoir
1157 871 89 40 soin
1285 870 48 41 de
1369 871 58 39 les

199 942 141 41 laisser
361 942 209 53 séjourner
599 943 194 51 quelques
813 942 145 41 heures
984 942 101 41 dans
1114 942 155 42 d'autre
1299 942 129 41 alcool

200 1015 51 39 où
272 1015 93 40 elles
391 1016 182 51 puissent
600 1014 197 53 dégorger
818 1015 57 40 les
902 1015 190 40 matières
1111 1016 110 40 âcres
1251 1019 38 37 et
1316 1016 112 40 colo-

200 1091 132 36 rantes
391 1086 99 42 dont
540 1087 95 40 elles
695 1098 42 29 se
787 1085 284 43 débarrassent
1117 1086 179 54 pendant
1340 1086 89 41 leur

201 1160 157 50 agonie.

254 1232 169 51 L'esprit
443 1230 48 42 de
512 1232 81 48 vin,
618 1231 54 40 du
697 1235 122 46 reste,
839 1232 171 51 quelque
1029 1231 119 40 faible
1171 1231 95 54 qu'il
1290 1233 92 48 soit,
1405 1243 24 29 a

200 1304 308 41 l'inconvénient
528 1304 204 48 d'altérer,
756 1316 49 28 au
844 1304 100 41 bout
972 1304 96 39 d'un
1098 1307 131 49 temps
1256 1304 91 52 plus
1375 1315 52 30 ou

201 1378 130 39 moins
350 1377 109 50 long,
496 1376 58 40 les
576 1377 187 40 couleurs
786 1376 69 41 des
885 1377 206 51 chenilles,
1114 1387 52 29 on
1192 1375 115 42 ferait
1324 1376 104 41 donc

198 1449 90 40 bien
311 1448 48 41 de
376 1448 56 40 lui
453 1448 218 41 substituer
691 1450 38 39 la
746 1449 160 51 liqueur
920 1449 185 40 suivante
1127 1461 9 27 :

361 1567 112 41 Esprit
491 1567 39 34 de
549 1567 55 33 \in
1015 1570 62 31 350
1100 1576 175 34 grammes.

362 1623 68 32 Eau
452 1622 141 34 distillée
1015 1624 62 31 250
1163 1622 44 35 id.

360 1678 147 34 Sublimé
527 1677 121 35 corosif
1037 1678 39 32 10
1161 1678 44 33 id.

360 1733 87 33 Alun
467 1732 124 34 calciné
608 1755 341 13 .......
1035 1734 40 31 80
1160 1732 44 33 id.

252 1876 56 38 La
339 1872 171 42 seconde
541 1870 193 43 méthode
766 1872 176 40 consiste
976 1870 24 41 à
1033 1871 167 51 injecter
1233 1870 101 42 dans
1365 1872 58 40 les

200 1947 204 48 chenilles,
426 1956 94 30 avec
534 1956 79 29 une
631 1944 226 52 très-petite
877 1944 203 49 seringue,
1098 1945 116 50 après
1235 1943 58 41 les
1313 1945 112 40 avoir

199 2020 150 48 vidées,
370 2031 58 27 un
459 2017 182 50 mélange
676 2015 48 41 de
755 2016 80 41 cire
872 2014 173 51 colorée,
1072 2015 150 41 fondue
1253 2026 97 30 avec
1373 2016 51 40 de

198 2094 194 39 l'essence
410 2089 49 41 de
478 2087 290 42 térébenthine.

258 2178 20 27 «
306 2166 61 38 Au
385 2164 83 40 lieu
488 2162 222 51 d'injecter,
733 2160 58 40 dit
811 2158 47 42 M.
881 2158 179 50 Boitard,
1082 2172 52 29 on
1153 2163 96 49 peut
1262 2161 164 51 remplir

206 2252 19 26 «
253 2239 37 38 le
325 2248 116 40 corps
474 2234 48 41 de
548 2235 39 39 la
614 2233 169 41 chenille
817 2244 95 28 avec
945 2232 54 39 du
1033 2236 120 37 coton
1182 2232 127 40 haché
1328 2233 98 40 très-

207 2328 18 19 ce
256 2321 137 36 menu,
414 2308 101 39 dans
536 2306 132 51 lequel
689 2317 52 28 on
756 2307 81 37 met
852 2316 57 28 un
926 2315 77 41 peu
1021 2303 195 40 d'arsenic
1237 2307 37 36 et
1289 2304 137 40 d'alun

208 2399 19 21 «
258 2381 150 42 calciné
432 2379 152 41 réduits
605 2390 50 28 en
675 2376 169 53 poudre.
875 2392 20 20 »

260 2456 97 39 Mais
377 2465 44 29 ce
439 2452 100 40 n'est
558 2463 76 39 que
652 2461 102 41 pour
773 2448 194 41 mémoire
985 2459 77 40 que
1077 2459 103 28 nous
1199 2448 161 51 parlons
1381 2447 46 41 de

207 2541 65 29 ces
290 2528 175 40 diverses
479 2522 225 49 méthodes,
723 2522 94 42 dont
834 2520 176 53 l'emploi
1032 2525 59 36 est
1105 2521 94 50 long
1214 2524 38 37 et
1269 2519 162 45 difficile
