1780 3000
877 320 54 8 —
960 298 79 43 160
1066 323 54 7 —

378 397 14 39 1.
406 385 149 51 ointes,
573 386 72 42 dos
670 388 110 41 armé
801 388 48 42 de
871 389 107 41 deux
1003 389 169 51 rangées
1199 390 49 42 de
1273 391 226 41 tubercules
1519 393 91 52 plus

381 469 55 30 ou
454 460 134 40 moins
608 461 132 51 aigus.

432 537 56 39 La
517 537 163 52 plupart
711 537 47 41 de
781 549 66 29 ces
867 537 261 53 chrysalydes
1139 542 92 38 sont
1245 539 142 42 ornées
1405 538 49 43 de
1468 540 142 41 taches

378 607 87 41 d'or
492 621 52 27 ou
575 609 182 51 d'argent
784 613 40 37 et
853 610 253 52 quelquefois
1130 615 133 36 toutes
1295 610 155 42 dorées.
1480 611 125 54 (Dup.

377 681 104 51 Cat.)

376 777 182 41 LEVANA.
576 778 47 38 L.
641 776 103 41 God.
765 775 79 54 (pl.
865 780 42 47 9,
928 777 69 50 fig.
1020 776 57 52 4.)

432 872 109 41 Nord
565 872 49 41 de
636 873 40 39 la
704 874 168 48 France,
893 873 307 48 Valenciennes,
1229 873 204 51 Soissons,
1459 875 147 49 Senlis,

374 946 106 40 forêt
518 945 49 40 de
604 944 244 54 Compiègne
884 949 38 37 et
951 945 49 40 de
1037 945 387 50 Villers-Cotterets,
1449 948 158 50 Alsace,

376 1019 178 51 Colmar,
581 1019 102 39 forêt
704 1018 47 40 de
773 1018 293 51 Fengenheim,
1083 1017 258 53 Strasbourg,
1370 1023 79 37 etc.
1484 1022 127 39 Envi-

374 1101 97 29 rons
494 1090 47 40 de
562 1091 130 49 Paris,
710 1090 231 49 Versailles,
961 1101 230 30 commune.
1211 1092 75 39 Fin
1308 1091 137 41 d'avril
1460 1094 144 39 etmai.

377 1167 55 34 lrc
443 1162 250 51 génération.

426 1237 181 40 Chenille
636 1249 50 28 en
720 1237 227 53 septembre
973 1251 69 28 sur
1066 1238 149 43 l'ortie.
1245 1242 58 39 La
1337 1240 125 42 vallée
1493 1241 51 41 de
1568 1243 42 40 la

377 1308 138 41 Bièvre
542 1309 91 52 près
665 1309 216 41 Versailles
911 1314 61 37 est
995 1311 38 40 la
1057 1311 160 41 localité
1243 1312 70 40 des
1335 1313 192 42 environs
1556 1313 52 42 de

370 1381 131 48 Paris,
518 1382 53 38 où
587 1393 53 28 on
660 1385 140 38 trouve
815 1385 102 38 cette
932 1383 171 42 chenille
1115 1384 39 40 le
1166 1384 93 52 plus
1272 1384 331 51 abondamment,

373 1454 75 41 elle
468 1454 103 40 n'est
588 1466 74 41 pas
681 1466 90 30 rare
784 1467 83 29 non
878 1456 91 53 plus
986 1468 78 29 aux
1084 1458 189 41 environs
1288 1457 48 43 de
1348 1460 257 52 Pierrefond,s

371 1537 79 29 aux
464 1525 141 52 étangs
622 1526 49 41 de
683 1528 234 50 Battignies.
935 1529 89 40 Elle
1033 1540 119 42 passe
1161 1529 143 42 l'hiver
1313 1542 48 30 en
1375 1531 229 53 chrysalide

370 1602 38 36 et
424 1597 108 42 éclot
558 1610 50 28 en
630 1600 99 39 avril
750 1601 38 39 et
810 1601 99 49 mai,
931 1601 107 41 ainsi
1057 1601 98 52 qu'il
1172 1613 24 29 a
1216 1602 61 41 été
1297 1602 58 42 dit
1373 1603 225 44 ci-dessus.

371 1704 93 38 Var.
485 1703 166 48 Prorsa,
669 1701 174 47 L.God.
866 1704 65 51 (pl.
954 1707 39 45 9,
1016 1704 68 51 fig.
1109 1707 57 49 3.)

419 1800 149 40 Mêmes
587 1799 181 41 localités
789 1812 78 39 que
886 1800 36 40 le
943 1804 93 49 type
1057 1812 50 30 en
1119 1801 135 53 juillet
1272 1806 40 38 et
1331 1806 112 47 août,
1464 1807 43 37 2"
1526 1803 73 53 gé-

363 1871 204 41 nération.

418 1940 179 40 Chenille
618 1952 50 29 en
682 1941 93 51 juin
792 1952 69 28 sur
880 1940 74 40 l'or
961 1941 65 40 tie.

362 2037 77 40 AB.
458 2037 186 48 Porima,
661 2037 124 41 Ochs.

417 2131 108 42 Cette
555 2132 63 41 ab.
643 2136 60 37 est
731 2133 300 42 intermédiaire
1062 2138 112 44 entre
1200 2135 155 41 Levana
1375 2139 40 37 et
1433 2138 161 39 Prorsa.

362 2204 74 40 elle
447 2204 140 41 diffère
603 2204 48 41 de
672 2208 102 38 cette
795 2205 182 42 dernière
991 2219 50 28 en
1058 2219 45 28 ce
1120 2219 78 40 que
1217 2208 39 40 la
1274 2206 132 42 bande
1424 2208 172 42 blanche

360 2275 71 41 des
449 2277 255 51 supérieures
720 2280 61 38 est
793 2277 148 42 teintée
957 2278 51 41 de
1025 2280 135 40 fauve.
1182 2281 56 39 La
1251 2279 134 41 bande
1401 2279 70 41 des
1489 2279 108 41 infé-

360 2348 154 41 rieures
548 2352 60 37 est
635 2351 119 39 fauve
774 2352 111 39 aussi
906 2355 40 36 et
963 2363 174 42 presque
1158 2353 187 51 toujours
1377 2351 151 41 divisée
1546 2364 51 28 en

359 2420 125 50 deux,
498 2422 92 51 près
622 2421 54 40 du
692 2422 106 41 bord
818 2423 251 42 abdominal.
1093 2425 175 41 Dessous
1287 2425 244 54 participant
1546 2424 50 42 de

361 2494 161 40 Levana
541 2496 40 39 et
600 2494 48 41 de
664 2496 161 41 Prorsa.
