1740 2996
678 314 52 7 —
762 294 70 39 151
864 314 53 7 —

244 394 202 42 Chenilles
479 395 149 52 ovales,
647 395 197 42 hérissées
864 395 49 42 de
928 396 104 53 poils
1048 395 93 50 fins,
1158 406 96 30 avec
1274 396 38 40 la
1332 397 77 39 tête

186 467 228 53 très-petite
449 471 39 37 et
516 468 260 52 globuleuse,
810 471 39 38 et
879 468 57 41 les
967 472 130 48 pattes
1127 468 281 40 très-courtes.

186 539 255 51 Chrysalides
456 539 224 53 arrondies,
697 539 224 52 également
933 539 198 42 hérissées
1143 540 49 41 de
1202 541 102 51 poils
1315 541 93 48 fins,

185 611 265 40 ressemblant
468 611 210 53 beaucoup
694 624 104 40 pour
813 613 38 40 la
869 613 127 40 forme
1015 612 23 41 à
1060 613 118 40 celles
1198 611 70 42 des
1288 612 123 53 Lycé-

185 683 132 50 nides,
340 688 39 37 et
393 683 203 42 attachées
621 696 157 30 comme
798 686 109 40 elles.
930 684 123 54 (Dup.
1077 686 103 49 Cat.)

486 834 119 35 Genre
628 834 268 36 NEMEOBIUS.
921 835 193 45 Stephens.

238 972 206 40 Antennes
458 972 109 39 aussi
586 970 169 51 longues
775 982 78 42 que
869 970 36 41 le
924 982 132 41 corps,
1077 982 82 29 non
1180 971 175 53 compris
1375 971 39 39 la

187 1046 93 46 tête,
304 1044 164 46 droites,
485 1043 212 40 terminées
726 1055 74 40 par
821 1055 57 27 un
905 1043 153 40 bouton
1086 1044 136 52 aplati,
1243 1055 172 40 presque

186 1117 274 50 triangulaire.
482 1116 141 52 Palpes
644 1121 150 44 courts,
817 1116 142 49 droits,
976 1128 48 29 ne
1044 1116 215 52 dépassant
1277 1127 72 41 pas
1377 1116 39 40 la

187 1192 93 44 tête,
304 1192 38 37 et
363 1189 100 40 dont
496 1189 58 40 les
584 1189 100 40 trois
704 1187 162 42 articles
896 1193 88 36 sont
1003 1188 184 41 distincts
1201 1203 10 37 ;
1233 1188 59 41 les
1312 1189 103 40 deux

186 1261 196 52 premiers
401 1272 78 41 peu
497 1261 127 47 velus,
645 1260 37 40 le
702 1259 204 42 troisième
925 1272 171 41 presque
1117 1272 56 29 nu
1193 1265 39 36 et
1258 1261 157 40 subuli-

188 1334 143 47 forme,
355 1344 105 40 yeux
480 1332 170 51 oblongs
671 1336 38 37 et
728 1332 146 41 bordés
906 1333 50 41 de
982 1333 120 40 blanc
1126 1344 158 30 comme
1316 1345 100 29 ceux

188 1405 70 40 des
280 1404 234 53 Lycénides.
539 1405 179 40 Corselet
737 1405 163 40 robuste
920 1406 89 51 plus
1028 1407 109 50 large
1156 1417 78 39 que
1259 1406 38 39 la
1321 1408 91 45 tête,

188 1476 201 40 abdomen
424 1488 113 28 assez
574 1478 109 49 long,
718 1488 83 29 non
832 1477 122 40 caché
981 1478 262 40 entièrement
1273 1489 73 41 par
1376 1478 38 39 la

188 1549 211 51 gouttière.
422 1548 122 52 Angle
564 1549 128 52 apical
707 1547 217 52 très-aigu.
945 1551 114 51 (Dup.
1084 1548 101 54 cat.)

188 1646 169 47 LUCINA,
381 1647 45 38 L.
449 1644 101 42 God.
572 1644 74 54 (pl.
672 1645 39 49 7,
730 1645 67 52 fig.
818 1646 52 51 8).

242 1743 175 50 Presque
435 1745 111 37 toute
566 1742 38 40 la
625 1743 45 39 F.
688 1745 159 38 surtout
858 1742 102 41 dans
976 1743 58 39 les
1048 1743 150 51 parties
1217 1743 195 41 centrales

188 1819 38 37 et
244 1815 195 50 boréales,
468 1816 87 40 bois
580 1815 236 41 découverts
837 1819 37 37 et
895 1815 122 41 allées
1035 1819 145 49 vertes,
1203 1828 50 28 en
1273 1817 81 39 mai
1374 1821 36 36 et

186 1891 109 37 août.

240 1958 177 43 Chenille
443 1972 49 28 en
507 1960 91 52 juin
614 1963 39 37 et
671 1959 242 53 septembre,
935 1960 57 40 vit
1012 1960 251 41 très-cachée
1284 1972 69 28 sur
1372 1960 39 40 la

185 2032 221 51 primevère
428 2031 205 54 (Primula
654 2032 241 52 o/ficinalis),
919 2037 38 35 et
990 2032 230 41 différentes
1252 2033 160 52 espèces

187 2103 50 41 de
256 2106 169 39 Humex.

625 2259 344 40 LIIiYTHEID,E.

241 2413 156 39 Massue
417 2410 70 43 des
507 2417 196 36 antennes
721 2424 78 41 peu
819 2413 186 42 distincte
1026 2413 48 41 de
1101 2412 40 42 la
1159 2415 95 49 tige,
1276 2414 70 51 qui
1362 2425 48 29 va

188 2495 49 29 en
257 2483 242 52 grossissant
516 2484 48 41 de
584 2486 37 39 la
638 2485 95 41 base
753 2497 49 28 au
824 2491 186 36 sommet.
1029 2487 143 52 Palpes
1191 2486 221 50 très-longs
