1764 2996
646 318 55 10 —
730 295 77 45 165
836 318 52 10 —

154 380 170 62 champs
341 385 40 45 et
400 397 42 33 se
462 399 97 43 pose
579 389 277 43 très-souvent
878 400 71 30 sur
961 387 38 44 le
1018 393 116 39 tronc
1153 388 71 44 des
1244 382 139 50 arbres

156 461 141 44 cariés.
331 461 63 42 On
425 459 39 43 la
491 466 140 38 trouve
650 462 179 53 pendant
859 465 111 39 toute
1001 462 39 42 la
1069 460 103 44 belle
1191 463 137 41 saison
1346 467 38 37 et

154 538 160 36 surtout
328 546 50 29 en
397 537 206 39 automne.

209 606 192 50 Chenille,
434 608 57 40 vit
527 608 177 40 solitaire
737 618 68 30 sur
830 607 129 42 l'ortie
992 607 163 52 dioïque
1184 611 38 37 et
1251 608 131 40 l'ortie

155 679 173 52 grièche,
357 679 99 40 dont
476 680 74 40 elle
571 680 113 40 roule
705 680 58 40 les
783 680 157 41 feuilles
970 691 103 42 pour
1089 680 290 53 s'envelopper,

154 763 50 28 en
213 752 149 52 juillet,
378 755 97 37 août
494 755 39 37 et
553 752 239 52 septembre.

154 836 156 48 CARDUI,
310 836 79 48 L.
412 834 101 42 God.
536 833 75 56 (pl.
640 839 63 45 10,
734 835 68 51 fig.
825 834 64 55 2.)

207 918 338 41 Très-commune
558 922 176 49 partout,
757 931 47 28 en
819 920 95 47 mai,
926 919 135 52 juillet
1081 923 38 37 et
1139 921 240 51 septembre,

152 990 102 41 dans
274 990 59 41 les
354 991 166 52 champs
541 995 39 36 et
608 991 58 40 les
692 989 110 42 lieux
829 991 172 41 incultes
1028 992 54 40 où
1107 993 198 40 croissent
1324 993 57 40 les

150 1062 203 41 chardons
396 1064 70 50 qui
515 1066 160 37 servent
711 1062 49 41 de
794 1064 232 40 nourriture
1053 1064 24 40 à
1107 1064 39 40 la
1181 1064 171 40 chenille
1369 1078 9 37 ;

150 1140 159 41 celle-ci
329 1152 42 28 se
385 1140 101 40 tient
502 1139 20 40 à
540 1138 389 41 l'embranchement
944 1137 70 42 des
1028 1139 101 51 tiges
1144 1139 237 51 enveloppée

150 1212 102 40 dans
284 1224 57 28 un
370 1211 157 48 réseau,
549 1215 39 36 et
615 1222 126 39 ronge
768 1211 38 39 le
824 1211 271 52 parenchyme
1122 1210 70 40 des
1224 1210 157 41 feuilles

149 1284 144 51 qu'elle
312 1287 97 49 peut
427 1282 199 42 atteindre
654 1294 51 29 en
735 1285 156 37 sortant
909 1282 24 40 à
952 1282 139 41 moitié
1117 1282 49 40 de
1193 1285 63 38 cet
1276 1282 102 49 abri,

149 1366 51 30 on
232 1357 38 39 la
309 1360 138 36 trouve
484 1366 112 30 assez
635 1353 331 42 communément
1002 1355 199 40 certaines
1229 1353 150 41 années

148 1427 133 41 tandis
302 1428 144 51 qu'elle
459 1430 59 38 est
537 1438 88 29 rare
640 1426 100 40 dans
761 1425 193 49 d'autres,
977 1437 49 29 en
1040 1426 92 52 juin
1153 1430 39 36 et
1210 1430 111 36 août.

204 1501 111 38 Nous
352 1498 154 41 l'avons
536 1498 164 41 trouvée
738 1509 81 28 une
849 1497 130 41 année
1017 1509 70 28 sur
1124 1498 39 39 la
1198 1497 183 53 vipérine

148 1570 194 48 (Echium
359 1571 197 52 vulgare).

528 1734 119 35 Genre
672 1733 221 43 MELITJEA,
918 1732 87 36 Fab.

202 1867 200 40 Chenilles
417 1867 160 50 garnies
597 1866 179 52 d'épines
800 1868 175 46 courtes,
998 1864 192 41 finement
1210 1875 166 30 rameu-

148 1949 79 38 ses,
244 1939 152 50 d'égale
415 1939 209 50 longueur.
645 1936 257 54 Chrysalides
915 1948 78 41 peu
1012 1937 257 52 anguleuses,
1290 1948 88 28 mu-

146 2012 88 40 nies
261 2011 50 40 de
338 2011 176 40 boutons
543 2021 78 42 peu
651 2008 183 41 saillants
864 2019 71 30 sur
964 2009 37 40 le
1030 2009 88 39 dos.
1152 2010 83 38 Ins.
1269 2008 103 52 parf.

148 2084 93 39 Tête
264 2083 91 52 plus
382 2082 142 41 étroite
552 2093 79 40 que
660 2081 37 42 le
726 2080 170 42 corselet
908 2094 10 39 ;
940 2085 197 36 antennes
1155 2091 111 29 assez
1284 2080 93 40 lon-

148 2167 111 41 gues,
288 2154 216 41 terminées
529 2154 293 51 brusquement
856 2164 74 42 par
959 2164 81 29 une
1069 2163 164 29 massue
1265 2152 114 52 pyri-

146 2228 141 40 forme.
323 2228 144 52 Palpes
498 2226 235 50 très-velus,
758 2226 37 41 le
823 2225 160 42 dernier
1012 2225 140 42 article
1172 2224 173 54 ponctué
1364 2238 11 40 ;

147 2299 199 41 abdomen
365 2300 24 39 à
404 2311 78 41 peu
500 2299 91 53 près
609 2298 49 41 de
676 2299 39 40 la
729 2299 166 40 couleur
914 2298 70 41 des
1004 2298 97 40 ailes
1121 2297 252 41 inférieures.

147 2370 107 42 Ailes
274 2371 173 41 entières
466 2382 54 30 ou
552 2371 25 40 à
602 2371 118 53 peine
740 2369 263 52 denticulées,
1023 2369 189 45 n'offrant
1228 2368 149 55 jamais

149 2442 48 43 de
216 2441 137 43 taches
375 2442 198 52 d'argent.

202 2517 57 41 La
274 2515 162 43 couleur
448 2515 70 42 des
531 2514 174 43 Melitées
719 2519 59 37 est
791 2514 38 43 le
842 2515 177 41 noirâtre
1034 2517 39 38 et
1084 2513 38 41 le
1142 2513 131 50 fauve,
1292 2511 84 43 dis-
