1740 2996
643 340 52 5 -
726 318 50 38 57
813 338 45 6 -

140 421 161 49 Sévran,
324 426 38 36 et
393 433 49 28 en
462 419 159 52 général
644 418 100 41 dans
766 419 58 39 les
843 418 106 40 lieux
981 418 238 51 aquatiques
1241 423 36 35 et
1310 431 56 27 un

139 505 76 36 peu
233 494 145 49 boisés,
402 494 73 40 tels
497 504 76 40 que
593 493 57 39 les
671 490 216 41 bas-fonds
905 489 50 42 de
972 490 188 49 Meudon,
1187 491 49 40 de
1258 491 108 40 Châ-

141 571 107 46 ville,
268 574 76 35 etc.

195 640 221 52 L'Emydia
436 641 224 49 grammica
680 638 87 41 vole
788 638 68 41 dès
877 638 37 41 la
937 639 55 39 fin
1013 639 48 40 de
1076 639 92 51 juin
1188 639 101 39 dans
1309 639 57 39 les

140 713 198 41 clairières
359 711 130 40 arides
511 711 69 40 des
608 712 102 39 bois.
735 710 84 40 Elle
840 710 137 41 n'était
997 723 70 40 pas
1095 722 87 28 rare
1206 722 50 28 au
1277 710 88 40 bois

140 787 48 39 de
205 786 221 49 Boulogne,
449 785 41 38 ni
510 783 100 40 dans
627 783 58 39 les
705 783 149 51 parties
869 783 171 40 incultes
1060 782 49 41 de
1127 783 34 38 la
1181 784 183 39 Varenne

139 857 262 41 Saint-Maur.
423 857 62 39 On
504 857 38 38 la
562 859 137 37 trouve
714 856 110 39 aussi
844 855 327 41 communément
1190 855 23 40 à
1235 854 129 52 Lardy

139 934 37 35 et
198 929 101 40 dans
317 929 57 39 les
393 928 149 52 parties
563 926 131 41 arides
716 926 49 41 de
786 928 38 38 la
841 927 100 41 ferêt
961 927 49 41 de
1024 928 336 40 Saint-Germain.

190 1003 56 38 La
270 1001 180 40 Lithosla
469 999 164 41 Irrorea
655 999 243 41 affectionne
917 1000 58 39 les
995 1002 152 38 mêmes
1167 998 193 42 localités.

190 1075 56 38 La
264 1072 182 40 Lithosia
465 1072 149 40 ancilla
634 1072 105 40 aime
754 1082 51 29 en
826 1070 159 51 général
1005 1071 57 41 les
1081 1071 108 40 lieux
1208 1071 156 53 plantés

136 1146 49 40 de
203 1145 205 52 bruyères.

188 1219 56 38 La
262 1217 182 40 Lithosia
460 1216 195 48 helveola,
672 1216 214 53 beaucoup
908 1217 90 51 plus
1020 1228 103 37 rare,
1140 1228 50 28 ne
1209 1228 43 29 se
1267 1216 98 51 plait

136 1301 77 40 que
244 1289 100 40 dans
382 1290 55 39 les
474 1289 149 52 parties
662 1288 305 50 marécageuses
1002 1288 71 40 des
1107 1289 103 40 bois.
1254 1289 111 39 Nous

135 1362 152 40 l'avons
318 1362 105 51 prise
452 1360 251 53 quelquefois
734 1360 99 40 dans
864 1359 55 41 les
944 1360 201 41 clairières
1176 1360 188 41 humides

137 1434 67 51 qui
224 1434 224 40 avoisinent
466 1426 298 57 l'Étang-Vert,
790 1432 93 52 près
904 1432 48 40 de
974 1432 192 41 Chàville.

189 1504 224 52 Lorsqu'on
434 1504 184 52 frappera
638 1505 37 39 le
695 1507 117 37 tronc
834 1504 71 41 des
926 1505 139 41 arbres
1081 1504 179 53 pendant
1282 1515 83 29 une

136 1576 173 42 matinée
327 1576 158 41 sombre
506 1580 37 35 et
561 1575 142 50 froide,
722 1587 51 29 ou
794 1577 35 39 le
847 1578 129 39 matin
997 1576 49 41 de
1068 1577 23 39 4
1112 1577 24 39 à
1160 1576 19 40 7
1201 1576 163 51 heures,

135 1651 159 50 lorsque
316 1650 38 39 la
373 1648 170 52 journée
565 1647 84 41 doit
677 1650 82 38 être
793 1648 156 41 chaude
984 1653 39 36 et
1048 1649 171 48 sereine,
1242 1660 53 28 on
1317 1660 49 28 en

134 1722 84 39 fera
248 1720 156 41 tomber
422 1720 202 52 plusieurs
654 1719 161 53 espèces
849 1720 288 42 intéressantes
1157 1720 209 40 d'Hétéro-

135 1794 122 41 cères.
280 1793 130 48 Ainsi,
429 1792 99 40 dans
548 1793 57 39 les
623 1791 164 41 massifs
809 1794 52 38 où
875 1793 57 40 les
952 1805 142 29 ronces
1115 1797 38 37 et
1169 1794 57 40 les
1246 1794 121 39 fram-

133 1866 171 40 boisiers
325 1863 196 42 croissent
549 1876 49 29 en
619 1863 255 51 abondance,
896 1877 52 29 on
967 1877 50 29 en
1046 1865 83 41 fera
1151 1865 156 41 tomber
1327 1866 38 39 la

136 1937 205 41 Noctuelle
359 1936 104 39 bâtis
485 1937 70 50 qui
576 1939 128 49 paraît
725 1948 102 41 pour
848 1937 38 40 la
904 1937 171 41 seconde
1102 1938 77 40 fois
1200 1937 100 41 dans
1327 1937 36 40 le

133 2023 168 42 passage
319 2011 51 40 du
386 2012 104 40 mois
512 2011 48 40 de
571 2011 156 53 juillet;
748 2023 104 29 nous
869 2012 154 40 l'avons
1039 2013 107 51 prise
1162 2012 201 52 plusieurs

134 2086 90 47 fois,
246 2096 94 29 avec
372 2095 44 29 sa
447 2082 219 54 congénère
686 2084 161 49 derasa,
871 2096 69 28 sur
958 2085 36 40 le
1026 2089 115 37 tronc
1161 2083 70 41 des
1264 2083 98 41 châ-

135 2157 204 50 taigniers,
375 2155 101 40 dans
509 2156 57 40 les
598 2156 122 40 taillis
751 2156 180 40 sombres
969 2157 68 51 qui
1069 2156 226 40 avoisinent
1326 2156 36 40 le

135 2232 140 46 Haras,
297 2230 90 52 près
409 2230 50 39 du
483 2229 202 41 carrefour
706 2228 48 41 de
775 2229 37 40 la
834 2228 202 50 Garenne,
1059 2233 110 36 entre
1191 2229 172 40 Clamart

136 2307 36 35 et
197 2302 186 41 Meudon.
409 2303 56 38 La
495 2302 305 52 Cymatopliora
826 2301 191 53 duplaris
1049 2303 63 47 L.,
1138 2300 222 53 (tbipuncla,

135 2375 134 49 Rkh.),
286 2374 191 40 s'attache
502 2378 138 36 contre
659 2374 37 40 le
714 2377 116 37 tronc
849 2374 71 40 des
936 2376 152 38 mêmes
1102 2374 138 40 arbres
1260 2373 101 41 dans

134 2447 58 41 les
216 2448 151 38 mêmes
383 2446 193 41 localités.
598 2445 51 41 Sa
677 2446 224 51 congénère
919 2445 225 52 fluctuosa,
1170 2447 69 51 qui
1259 2458 23 28 a
1302 2447 58 40 les

134 2522 330 46 mêmesmœurs,
495 2521 60 38 est
574 2519 209 52 beaucoup
810 2519 91 53 plus
928 2530 104 30 rare.
1059 2521 110 40 Nous
1189 2531 25 40 y
1236 2530 124 30 avons
