1804 3000
932 330 55 17 -
1018 306 76 50 184
1121 333 53 12 —

497 412 182 47 Chenille
699 431 50 28 en
768 417 98 42 avril
882 422 38 36 et
934 429 83 30 mai
1037 431 70 28 sur
1127 420 57 40 les
1207 417 242 54 graminées.

497 492 319 39 Très-commun
834 489 102 41 dans
956 495 93 35 tous
1070 490 60 41 les
1150 491 87 41 bois
1261 504 89 30 secs
1368 498 39 35 et
1434 495 168 51 herbus,
1626 506 50 33 en

437 562 92 53 juin
547 568 39 35 et
601 562 149 53 juillet.

494 661 79 38 Var
615 658 172 42 Procida
819 659 159 40 Herbst.

496 758 62 40 Un
579 770 76 40 peu
676 758 91 52 plus
787 755 128 52 grand
937 768 78 39 que
1035 757 208 42 Galathea.
1279 760 53 40 Le
1356 761 91 40 noir
1465 774 24 39 y
1515 761 163 43 domine

442 827 223 52 davantage
684 832 39 37 et
756 827 173 41 absorbe
966 833 172 36 souvent
1175 840 51 30 en
1254 830 156 49 dessus
1444 831 58 42 les
1539 833 138 42 taches

441 899 209 49 blanches,
672 900 365 50 anti-marginales.

495 971 202 41 Commun
717 983 47 29 en
785 970 203 42 Provence
1009 973 53 39 où
1092 972 26 40 il
1141 975 199 51 remplace
1362 975 35 41 le
1417 979 110 50 type.

442 1067 78 39 AB.
541 1065 170 48 Galene,
733 1066 102 41 Och.

498 1162 150 43 Diffère
672 1164 48 40 de
736 1162 195 43 Galathea
953 1176 50 28 en
1027 1177 44 28 ce
1093 1177 79 40 que
1191 1167 37 39 la
1250 1165 130 43 bande
1399 1169 279 53 anté-margi-

444 1240 92 41 nale
557 1240 54 41 du
633 1240 170 41 dessous
824 1240 70 41 des
914 1240 239 42 inférieures
1181 1246 60 38 est
1261 1243 220 43 maculaire
1510 1248 39 38 et
1581 1257 96 31 sans

444 1324 118 41 yeux.

444 1409 78 42 AB.
542 1408 26 46 9
590 1409 273 50 Leucomelas,
889 1410 93 52 Esp.
1008 1410 103 53 Dup.

499 1507 54 39 Le
585 1504 170 42 dessous
789 1506 71 41 des
892 1506 239 42 inférieures
1160 1507 49 42 de
1236 1513 103 38 cette
1367 1510 230 44 aberration
1616 1517 62 38 est

439 1578 192 53 jaunâtre
659 1590 52 28 ou
742 1577 96 41 d'un
863 1589 125 39 rouge
1020 1579 184 50 ochracé,
1226 1585 40 36 et
1296 1581 59 41 les
1383 1582 160 43 dessins
1561 1598 25 39 y
1606 1590 72 38 ont

446 1661 173 42 presque
656 1650 265 40 entièrement
959 1649 181 54 disparu,
1178 1657 161 37 surtout
1369 1655 59 41 les
1471 1668 118 40 yeux.
1623 1659 54 40 Se

446 1727 141 36 trouve
618 1733 48 40 ça
692 1726 39 36 et
763 1721 37 41 là
821 1733 97 30 avec
952 1721 195 42 Galathea
1177 1725 102 39 mais
1314 1737 112 30 assez
1458 1734 217 48 rarement,

445 1805 103 29 nous
568 1793 156 41 l'avons
742 1795 85 52 pris
845 1794 25 41 à
890 1792 135 55 Lardy
1044 1799 38 37 et
1099 1796 24 40 à
1144 1795 152 55 Bondy.

444 1892 201 40 LACHESIS
665 1890 77 41 Hb.
762 1890 101 41 God.

496 1991 98 38 M)ID.
617 1988 109 40 Ailes
743 1987 207 51 blanches,
971 2000 97 30 avec
1087 1990 40 40 la
1155 1989 98 43 base
1282 1991 242 52 légèrement
1543 1996 132 49 grisâ-

443 2064 60 37 tre
523 2064 39 36 et
581 2071 97 29 sans
699 2059 153 42 taches.
867 2060 98 41 Côte
986 2060 70 41 des
1071 2062 256 53 supérieures
1336 2076 58 29 un
1409 2077 80 41 peu
1508 2068 168 49 grisâtre

442 2132 103 40 dans
564 2132 58 40 les
641 2131 106 42 deux
768 2142 129 30 sexes.
925 2133 132 40 Tache
1074 2133 235 43 .discoïdale
1330 2135 73 42 des
1422 2138 254 52 supérieures

443 2208 223 37 nettement
686 2203 190 52 marquée
891 2208 39 36 et
943 2204 175 51 figurant
1133 2208 312 49 grossièrement
1457 2221 80 30 une
1557 2210 119 42 boule

442 2276 182 53 appuyée
643 2288 71 28 sur
734 2276 235 40 l'extrémité
989 2276 97 41 d'un
1107 2279 203 51 rectangle
1325 2291 111 30 assez
1452 2281 109 53 long.
1582 2284 95 40 Des-

443 2361 97 29 sous
560 2347 73 42 des
653 2346 240 43 inférieures
912 2359 96 31 avec
1028 2348 71 43 des
1119 2349 160 43 dessins
1298 2353 83 49 gris
1402 2353 173 42 formant
1592 2367 83 30 une

443 2419 133 43 bande
594 2420 186 41 médiane
808 2421 274 53 interrompue
1119 2433 52 30 au
1192 2424 154 53 milieu,
1378 2430 39 36 et
1447 2427 95 52 cinq
1572 2439 104 42 yeux

444 2498 344 43 anté-terminaux
805 2497 175 55 pupillés
1000 2497 50 42 de
1068 2495 95 44 bleu
1176 2499 104 54 pâle.
