1792 3000
964 332 54 13 —
1050 309 75 47 170
1154 330 54 17 —

470 413 151 47 France
641 411 263 47 méridionale
923 420 40 38 et
985 415 58 42 les
1063 412 465 58 Pyrénées-Orientales,
1550 413 37 46 la
1603 411 98 48 che<-

471 495 93 41 nille
582 493 112 43 selon
715 495 49 40 M.
790 493 143 42 Bellier
950 494 56 42 vit
1025 505 69 30 sur
1119 495 38 39 la
1176 494 171 41 Linaria
1368 493 41 55 M
1409 493 292 55 onspeliensis?

521 592 205 49 ATHALIA,
748 591 97 52 Esp.
868 589 102 40 God.

524 686 95 44 38m.
657 688 108 40 Ailes
784 686 248 51 légèrement
1054 685 182 50 dentées,
1254 687 209 41 arrondies
1481 687 97 42 d'un
1597 688 107 41 brun

468 761 91 39 noir
580 772 95 29 avec
703 760 50 39 de
781 759 266 40 nombreuses
1065 759 138 40 taches
1232 759 96 40 d'un
1354 761 116 39 fauve
1503 772 111 28 ass«z
1632 761 71 49 vif,

466 833 218 47 uniforme,
701 830 206 54 disposées
929 842 71 41 par
1019 830 154 41 bandes
1193 832 341 52 très-apparentes
1554 836 38 36 et
1614 833 91 52 plus

470 915 53 29 ou
539 905 133 39 moins
690 904 131 50 larges
840 915 69 28 sur
931 903 59 40 les
1007 908 143 46 quatre
1171 904 113 40 ailes.
1309 905 175 40 Dessous
1504 904 70 40 des
1601 903 105 41 infé-

471 978 153 38 rieures
642 975 98 40 d'un
759 977 127 50 jaune
905 976 89 52 pâle
1013 987 95 29 avec
1127 976 106 40 deux
1258 976 155 41 bandes
1440 977 137 40 fauves
1607 976 97 44 bor-

472 1048 95 40 dées
587 1048 49 40 de
656 1049 103 47 noir,
780 1048 39 39 la
841 1048 234 51 supérieure
1106 1048 124 50 large,
1260 1060 43 28 se
1334 1048 233 41 réunissant
1586 1050 23 39 à
1627 1061 81 29 une

472 1116 203 40 troisième
696 1116 20 39 à
738 1117 38 38 la
793 1116 111 47 base,
925 1115 240 40 l'inférieure
1185 1114 153 51 étroite,
1364 1115 191 52 marquée
1575 1116 49 41 de
1645 1117 64 39 lu-

473 1187 116 41 nules
608 1188 91 52 plus
721 1187 176 48 foncées,
921 1186 164 52 excepté
1106 1188 90 50 près
1214 1186 48 41 de
1282 1188 38 38 la
1333 1190 103 37 côte.
1455 1188 153 51 Frange
1623 1188 87 52 pré-

474 1259 121 41 cédée
616 1259 122 41 d'une
758 1261 108 49 ligne
905 1258 140 41 sinuée
1074 1270 56 28 un
1162 1270 78 40 peu
1270 1259 90 52 plus
1394 1258 139 41 foncée
1564 1271 78 39 que
1674 1261 37 40 le

474 1331 99 41 fond
592 1336 110 36 entre
723 1332 103 41 deux
848 1331 103 41 filets
971 1332 128 40 noirs.
1123 1331 144 53 Palpes
1292 1332 112 39 noirs
1425 1342 49 29 en
1496 1330 158 42 dessus.

528 1409 27 31 Q
578 1403 237 42 semblable.

524 1477 177 41 Chenille
725 1490 50 28 en
804 1478 80 40 mai
906 1481 39 38 et
963 1478 227 52 septembre
1211 1489 69 29 sur
1309 1479 36 40 le
1372 1477 241 55 Melampyre
1640 1478 71 44 des

470 1549 103 50 bois,
596 1553 38 39 et
654 1550 34 41 le
708 1551 196 53 plantain.

527 1623 111 40 Cette
658 1623 139 52 espèce
814 1628 60 36 est
900 1625 323 40 très-commune
1241 1623 97 40 dans
1358 1626 93 37 tous
1470 1622 59 41 les
1548 1623 88 42 bois
1658 1636 50 28 en

463 1691 97 54 juin
613 1698 38 37 et
689 1696 124 49 août,
858 1700 38 37 et
941 1697 110 41 varie
1088 1696 212 52 beaucoup
1347 1707 103 41 pour
1495 1695 217 42 l'intensité

478 1769 51 41 de
565 1768 39 40 la
635 1769 168 40 couleur
835 1772 53 38 où
918 1768 84 42 l'on
1039 1767 84 43 voit
1148 1768 186 42 dominer
1369 1768 36 40 le
1444 1769 92 40 noir
1578 1780 53 29 ou
1673 1769 38 41 le

475 1842 136 40 fauve.

529 1927 75 38 AB.
626 1924 206 52 Pyronia.
858 1924 77 41 Hb.

527 2016 114 40 Cette
669 2015 68 40 ab.
758 2019 91 36 tout
875 2015 24 40 à
919 2015 72 40 fait
1009 2014 278 50 accidentelle,
1313 2027 42 29 se
1384 2020 211 38 rencontre
1615 2027 95 32 avec

472 2086 38 41 le
530 2092 108 47 type,
658 2088 103 39 mais
780 2098 113 30 assez
911 2091 218 44 rarement,
1144 2099 54 29 on
1218 2092 141 37 trouve
1375 2093 171 36 souvent
1558 2089 72 40 des
1650 2091 62 39 in-

471 2159 160 41 dividus
650 2160 67 50 qui
748 2159 86 40 s'en
854 2159 269 52 rapprochent
1143 2160 90 52 plus
1253 2171 52 28 ou
1326 2162 133 38 moins
1476 2174 10 38 ;
1514 2172 104 29 nous
1636 2161 74 41 l'a-

468 2241 99 30 vons
586 2232 108 51 prise
712 2232 23 39 à
756 2231 132 51 Lardy
917 2236 39 34 et
986 2243 52 28 au
1069 2231 90 40 bois
1187 2231 48 40 de
1263 2232 220 49 Boulogne.
1507 2234 111 39 Nous
1638 2232 72 42 de-

467 2313 101 29 vons
590 2303 108 39 aussi
721 2303 258 40 mentionner
1004 2303 71 39 des
1095 2301 207 42 individus
1324 2304 82 52 pris
1421 2304 22 39 à
1465 2304 132 52 Lardy
1612 2304 99 42 dont

466 2368 40 45 la
526 2374 109 40 taille
667 2385 51 29 ne
735 2374 170 52 dépasse
926 2386 73 40 pas
1018 2378 114 45 30m.,
1147 2374 51 41 ils
1224 2386 43 29 se
1294 2375 269 52 rapprochent
1581 2376 131 41 beau-

466 2457 104 41 coup
606 2445 49 41 de
691 2446 37 40 la
766 2458 84 29 var.
875 2446 186 42 nommée
1097 2445 268 42 Britomartis
1402 2458 73 42 par
1506 2448 60 41 les
1591 2448 114 42 Alle-

466 2518 160 42 mands.
