1740 2996
611 318 53 6 —
693 297 46 38 81
776 318 48 6 —

1159 2573 37 36 5'

103 398 130 41 boîtes
247 397 49 41 de
312 409 44 29 sa
371 399 222 48 collection,
614 409 50 29 au
682 399 131 39 moins
832 409 80 29 une
932 396 77 41 fois
1024 401 91 36 tous
1130 398 57 39 les
1208 397 119 47 mois,

105 474 38 37 et
165 471 34 39 si
219 470 85 40 cela
326 474 59 36 est
398 470 189 52 possible,
607 474 91 36 tous
712 471 58 39 les
785 471 141 50 quinze
937 471 117 50 jours
1071 482 9 37 ;
1099 469 42 40 3°
1155 469 48 39 de
1218 469 110 51 frap-

103 553 70 40 per
195 542 238 41 doucement
453 546 37 36 et
510 542 102 40 dans
632 541 131 41 divers
782 553 106 37 sens,
914 543 57 39 les
990 542 135 52 parois
1144 540 187 40 latérales

104 613 69 41 des
192 614 144 49 boites,
352 614 80 40 afin
452 614 50 40 de
515 614 255 48 rassembler,
789 614 101 41 dans
909 626 57 28 un
986 614 48 40 de
1049 614 109 40 leurs
1177 613 152 51 angles,

102 686 59 39 les
186 686 216 40 molécules
431 686 47 40 de
497 686 206 52 poussière
731 687 70 50 qui
833 685 167 41 tendent
1031 686 185 51 toujours
1237 686 24 39 à
1290 697 44 29 se

104 756 174 52 dégager
298 758 54 39 du
372 770 117 40 corps
510 757 69 41 des
604 757 217 52 papillons,
846 769 53 29 on
924 761 109 37 ôtera
1056 759 155 39 ensuite
1231 761 104 37 cette

103 830 208 52 poussière
331 832 23 38 à
373 830 119 40 l'aide
508 830 96 39 d'un
620 830 185 52 pinceau.

157 903 111 39 Nous
292 903 239 40 insisterons
553 914 69 28 sur
640 914 44 29 ce
706 903 123 50 qu'on
848 906 121 36 mette
989 903 348 50 rigoureusement

104 986 49 28 en
185 976 183 51 pratique
393 976 59 39 les
476 987 162 40 moyens
663 974 274 54 préservatifs
959 987 77 39 que
1054 987 104 28 nous
1183 987 154 29 venons

105 1045 255 53 d'indiquer;
388 1051 39 37 et
452 1060 104 28 nous
587 1059 51 29 ne
666 1058 211 30 cesserons
903 1048 49 40 de
978 1048 306 40 recommander
1315 1049 24 40 à

104 1135 75 28 nos
204 1123 171 40 lecteurs
396 1123 47 41 de
458 1136 51 28 ne
521 1125 150 50 jamais
692 1123 143 52 perdre
855 1123 49 39 de
923 1135 77 28 vue
1022 1128 64 36 cet
1106 1124 231 51 aphorisme

105 1197 344 50 entomologique,
467 1199 22 37 à
511 1197 131 40 savoir
665 1211 8 25 :
699 1208 78 39 que
792 1197 38 38 la
848 1195 204 53 propriété
1069 1204 59 33 est
1138 1196 202 52 l'hygiène

106 1267 71 41 des
198 1267 254 42 collections.
483 1270 136 47 Quant
637 1279 80 29 aux
736 1280 169 40 moyens
931 1269 181 49 curatifs,
1132 1281 54 28 on
1204 1269 94 41 n'en
1318 1281 23 28 a

105 1341 229 51 longtemps
363 1352 134 29 connu
535 1341 125 51 qu'un
698 1341 86 40 seul
820 1357 9 24 :
869 1341 97 40 c'est
1002 1341 49 40 de
1084 1342 168 52 plonger
1283 1342 58 39 les

106 1414 131 39 boîtes
260 1414 70 50 qui
350 1413 246 40 renferment
621 1412 70 40 des
715 1414 172 39 insectes
908 1413 198 52 attaqués,
1129 1413 101 40 dans
1260 1425 79 28 une

107 1490 107 36 sorte
241 1485 156 41 d'étuve
418 1497 51 28 en
496 1485 150 50 cuivre,
669 1485 163 53 appelée
858 1489 266 45 necrentôme,
1155 1486 100 40 dans
1275 1486 62 39 la-

108 1552 129 56 quelle
274 1569 54 28 on
358 1557 179 52 produit,
576 1559 23 39 à
618 1558 119 40 l'aide
756 1558 48 40 de
824 1559 39 38 la
887 1570 165 40 vapeur,
1080 1571 80 27 une
1178 1558 165 40 chaleur

108 1630 48 40 de
177 1630 91 53 plus
289 1630 48 40 de
358 1634 90 36 cent
469 1631 165 52 degrés;
668 1633 103 38 mais
792 1635 62 36 cet
880 1631 192 52 appareil,
1096 1632 68 50 qui
1193 1631 150 40 détruit

109 1713 47 29 en
189 1703 95 39 effet
313 1706 93 36 tous
441 1704 58 39 les
531 1715 118 40 corps
682 1705 185 45 vivants,
903 1702 194 40 dénature
1132 1715 50 27 en
1213 1705 130 37 même

108 1779 131 48 temps
267 1775 58 40 les
352 1776 97 39 ailes
470 1775 70 40 des
559 1776 217 51 papillons,
803 1776 78 39 soit
905 1787 50 28 en
985 1776 58 39 les
1075 1776 164 51 fripant,
1265 1776 78 39 soit

108 1858 52 28 en
179 1848 59 38 les
266 1847 149 40 faisant
445 1846 141 41 fléchir
602 1862 10 37 ;
645 1848 253 50 quelquefois
921 1849 130 38 même
1085 1848 27 38 il
1134 1848 122 40 altère
1284 1847 59 40 les

110 1920 186 40 couleurs
327 1920 49 39 de
419 1922 196 38 certaines
652 1923 165 50 espèces
832 1935 10 37 ;
879 1932 104 28 nous
1023 1932 182 40 pouvons
1239 1920 103 40 donc

110 2002 164 29 assurer
306 1991 244 49 hardiment,
586 1991 158 53 d'après
772 1996 115 36 notre
919 2003 144 40 propre
1091 1992 251 52 expérience,

111 2062 98 52 qu'il
237 2075 50 28 en
321 2067 60 37 est
412 2063 49 40 de
494 2076 44 29 ce
570 2064 160 40 remède
763 2064 195 51 héroïque
992 2076 158 28 comme
1181 2064 49 40 de
1259 2068 88 36 tant

112 2135 176 42 d'autres
309 2136 54 39 du
380 2139 129 38 même
529 2149 122 38 genre
672 2138 84 49 qui,
773 2148 104 41 pour
891 2149 54 27 un
967 2149 52 28 ou
1038 2136 108 40 deux
1164 2136 182 40 malades

113 2209 120 50 qu'ils
265 2209 228 50 guérissent
517 2220 72 41 par
609 2209 163 48 hasard,
793 2213 129 44 tuent,
946 2221 50 27 en
1025 2211 211 46 revanche,
1266 2221 80 29 une

112 2280 156 40 infinité
289 2280 49 40 de
362 2292 98 39 gens
481 2282 68 49 qui
579 2293 41 28 se
640 2284 161 49 portent
831 2281 108 40 bien.
974 2281 30 39 Il
1036 2284 60 36 est
1131 2280 48 41 de
1216 2281 130 40 beau-

114 2366 103 39 coup
236 2354 221 52 préférable
488 2354 49 40 de
564 2359 142 36 mettre
729 2355 180 52 pendant
937 2356 194 49 quelques
1148 2357 117 50 jours
1291 2357 57 40 les

117 2427 175 40 insectes
312 2427 184 50 attaqués
517 2426 100 41 dans
637 2427 37 40 le
686 2439 95 28 vase
801 2428 23 39 à
845 2428 185 51 Cyanure
1051 2428 182 53 employé
1247 2441 103 40 pour

86 2516 7 29 i
115 2504 90 38 tuer
226 2499 59 40 les
312 2499 200 54 papillons
532 2503 39 37 et
602 2499 98 41 dont
727 2512 104 28 nous
858 2511 124 29 avons
1001 2500 124 52 parlé,
1150 2513 101 40 page
1282 2502 65 40 14.
