1716 3008
605 312 51 9 —
689 292 75 39 103
790 311 54 7 —

155 408 80 27 aaa
264 418 53 6 —
350 396 147 47 Quatre
516 398 128 48 pattes
671 392 286 40 ambulatoires
977 391 101 41 dans
1096 392 60 40 les
1185 392 143 49 mâles,

100 479 174 42 presque
301 468 181 51 toujours
512 466 61 40 six
605 465 99 41 dans
720 465 56 40 les
797 464 190 40 femelles.
1012 464 202 40 Chenilles
1229 466 99 39 très-

100 543 173 38 courtes.

155 612 96 40 bbbb
270 633 50 9 —
354 611 199 41 Chenilles
589 610 264 53 pubescentes
885 621 53 29 ou
973 608 150 42 velues.
1151 609 177 52 Chrysa-

101 684 99 40 lides
217 687 175 45 courtes,
415 683 259 41 contractées.

154 767 85 30 cccc
256 779 44 6 —
317 755 78 41 Ins.
413 756 98 52 parf.
530 755 104 41 Bord
649 754 231 41 abdominal
892 754 70 40 des
981 755 98 40 ailes
1093 753 237 41 inférieures

99 840 57 29 un
184 840 79 40 peu
284 828 174 39 saillant.
494 828 146 39 Cellule
668 830 130 37 tantôt
817 825 163 50 fermée,
997 830 131 36 tantôt
1148 829 179 44 ouverte,

101 904 38 37 et
170 899 256 52 quelquefois
466 899 145 41 fermée
638 911 48 28 en
718 910 224 41 apparence
979 910 72 40 par
1085 909 80 29 une
1196 898 133 40 fausse

99 984 186 29 nervure.
327 972 190 40 Crochets
552 971 69 40 des
661 975 126 36 tarses
827 970 217 53 très-petits
1083 974 38 36 et
1153 970 24 39 à
1212 970 118 52 peine

101 1045 195 40 saillants.
320 1067 51 8 —
393 1044 243 52 Erycinidx.

408 1164 319 42 Deuxième
785 1165 238 42 Section

585 1274 262 40 SUSPENSI.

152 1383 36 39 B
208 1405 51 6 —
275 1383 205 39 Antennes
500 1380 369 54 très-rapprochées
907 1384 37 37 et
981 1392 171 41 presque
1183 1381 146 40 conni-

96 1458 137 37 ventes
254 1455 22 39 à
297 1455 87 39 leur
406 1455 108 38 base.

150 1539 25 27 a
195 1549 53 6 —
277 1527 149 47 Quatre
480 1528 129 48 pattes
645 1523 285 42 ambulatoires
986 1524 100 40 dans
1130 1526 57 39 les
1226 1524 101 41 deux

95 1610 128 29 sexes.
248 1598 193 40 Crochets
463 1597 67 40 des
557 1601 127 36 tarses
703 1597 213 40 fortement
935 1597 156 40 bifides.

149 1671 21 39 b
186 1694 51 5 —
254 1670 200 46 Chenilles
484 1668 285 53 cylindriques,
800 1668 212 53 épineuses
1032 1681 69 27 sur
1113 1672 111 38 toute
1245 1670 86 40 leur

93 1744 215 49 longueur,
339 1755 49 26 ou
417 1741 204 41 atténuées
668 1742 23 38 à
736 1741 236 40 l'extrémité
1014 1742 248 51 postérieure
1292 1747 38 34 et

95 1813 212 53 épineuses
336 1815 222 39 seulement
579 1824 68 28 sur
667 1814 39 39 la
731 1816 95 37 tête.
849 1813 255 52 Chrysalides
1125 1813 49 41 de
1200 1814 129 40 forme

92 1886 190 39 variable.

147 1970 20 27 c
182 1981 51 6 —
255 1960 81 38 Ins.
355 1958 102 52 parf.
477 1957 140 51 Palpes
631 1956 315 41 ordinairement
961 1958 366 52 très-rapprochés,

92 2030 364 48 très-ascendants,
471 2030 211 39 fortement
696 2029 192 40 écailleux
910 2046 8 24 :
941 2030 38 39 la
998 2028 85 42 face
1102 2030 227 40 antérieure

93 2102 48 40 de
161 2103 108 39 leurs
288 2102 104 40 deux
413 2099 192 54 premiers
625 2101 158 40 articles
803 2113 172 40 presque
996 2103 110 37 aussi
1124 2102 108 49 large
1250 2113 79 39 que

91 2174 109 40 leurs
229 2174 125 48 côtés,
377 2186 51 27 ou
452 2176 126 36 même
600 2173 87 52 plus
715 2174 121 49 large.
872 2174 106 40 Bord
999 2174 233 39 abdominal
1259 2174 69 39 des

90 2247 99 40 ailes
208 2247 239 39 inférieures
471 2246 175 39 formant
664 2257 79 28 une
771 2246 195 49 gouttière
995 2247 332 51 très-prononcée

90 2329 104 41 pour
214 2319 180 39 recevoir
413 2316 225 41 l'abdomen
656 2330 9 34 ;
689 2318 140 40 cellule
857 2329 172 41 presque
1049 2319 186 50 toujours
1251 2330 77 28 ou-

91 2393 122 37 verte.
237 2411 53 8 —
310 2389 300 52 Nymphalidœ.

145 2488 47 39 bb
217 2509 47 7 —
298 2486 200 41 Chenilles
531 2486 203 41 atténuées
763 2487 24 39 à
817 2485 236 42 l'extrémité
1083 2491 39 36 et
1152 2498 172 41 presque
