1764 2984
650 301 52 8 —
731 282 51 38 27
809 302 52 6 —

142 395 97 41 pace
259 384 49 40 de
329 383 102 41 deux
451 395 53 29 ou
522 381 100 44 trois
643 381 192 51 minutes,
855 384 109 40 selon
984 383 38 39 la
1052 393 186 40 grosseur
1257 383 48 40 de
1326 383 38 40 la

143 456 184 48 chenille,
345 456 86 39 l'air
449 456 132 40 chaud
600 457 66 49 qui
684 468 40 28 se
746 456 151 50 dégage
920 466 94 29 sans
1032 467 112 28 cesse
1158 455 49 40 de
1227 456 38 38 la
1284 456 80 39 tôle

141 540 97 28 aura
274 528 259 40 entièrement
561 528 119 40 retiré
713 528 48 40 de
794 528 38 39 la
862 538 104 42 peau
999 531 108 36 toute
1139 526 227 41 l'humidité

144 599 143 52 qu'elle
312 600 214 49 contenait,
551 608 36 32 et
606 601 38 39 la
664 600 170 40 chenille
853 612 97 28 aura
970 599 189 41 conservé
1179 599 36 39 la
1237 600 127 39 forme

141 672 122 50 qu'on
291 673 56 40 lui
369 684 97 29 aura
499 672 153 41 donnée
686 671 177 54 pendant
881 671 250 52 l'opération.
1155 672 61 39 On
1247 682 119 29 saura

139 755 78 39 que
231 745 36 39 le
290 744 140 41 travail
447 748 61 37 est
521 744 166 41 terminé
704 743 203 52 lorsqu'en
926 747 184 49 pressant
1124 743 242 51 légèrement

139 817 39 39 la
198 817 170 40 chenille
388 821 111 35 entre
519 817 57 39 les
596 816 132 50 doigts
746 847 10 17 ,
791 827 52 29 on
863 817 149 38 sentira
1032 827 77 39 que
1129 816 38 39 la
1186 827 102 40 peau
1307 819 60 36 est

141 890 292 39 suffisamment
451 888 161 40 tendue.
630 888 141 49 Quand
785 900 52 28 on
858 899 88 29 sera
967 888 128 49 obligé
1117 887 47 41 de
1184 888 184 39 s'arrêter

141 973 101 41 pour
263 960 214 53 reprendre
502 961 157 39 haleine
679 960 174 52 pendant
873 961 121 50 qu'on
1013 960 181 41 soufflera
1212 961 37 38 la
1269 959 95 40 che-

139 1034 111 48 nille,
271 1034 28 38 il
317 1032 141 40 faudra
477 1034 110 39 avoir
604 1034 89 39 soin
714 1032 47 40 de
780 1033 39 39 la
838 1033 139 39 retirer
996 1032 55 39 du
1066 1033 80 47 feu,
1169 1043 69 29 car
1260 1033 33 38 si
1315 1044 50 28 on

139 1106 38 38 la
216 1106 156 39 laissait
408 1106 192 51 quelques
649 1105 195 41 secondes
882 1105 222 39 seulement
1142 1104 100 39 dans
1279 1104 89 39 l'air

141 1176 132 41 chaud
290 1188 93 28 sans
412 1176 38 40 la
480 1177 177 49 souffler,
680 1177 37 39 la
746 1189 101 40 peau
879 1175 208 54 prendrait
1114 1188 54 27 un
1187 1176 180 39 mauvais

1255 1233 12 13 s

139 1249 53 51 pli
226 1249 121 50 qu'on
382 1261 50 28 ne
461 1250 181 51 pourrait
662 1249 90 52 plus
782 1250 98 38 faire
911 1249 176 39 revenir.
1121 1250 56 37 La
1199 1248 168 40 chenille

140 1321 109 39 étant
267 1320 188 52 préparée
473 1352 8 17 ,
504 1321 28 39 il
554 1333 50 27 ne
626 1325 148 35 restera
795 1321 90 51 plus
917 1320 93 50 qu'à
1031 1320 142 40 retirer
1192 1320 39 39 la
1248 1319 119 52 paille

140 1405 52 28 ou
213 1393 23 39 à
255 1394 38 38 la
313 1404 148 40 couper
481 1397 37 35 et
551 1393 23 39 à
595 1399 193 34 traverser
814 1391 180 41 l'insecte
1029 1391 49 40 de
1100 1396 88 47 part
1209 1404 48 28 en
1278 1394 90 49 part

139 1475 94 29 avec
266 1476 79 28 une
379 1464 168 52 épingle,
586 1465 23 39 à
640 1466 129 38 moins
799 1464 121 53 qu'on
953 1475 51 28 ne
1035 1462 152 53 préfère
1212 1463 36 40 le
1269 1463 98 40 fixer

138 1547 95 29 avec
264 1535 48 41 de
344 1536 37 39 la
415 1547 161 39 gomme
608 1535 181 41 dissoute
811 1535 97 40 dans
934 1536 118 46 l'eau,
1090 1547 69 28 sur
1188 1547 57 27 un
1267 1537 99 50 petit

139 1619 189 30 morceau
349 1608 48 40 de
417 1608 101 50 liége
538 1620 52 28 ou
611 1608 48 40 de
678 1609 143 40 moelle
841 1608 49 40 de
909 1619 159 29 sureau.

194 1682 55 38 Le
269 1680 118 40 choix
407 1679 69 41 des
497 1680 191 40 chenilles
703 1680 122 51 qu'on
843 1684 93 35 veut
963 1680 103 39 ainsi
1085 1690 211 29 conserver
1315 1691 50 29 eu

140 1758 56 38 les
225 1756 190 40 soufflant
434 1756 85 39 doit
539 1758 81 37 être
640 1756 70 39 fait
728 1767 94 29 avec
849 1755 172 51 quelque
1041 1753 295 41 discernement
1352 1768 10 37 ;

141 1826 104 40 ainsi
265 1828 57 39 les
337 1828 191 39 chenilles
548 1827 135 40 velues
701 1858 10 17 ,
733 1828 113 39 telles
867 1838 78 39 que
968 1827 115 39 celles
1104 1825 69 40 des
1194 1819 171 47 Écailles

142 1903 38 35 et
202 1898 47 40 de
282 1900 170 38 certains
472 1898 182 52 Bombyx
691 1898 72 54 (B.
786 1901 181 49 cratœgi,
1002 1909 181 41 quercus,
1218 1910 144 41 prum,

142 1970 156 52 trifolii,
317 1970 193 50 auriflua,
536 1976 59 35 etc
620 2002 9 17 ,
654 1974 90 48 etc.)
766 1971 166 40 devront
964 1974 82 36 être
1074 1970 111 40 tuées
1205 1981 80 41 peu
1315 1969 48 41 de

138 2046 129 47 temps
288 2043 113 51 après
416 2043 36 39 le
471 2043 159 40 dernier
650 2043 268 50 changement
933 2043 48 40 de
1001 2053 101 42 peau
1120 2057 9 37 ;
1149 2053 94 29 sans
1264 2046 101 36 cette

139 2114 247 52 précaution,
403 2115 57 39 les
480 2115 102 51 poils
604 2126 45 35 se.
666 2113 300 42 détacheraient
984 2114 53 39 du
1055 2126 115 40 corps
1190 2113 174 53 pendant

139 2186 121 50 qu'on
287 2188 265 49 pressurerait
581 2187 38 39 la
653 2187 168 40 chenille
848 2198 102 40 pour
978 2187 36 38 la
1045 2186 136 48 vider,
1212 2190 38 36 et
1281 2187 80 39 l'on

138 2258 173 39 n'aurait
334 2258 99 39 dans
454 2270 42 28 sa
514 2258 211 41 collection
742 2271 79 38 que
841 2259 71 39 des
928 2259 123 50 sujets
1072 2258 236 52 incomplets
1326 2265 37 32 et

139 2328 377 41 méconnaissables.
541 2331 30 39 Il
607 2331 85 39 faut
729 2329 125 49 aussi,
888 2334 141 35 autant
1062 2341 75 39 que
1168 2330 190 51 possible,

137 2399 99 41 faire
256 2401 115 40 choix
392 2401 242 42 d'individus
652 2403 94 39 bien
768 2403 123 47 sains,
916 2412 67 28 car
1005 2402 230 51 lorsqu'une
1256 2402 96 40 che-

137 2475 93 40 nille
249 2479 60 37 est
327 2475 312 51 ichneumonée,
662 2481 115 37 outre
798 2475 119 54 qu'on
936 2477 143 51 risque-
1092 2475 49 42 de
1169 2487 135 29 crever
1324 2477 37 38 la
