1780 3000
938 335 52 9 —
1019 313 78 44 134
1124 335 54 9 —

438 414 96 31 avec
563 401 48 42 de
632 414 94 40 gros
752 404 133 53 points
907 405 111 40 noirs
1040 405 150 42 cerclés
1216 405 48 42 de
1283 405 135 51 blanc,
1440 407 104 41 mais
1562 405 115 56 point

438 476 24 40 à
489 476 40 40 la
561 475 96 41 base
690 475 70 42 des
797 476 280 53 supérieures,
1121 489 81 29 une
1242 478 100 40 série
1376 478 222 53 marginale
1627 481 52 43 de

437 548 140 41 taches
607 549 139 41 fauves
784 548 174 41 fondues
991 550 226 50 ensemble,
1250 550 149 42 bordée
1436 552 240 42 intérieure-

438 624 113 37 ment
584 632 71 42 par
687 620 72 41 des
792 632 90 29 arcs
920 622 113 40 noirs
1068 625 38 37 et
1137 621 339 43 extérieurement
1504 635 74 42 par
1606 624 71 42 des

438 695 137 51 points
592 693 129 49 noirs,
737 696 171 37 souvent
928 693 132 41 sablés
1081 693 51 41 de
1145 699 86 36 vert
1251 694 244 52 métallique.

492 768 28 46 ~
541 766 159 47 Brune,
736 777 94 29 avec
879 764 70 42 des
978 766 139 40 taches
1151 766 361 51 anlé-marginales
1538 769 139 42 fauves

438 837 91 53 plus
549 849 53 29 ou
630 838 135 40 moins
786 837 186 51 grandes.
996 838 176 40 Dessous
1198 839 92 51 plus
1318 839 105 41 brun
1444 844 39 37 et
1500 841 91 52 plus
1621 842 60 41 vif

439 922 50 28 en
510 910 160 40 dessins
687 920 78 40 que
784 910 37 40 le
844 908 62 50 cf,
922 910 141 51 frange
1083 911 135 40 moins
1237 910 189 43 blanche.

493 983 112 40 Cette
625 982 142 52 espèce
786 982 108 40 varie
916 982 213 53 beaucoup
1157 994 104 41 pour
1281 982 40 42 la
1348 984 109 41 taille
1480 987 196 54 quelques

438 1054 207 41 individus
667 1055 222 49 atteignent
909 1055 24 40 à
950 1056 118 51 peine
1093 1058 96 38 20m.

492 1128 181 40 Chenille
702 1139 49 28 en
782 1128 81 39 mai
894 1140 71 28 sur
995 1128 36 40 le
1064 1128 303 50 baguenaudier
1394 1129 185 50 (Colutea
1610 1144 67 30 ar-

440 1200 131 51 borea)
591 1204 39 36 et
648 1201 37 39 le
715 1203 118 48 genet
853 1199 181 49 (Genista
1052 1201 220 52 scoparia).

495 1274 45 38 T.
562 1273 34 39 la
616 1274 63 51 F.,
697 1284 192 29 commun
909 1271 101 42 dans
1025 1273 57 40 les
1097 1273 90 41 bois
1205 1286 86 29 secs
1307 1286 47 29 en
1365 1276 91 51 juin
1475 1280 39 37 et
1524 1277 149 53 juillet.

440 1374 156 45 ARGUS,
621 1372 45 38 L.
690 1369 75 51 (Pl.
786 1371 40 47 6,
853 1368 67 52 fig.
943 1372 55 50 3).

504 1462 27 46 9
579 1463 149 48 Brune,
763 1465 170 37 souvent
968 1461 251 53 saupoudrée
1248 1462 48 42 de
1331 1462 92 43 bleu
1456 1468 22 37 à
1510 1465 39 41 la
1578 1466 99 43 base

440 1547 96 29 avec
557 1535 69 40 des
645 1535 160 40 lunules
821 1535 140 40 fauves
981 1539 172 36 souvent
1171 1536 131 40 nulles
1322 1547 76 30 aux
1421 1538 254 53 supérieures

441 1612 39 36 et
500 1608 251 50 quelquefois
771 1618 80 28 aux
865 1606 252 41 inférieures.
1142 1608 175 40 Dessous
1336 1608 120 50 brun,
1473 1612 200 52 quelque-

440 1684 79 40 fois
537 1682 147 41 cendré
703 1682 98 41 clair
813 1693 96 30 avec
926 1681 59 42 les
1001 1682 142 41 dessus
1157 1684 91 52 plus
1262 1685 75 40 vifs
1353 1697 77 39 que
1442 1686 94 42 chez
1553 1688 37 40 le
1609 1687 64 49 Cf.

442 1774 75 40 Ab.
549 1772 27 43 9
604 1773 208 53 Calliopis,
839 1772 97 42 Bdv.
962 1774 83 40 Ico.

497 1858 176 40 Femelle
696 1866 96 32 avec
812 1857 37 40 le
866 1856 142 52 disque
1027 1857 69 41 des
1118 1858 97 41 ailes
1235 1858 255 54 supérieures
1507 1865 40 37 et
1571 1863 103 41 infé-

442 1933 154 38 rieures
621 1930 95 40 bleu
746 1941 160 29 comme
937 1929 94 41 chez
1061 1930 38 40 le
1130 1932 118 49 mâle,
1271 1943 95 30 avec
1384 1932 37 41 le
1440 1937 107 49 type,
1570 1936 104 40 mais

442 2005 91 52 plus
553 2014 105 29 rare.

494 2078 92 39 Var.
610 2073 213 56 (Alpina).
848 2074 328 42 Ordinairement
1210 2076 90 52 plus
1331 2078 100 52 petit
1456 2079 216 54 qu'Argus,

443 2150 96 40 d'un
558 2149 93 40 bleu
669 2148 133 41 moins
819 2147 69 49 vif,
912 2159 95 29 avec
1026 2147 39 40 la
1083 2148 177 41 bordure
1279 2150 116 41 noire
1409 2150 91 53 plus
1515 2152 159 56 étroite,

443 2222 169 40 dessous
645 2221 91 52 plus
768 2220 90 52 pâle
891 2231 97 29 avec
1013 2219 41 40 la
1090 2220 147 50 rangée
1279 2222 315 45 anti-terminale
1625 2228 50 42 de

441 2296 134 51 points
598 2293 71 40 des
688 2292 252 53 supérieupes
958 2292 298 51 généralement
1272 2294 95 41 bien
1381 2296 166 51 alignés.

495 2372 27 45 9
542 2367 92 52 plus
666 2366 123 51 petite
815 2376 78 40 que
926 2366 36 39 le
995 2364 47 49 cf
1077 2365 97 41 d'un
1206 2365 106 42 brun
1338 2369 189 50 jaunâtre
1561 2383 111 32 assez

440 2440 99 44 clair
558 2442 202 38 rarement
780 2437 252 54 saupoudrée
1054 2437 48 42 de
1120 2437 96 42 bleu
1236 2439 23 41 à
1277 2440 39 42 la
1343 2440 113 54 base,
1487 2454 97 32 avec
1601 2445 70 43 des
