1764 2996
666 311 52 7 —
751 290 73 38 157
857 309 46 6 —

544 420 118 34 Genre
686 419 242 40 LIMENITIS,
953 419 84 33 Fab.

232 565 200 40 Antennes
456 564 47 41 de
526 565 38 40 la
582 564 198 51 longueur
799 563 53 41 du
873 576 137 40 corps;
1038 564 87 40 leur
1146 575 159 29 massue
1326 576 77 40 peu

178 637 147 41 renflée
358 640 38 37 et
429 650 42 28 se
503 637 248 41 confondant
778 636 332 42 insensiblement
1130 648 94 29 avec
1244 637 39 39 la
1307 637 93 50 tige.

179 709 140 53 Palpes
338 722 56 27 un
415 721 77 41 peu
508 711 92 50 plus
619 711 117 50 longs
757 722 77 39 que
853 709 40 40 la
920 713 92 46 tête,
1034 709 152 41 écartés
1207 712 37 38 et
1272 709 133 40 diver-

179 793 98 40 gens
297 793 51 28 au
368 786 185 45 sommet,
570 783 128 48 velus,
719 794 94 29 avec
832 783 87 39 leur
938 782 160 41 dernier
1116 782 138 41 article
1274 784 130 45 court,

180 866 72 36 nu,
274 858 38 36 et
333 865 110 29 assez
463 856 105 50 aigu.
593 856 93 39 Tête
705 867 171 40 presque
897 855 48 40 de
973 856 38 38 la
1034 856 195 50 longueur
1246 854 52 39 du
1320 866 87 28 cor-

181 927 112 39 selet.
334 927 166 40 Celui-ci
532 939 76 40 peu
645 928 176 39 robuste.
845 927 211 40 Abdomen
1090 927 106 50 grêle
1230 931 38 36 et
1293 937 113 30 assez

181 999 110 50 long.
323 999 107 40 Ailes
468 999 242 50 légèrement
744 998 159 41 sinuées
942 1002 38 36 et
1012 999 214 49 dentelées,
1258 1000 23 39 à
1311 999 96 40 fond

182 1072 92 39 noir
292 1082 95 30 avec
402 1071 71 40 des
491 1071 154 40 bandes
666 1075 40 37 et
725 1071 71 40 des
810 1072 138 40 taches
967 1071 191 41 blanches
1178 1083 49 29 en
1248 1072 158 40 dessus.

183 1169 172 40 POPULI.
379 1168 45 38 L.
448 1166 101 40 God.
573 1166 72 52 (pl.
667 1166 40 49 9,
724 1167 69 52 fig.
815 1166 60 50 2.)

241 1275 28 43 9
293 1265 90 52 plus
404 1264 150 51 grande
583 1276 77 39 que
690 1265 34 39 le
754 1264 103 40 mâle
893 1264 143 51 figuré,
1074 1275 94 30 avec
1193 1266 58 39 les
1272 1266 137 40 taches

184 1337 193 40 blanches
413 1337 91 52 plus
535 1336 207 49 étendues,
773 1339 158 37 surtout
964 1337 37 39 la
1029 1337 131 41 bande
1185 1340 225 38 transverse

184 1409 70 40 des
293 1408 238 41 inférieures
560 1409 211 51 beaucoup
800 1409 90 51 plus
910 1408 122 51 large.
1059 1408 179 41 Chenille
1259 1422 48 28 en
1328 1410 82 39 mai

182 1493 70 27 sur
286 1482 57 40 les
373 1482 204 53 peupliers
611 1484 38 37 et
675 1481 58 39 les
765 1480 213 49 trembles,
1008 1482 57 38 vit
1091 1481 24 40 à
1143 1481 40 41 la
1209 1485 102 37 cime
1339 1481 71 41 des

184 1553 153 40 arbres.

238 1624 150 42 France
409 1625 175 40 centrale
617 1628 37 37 et
683 1626 330 51 septentrionale,
1034 1625 101 40 dans
1158 1626 59 40 les
1238 1626 172 51 grandes

180 1698 139 46 forêts,
341 1709 70 27 sur
427 1697 57 39 les
514 1700 136 37 routes
675 1698 53 39 où
748 1698 27 38 il
797 1698 106 39 aime
922 1697 22 39 à
964 1709 42 28 se
1026 1709 120 40 poser
1166 1710 68 28 sur
1255 1699 51 40 la
1306 1699 105 40 terre

181 1768 165 40 humide
379 1772 38 36 et
437 1780 69 28 sur
524 1769 39 39 la
582 1769 120 39 fiente
727 1768 70 41 des
822 1769 198 48 bestiaux,
1045 1770 28 38 il
1093 1781 41 28 se
1155 1772 158 50 prenait
1333 1783 75 27 au-

181 1841 140 40 trefois
342 1840 315 40 abondamment
677 1840 101 40 dans
803 1841 38 39 la
860 1840 101 40 forêt
980 1841 332 41 d'Arminvilliers
1327 1858 9 35 ;
1360 1855 50 28 en

181 1913 142 39 Alsace
337 1917 36 35 et
391 1912 100 39 dans
511 1912 57 39 les
590 1913 162 50 Vosges,
768 1913 27 38 il
815 1912 134 40 babite
969 1914 109 39 aussi
1098 1914 252 52 l'Auvergne,
1373 1919 39 35 et

183 1996 105 27 nous
309 1983 152 41 l'avons
482 1984 82 51 pris
589 1984 252 50 quelquefois
862 1984 100 40 dans
990 1985 36 39 la
1051 1985 104 40 forêt
1175 1985 50 40 de
1245 1987 166 39 Fontai-

181 2056 186 48 nebleau,
391 2060 38 35 et
457 2067 77 27 aux
567 2056 188 39 environs
775 2056 49 40 de
850 2057 228 40 Versailles.
1109 2059 55 37 La
1183 2059 27 45 9
1233 2062 61 35 est
1320 2058 90 51 plus

181 2139 89 29 rare
287 2139 78 40 que
384 2128 36 39 le
438 2134 35 40 c?
498 2139 119 41 parce
637 2126 145 52 qu'elle
802 2139 43 29 se
865 2129 101 39 tient
989 2140 51 27 au
1060 2133 173 35 sommet
1250 2129 72 40 des
1343 2142 67 27 ar-

181 2201 106 49 bres,
313 2212 45 28 ce
380 2200 103 40 n'est
503 2211 77 40 que
601 2211 87 29 vers
709 2200 35 40 le
766 2198 80 41 soir
868 2200 143 50 qu'elle
1032 2200 175 40 descend
1227 2201 89 51 plus
1339 2213 70 29 vo-

183 2277 181 39 lontiers.

184 2373 72 39 AB.
285 2371 209 48 Tremulx,
518 2371 95 51 Esp.

238 2465 145 42 Diffère
404 2466 48 41 de
474 2467 141 52 Populi
645 2477 50 29 en
723 2477 45 29 ce
791 2476 78 41 que
888 2465 59 41 les
967 2465 139 40 taches
1128 2464 193 42 blanches
1343 2464 70 41 des
