1768 3012
952 360 53 6 —
1033 339 52 40 52
1115 360 47 5 —
1211 321 8 7 '

445 439 38 40 la
505 440 101 40 forêt
621 439 213 49 d'Hallate,
856 442 112 38 entre
988 439 131 41 Senlis
1139 442 38 37 et
1195 440 473 40 Pont-Sainte-Maxence.

441 512 100 40 Mais
554 512 98 41 c'est
668 515 160 37 surtout
848 512 100 39 dans
964 512 39 39 la
1022 511 103 40 forêt
1134 510 52 41 de
1204 510 259 52 Cômpiègne,
1473 523 79 28 aux
1564 512 108 40 envi-

440 594 95 30 rons
557 584 48 40 de
633 584 250 49 Pierrefond,
920 584 97 50 qu'il
1046 587 61 36 est
1138 583 304 41 très-commnn
1472 585 199 39 certaines

441 656 162 40 années.
626 657 31 39 Il
680 669 24 39 y
716 657 88 40 vole
824 668 50 28 en
892 658 132 37 même
1046 662 132 46 temps
1198 656 104 50 quel
1306 654 221 54 'Argynnis
1546 655 87 41 Ins.

496 731 56 39 La
572 730 40 43 Me
612 730 67 43 lite
679 730 55 43 a,
753 733 211 46 maturua,
995 741 77 40 que
1090 730 85 40 l'on
1194 741 24 29 a
1233 729 194 51 regardée
1445 730 228 52 longtemps

441 813 158 30 comme
620 803 319 40 exclusivement
955 813 145 41 propre
1120 802 23 40 à
1160 802 277 50 l'Allemagne,
1471 812 43 30 se
1532 805 141 39 trouve

440 874 269 51 quelquefois,
726 874 104 41 mais
848 877 216 46 rarement,
1084 873 100 41 dans
1198 874 60 40 les
1273 875 188 40 environs
1478 873 49 42 de
1544 875 126 39 Paris.

440 946 61 40 On
523 947 38 38 la
587 945 129 52 prend
746 946 104 40 dans.
879 946 41 40 la
940 947 101 39 forêt
1063 945 49 41 de
1142 948 320 50 Montmorency,
1486 946 96 53 près
1604 946 70 41 des

440 1018 141 51 étangs
611 1018 50 40 de
693 1019 39 39 la
765 1018 166 49 Chasse,
956 1021 38 37 et
1022 1018 101 41 dans
1142 1018 39 40 la
1200 1019 104 39 forêt
1320 1018 48 40 de
1388 1018 158 52 Bondy,
1567 1018 106 41 dans

438 1090 59 41 les
517 1087 128 55 allées.
645 1087 81 55 qui
746 1091 275 40 avoisinentle
1042 1090 121 52 dépôt
1182 1089 43 42 de
1225 1089 58 42 la
1300 1090 240 41 Pouclrette.
1563 1092 111 40 Nous

438 1174 125 29 avons
583 1164 85 52 pris
696 1164 206 51 plusieurs
933 1163 78 40 fois
1032 1174 44 29 sa
1096 1163 172 40 chenille
1299 1174 71 28 sur
1393 1163 43 40 le
1473 1163 127 49 frêne,
1629 1163 38 40 le

437 1239 152 45 troène,
610 1236 37 39 le
668 1236 297 51 chèvrefeuille,
989 1239 75 37 etc.

492 1309 55 39 Le
567 1311 354 38 commencement
940 1308 50 40 de
1003 1307 94 53 juin
1127 1310 61 38 est
1205 1307 186 53 l'époque
1411 1309 53 38 où
1494 1306 179 42 éclosent

438 1380 38 39 la
496 1380 161 52 plupart
679 1380 69 40 des
768 1379 231 42 Phalénites
1027 1384 267 48 appartenant
1325 1391 53 29 au
1401 1391 119 40 genre
1541 1378 131 41 Boar-

438 1452 100 40 mia.
557 1453 60 40 On
636 1456 191 37 trouvera
846 1452 36 40 la
905 1451 153 52 grande
1086 1453 196 39 Boarmia
1300 1452 219 41 roboraria
1539 1452 132 52 appli-

440 1524 102 50 quée
560 1528 140 37 contre
717 1525 37 40 le
775 1528 116 36 tronc
912 1524 70 39 des
1001 1523 149 40 chênes
1166 1537 11 37 ;
1210 1524 40 39 la
1269 1523 259 52 repandaria
1542 1535 47 29 se
1605 1535 68 28 re-

437 1608 99 40 pose
564 1598 112 38 aussi
705 1600 140 37 contre
876 1597 60 39 les
969 1595 155 47 arbres,
1155 1596 104 39 ainsi
1288 1607 80 39 que
1400 1595 272 41 Fextersaria.

441 1669 113 40 Cette
575 1669 184 41 dernière
778 1669 97 41 était
898 1680 217 31 commune
1132 1671 142 38 contre
1292 1669 37 40 le
1345 1671 116 38 tronc
1482 1667 72 42 des
1580 1669 92 51 pins

439 1741 69 51 qui
530 1741 215 41 bordaient
765 1742 57 40 les
851 1741 121 41 allées
993 1741 53 40 du
1074 1741 90 40 bois
1183 1740 49 40 de
1248 1740 224 51 Boulogne,
1504 1744 114 35 entre
1636 1740 39 39 la

436 1815 149 38 Muette
617 1817 39 36 et
689 1814 39 38 la
747 1813 231 51 Pyramide,
999 1813 64 40 On
1083 1817 189 37 trouvera
1292 1811 100 42 dans
1420 1810 65 43 les
1517 1814 154 38 mêmes

437 1885 180 41 localités
632 1886 58 40 les
717 1886 171 41 Cidaria
907 1885 146 53 picata
1073 1889 39 37 et
1132 1885 215 41 simulata.

507 1958 128 41 Sil'on
656 1959 139 51 frappe
820 1959 58 39 les
902 1959 149 39 chênes
1080 1958 101 40 dans
1201 1958 60 40 les
1280 1958 164 40 massifs
1475 1957 75 41 des
1582 1956 90 40 bois

439 2030 167 54 exposés
627 2043 49 27 au
699 2031 115 49 midi,
839 2042 52 28 on
908 2042 49 29 en
972 2031 87 40 fera
1074 2028 161 43 tomber
1246 2031 41 38 la
1306 2030 206 52 Diphtera
1529 2031 140 45 Orion,

438 2106 142 49 espèce
606 2115 89 28 rare
731 2114 80 29 aux
842 2104 188 39 environs
1067 2102 49 40 de
1148 2104 131 38 Paris.
1321 2104 59 38 La
1415 2101 257 53 Xylophosia

437 2188 125 27 rurea
589 2180 37 36 et
659 2175 39 41 la
724 2175 150 41 variété
906 2176 238 51 alopecurus
1171 2176 230 50 (combusta)
1432 2173 242 41 s'attachent

437 2252 139 37 contre
593 2249 39 39 le
652 2252 114 36 tronc
785 2248 70 40 des
875 2247 139 40 arbres
1038 2246 135 49 isolés,
1212 2247 50 40 de
1296 2258 101 30 ceux
1421 2246 251 53 principale-

436 2323 113 37 ment
567 2320 70 51 qui
654 2319 173 40 bordent
846 2318 58 41 les
936 2318 122 41 allées
1093 2318 70 41 des
1185 2319 106 40 bois.
1316 2318 277 51 VAcronycta
1613 2317 59 38 k-

430 2390 171 54 porina,
619 2392 58 39 les
696 2392 170 51 Aplecta
889 2393 144 50 tincta,
1048 2391 180 49 advena,
1251 2390 209 49 nèbulosa,
1483 2390 39 40 la
1544 2389 131 54 Lupe,

436 2464 95 40 rina
569 2463 211 49 albicolon,
813 2465 152 39 aiment
993 2465 111 39 aussi
1133 2465 24 39 à
1187 2464 246 52 s'appliquer
1467 2465 139 38 contre
1635 2463 36 39 le

438 2540 116 37 tronc
576 2536 72 40 des
667 2536 152 40 arbres.
