1792 3012
932 339 55 10 —
1017 320 78 40 216
1126 340 51 7 —

437 413 123 49 ayant
580 420 70 30 sur
668 409 37 41 le
725 408 144 53 disque
885 421 82 30 une
989 409 115 42 tache
1125 408 218 52 oblongue,
1364 409 128 50 velue,
1523 409 150 43 fondue

436 494 70 30 sur
527 483 57 40 les
603 482 138 50 bords,
764 486 161 50 partant
953 481 54 41 du
1032 481 101 41 bord
1153 482 156 40 interne
1337 485 38 37 et
1400 494 57 28 un
1487 482 66 41 œil
1590 484 84 51 api-

436 555 76 48 cal,
531 555 105 49 noir,
672 554 208 53 bipupillé.
906 554 245 41 Inférieures
1172 553 162 42 dentées
1366 558 40 36 et
1438 554 191 41 obscures
1650 556 24 40 à

435 627 39 39 la
492 626 111 41 base.
627 628 176 40 Dessous
828 626 70 42 des
924 625 240 43 inférieures
1185 626 97 40 d'un
1302 627 83 50 gris
1407 638 98 28 roux
1527 639 87 28 vers
1639 628 33 39 la

434 699 108 50 ligne
563 699 202 49 médiane,
795 700 169 40 éclairée
985 699 121 41 d'une
1133 698 132 41 bande
1291 699 143 51 jaune,
1468 711 69 28 sur
1569 703 103 37 cette

435 771 130 41 bande
582 773 100 40 trois
698 773 24 40 à
738 776 141 50 quatre
898 771 136 54 points
1048 772 140 41 blancs
1209 770 152 42 cerclés
1385 771 48 41 de
1449 776 220 47 roussâtre,

434 845 58 40 les
514 845 105 41 deux
640 845 231 53 supérieurs
891 845 134 41 isolés.

499 917 35 56 Y
565 919 94 51 plus
687 918 166 52 grande,
876 918 98 40 d'un
993 918 117 40 fauve
1133 917 92 54 plus
1245 917 98 41 clair
1374 921 38 37 et
1443 928 94 30 sans
1556 918 116 41 tache

434 990 223 42 discoïdale
675 1003 70 29 sur
763 992 59 40 les
846 990 271 54 supérieures.

486 1064 202 41 Chenilles
708 1076 49 29 en
780 1065 81 39 mai
882 1068 38 37 et
938 1064 94 52 juin
1049 1075 69 29 sur
1149 1064 56 39 les
1226 1062 242 52 graminées.

484 1138 46 39 T.
566 1138 40 40 la
629 1137 46 41 F.
710 1137 322 42 Très-commun
1061 1135 98 42 dans
1188 1136 59 41 les
1265 1136 105 49 bois,
1400 1147 49 29 en
1463 1135 135 53 juillet
1632 1140 38 37 et

431 1214 114 38 août.

486 1284 111 41 Nous
616 1283 228 51 figurerons
857 1294 80 29 une
955 1293 84 31 var.
1060 1280 264 44 accidentelle
1343 1281 108 54 prise
1468 1281 24 42 à
1505 1281 163 41 Fontai-

431 1357 185 42 nebleau.

431 1471 221 46 PASIPHAE,
674 1468 96 52 Esp.
794 1464 184 55 God.(pl.
999 1464 65 50 17,
1087 1465 67 51 lîg.
1179 1464 59 54 2).

486 1573 315 41 Très-commun
821 1570 102 41 dans
946 1570 58 40 les
1037 1570 108 39 lieux
1163 1581 54 28 un
1234 1580 78 42 peu
1329 1568 132 41 boisés
1482 1568 53 41 du
1554 1568 111 42 Midi.

431 1648 201 40 Environs
646 1644 194 53 d'Hyères
860 1646 38 38 et
919 1642 50 40 de
987 1641 268 54 Montpellier,
1276 1639 228 54 Dauphiné,
1527 1641 136 41 Saint-

430 1723 144 49 Nizier,
597 1725 77 37 etc.
698 1721 62 39 En
780 1720 80 39 mai
882 1722 38 37 et
934 1718 106 52 juin.

428 1835 323 44 HYPERANTHUS,
769 1831 45 38 L.
837 1827 101 42 God.

481 1936 96 42 4.2M.
601 1934 109 41 Ailes
730 1931 210 43 arrondies
964 1930 95 41 d'un
1081 1929 105 41 brun
1214 1930 91 40 noir
1327 1930 86 48 uni,
1432 1941 95 30 avec
1548 1929 114 52 quel-

426 2022 100 42 ques
544 2010 136 53 points
701 2007 111 40 noirs
833 2010 38 36 et
899 2005 38 39 la
958 2003 138 51 frange
1114 2003 98 39 d'un
1230 2002 81 50 gris
1330 2001 134 41 blanc.
1488 2004 175 39 Dessous

427 2085 71 40 des
530 2081 256 54 supérieures
835 2088 96 30 avec
970 2076 106 40 deux
1119 2075 97 40 d'un
1254 2074 105 40 brun
1392 2076 204 50 jaunàtre.
1638 2077 24 40 à

425 2160 141 51 quatre
585 2165 105 41 yeux
709 2152 112 40 noirs
856 2150 24 39 à
911 2149 72 39 iris
1012 2147 143 52 jaune.
1175 2149 177 38 Dessous
1372 2146 71 41 des
1464 2147 194 41 inférieu-

423 2241 64 30 res
507 2240 95 29 avec
626 2227 95 49 cinq
741 2235 106 42 yeux
866 2220 256 49 semblables,
1145 2219 97 41 dont
1275 2218 105 41 deux
1409 2219 124 41 isolés
1568 2221 91 51 près

421 2303 55 40 du
494 2300 104 42 bord
626 2297 221 42 antérieur.

482 2373 34 57 Q
541 2373 90 55 plus
651 2370 168 52 grande,
839 2368 92 54 plus
951 2365 165 54 ocellée,
1132 2369 40 37 et
1189 2364 60 42 les
1263 2376 104 42 yeux
1384 2364 95 41 bien
1494 2364 163 42 visibles

419 2463 51 30 en
490 2449 160 41 dessus.

476 2522 181 42 Chenille
677 2532 47 30 en
745 2520 79 41 mai
846 2531 70 30 sur
934 2518 58 42 les
1008 2515 240 53 graminées.
