1740 2996
634 321 49 8 —
716 300 76 39 115
820 320 53 7 —

140 408 216 41 EUPHENO.
382 405 45 40 L.
451 402 82 54 (PI,
558 406 40 45 3,
622 402 68 51 fig.
709 400 62 55 2).

189 518 226 44 Provence,
457 511 265 51 Languedoc,
765 510 160 47 Lozère,
962 507 316 52 Basses-Alpes,
1319 519 49 29 eu

136 588 97 40 avril
249 590 38 37 et
306 586 80 39 mai
406 585 100 40 dans
525 584 57 39 les
598 587 238 46 montagnes
850 582 51 39 du
921 583 95 46 Var,
1037 584 102 36 cette
1154 580 140 52 espèce
1310 584 60 35 est

134 660 242 51 très-petite,
400 668 104 30 nous
526 668 50 28 en
597 654 226 54 possédons
844 654 70 40 des
934 652 203 42 individus
1155 664 52 29 ne
1227 651 141 54 dépas-

136 734 93 37 sant
248 741 72 40 pas
343 733 98 37 31m.

189 808 28 43 9
257 801 97 40 ailes
402 799 191 41 blanches
637 809 94 29 avec
762 808 82 28 une
872 797 139 40 lunule
1046 796 177 41 centrale
1257 807 112 29 assez

135 885 139 40 grosse
316 878 38 34 et
378 873 86 39 leur
484 869 208 42 extrémité
709 869 174 50 orangée
904 868 150 40 divisée
1073 880 74 40 par
1166 868 69 41 des
1253 868 115 40 traits

132 946 229 40 brunâtres.

188 1019 61 38 On
270 1019 163 39 connaît
448 1015 199 52 plusieurs
666 1015 350 53 hermaphrodites
1034 1014 94 40 bien
1155 1013 213 41 caractéri-

135 1089 63 39 sés
218 1089 48 40 de
287 1092 102 37 cette
410 1087 139 51 espèce
567 1088 69 49 qui
658 1091 60 36 est
738 1099 217 29 commune
974 1087 102 39 dans
1104 1086 57 40 les
1182 1085 185 41 contrées

134 1161 145 50 qu'elle
295 1159 148 40 habite.

187 1233 180 39 Chenille
389 1243 50 29 en
453 1231 135 52 juillet
608 1242 70 29 sur
697 1232 36 39 la
754 1231 231 40 Biscutellœ
1004 1231 190 53 Dydima.

448 1393 117 34 Genre
589 1392 313 42 LEUCOPHASIA,
925 1392 124 44 Steph.

187 1534 180 39 Chenille
397 1544 157 29 comme
588 1533 98 40 celle
716 1533 54 40 du
792 1534 45 39 G.
862 1534 268 40 Authocharis
1150 1534 103 39 mais
1273 1533 90 52 plus

133 1605 140 47 effilée,
293 1605 234 52 Chrysalide
546 1605 235 51 anguleuse,
805 1606 20 40 à
845 1611 205 46 segments
1065 1606 185 41 mobiles.

187 1685 82 38 Ins.
291 1684 101 51 parf.
412 1684 96 39 Tête
528 1694 109 29 assez
651 1695 153 39 grosse,
820 1685 137 52 palpes
974 1684 167 49 écartés,
1158 1696 76 41 peu
1250 1685 112 41 velus

130 1755 36 39 le
187 1754 159 42 dernier
363 1755 138 40 article
515 1755 89 52 plus
624 1759 116 37 court
758 1768 78 39 que
855 1757 36 39 le
909 1756 239 53 précédent;
1168 1760 194 37 antennes

132 1827 314 40 médiocrement
478 1827 230 51 allongées,
740 1828 216 42 terminées
984 1840 74 42 par
1088 1841 82 29 une
1198 1841 163 29 massue

130 1898 154 49 ovoïde,
305 1899 241 52 comprimée
562 1914 10 37 ;
592 1899 202 42 abdomen
812 1901 180 49 linéaire,
1012 1901 122 52 grêle,
1150 1901 210 53 beaucoup

129 1971 92 52 plus
241 1971 95 50 long
355 1982 78 40 que
450 1972 57 39 les
527 1971 97 41 ailes
644 1972 251 42 inférieures.

130 2086 175 41 SINAPIS.
329 2086 45 39 L.
397 2086 70 49 (Pl.
492 2086 39 49 3,
553 2084 68 53 fig.
644 2090 53 48 3).

181 2202 95 39 38m.
301 2201 107 39 Ailes
437 2201 153 40 minces
620 2202 98 39 d'un
744 2202 117 41 blanc
883 2202 48 41 de
968 2203 95 51 lait;
1095 2208 174 36 sommet
1288 2204 70 41 des

128 2272 253 51 supérieures
396 2272 98 40 orné
512 2272 119 41 d'une
646 2274 115 40 tache
774 2274 189 40 arrondie
982 2275 193 48 noirâtre,
1189 2275 168 42 dessous

129 2344 70 39 des
226 2344 233 40 inférieures
484 2343 95 42 d'un
608 2345 118 41 blanc
748 2347 190 50 jaunâtre
962 2357 96 30 avec
1083 2346 104 41 deux
1204 2347 152 42 bandes

129 2419 98 40 d'un
248 2419 81 49 gris
356 2419 161 48 cendré,
537 2418 27 46 9
586 2431 94 30 avec
701 2421 38 40 la
758 2421 118 40 tache
896 2421 53 40 du
981 2426 172 37 sommet
1173 2422 182 41 ordinai-

127 2493 156 38 rement
297 2491 133 40 moins
450 2491 206 52 marquée.
