1720 3000
901 355 48 6 —
982 334 53 40 86
1064 355 51 5 -

388 433 255 42 termédiaire
675 438 74 46 est,
777 436 160 40 suivant
965 435 194 51 quelques
1179 437 177 46 auteurs,
1377 434 38 40 le
1447 434 85 41 seul
1552 434 69 51 qui

390 516 115 30 serve
525 506 50 40 de
595 506 169 41 conduit
783 518 80 29 aux
882 517 92 30 sucs
998 506 193 40 nutritifs.

445 578 107 39 Dans
583 578 212 41 l'inaction
827 579 74 39 elle
928 581 60 37 est
1021 579 184 49 toujours
1236 577 135 41 roulée
1401 589 50 29 en
1476 577 145 53 spirale

391 652 111 38 entre
521 651 58 40 les
598 652 153 52 palpes,
774 652 73 41 elle
872 655 60 36 est
950 650 348 54 très-développée
1318 652 94 39 chez
1429 651 59 40 les
1507 649 114 41 Rho-

389 721 222 52 palocères,
630 724 90 51 plus
741 735 53 28 ou
823 725 133 38 moins
976 723 148 51 longue
1145 724 95 40 chez
1267 724 58 39 les
1345 723 274 40 Hétérocères.

391 793 103 40 Chez
516 795 192 50 quelques
736 794 152 52 Sphinx
910 794 74 40 elle
1004 799 60 35 est
1094 794 106 41 deux
1220 806 53 28 ou
1289 795 100 40 trois
1414 795 78 40 fois
1512 792 111 43 aussi

388 865 150 50 longue
558 878 77 39 que
665 867 37 39 le
730 878 117 41 corps
866 879 9 35 ;
907 866 245 40 très-courte
1172 866 96 44 chez
1295 866 59 40 les
1384 866 239 50 géomètres,

390 940 39 36 et
448 938 24 39 à
491 937 111 41 l'état
620 938 291 40 rudimentaire
930 938 96 40 chez
1045 939 39 39 la
1102 940 161 50 plupart
1283 937 69 41 des
1371 938 195 52 Bombyx.

444 1012 76 38 Les
547 994 209 66 antlfcnes,
780 1010 69 52 fig.
878 1016 33 44 1,
936 1011 64 51 (b),
1023 1014 92 37 sont
1135 1010 149 42 situées
1315 1011 91 52 près
1439 1010 55 41 du
1521 1010 104 41 bord

390 1084 158 39 interne
564 1083 47 40 de
627 1084 157 51 chaque
805 1084 84 47 œil,
912 1082 75 41 elle
1008 1087 92 36 sont
1125 1082 234 53 composées
1381 1083 97 39 d'un
1497 1082 127 52 grand

390 1155 169 39 nombre
581 1154 199 41 d'articles
801 1158 38 36 et
860 1154 50 40 de
931 1153 127 41 forme
1083 1154 299 41 très-variable.
1403 1152 111 42 Dans
1531 1158 93 36 tous

390 1227 59 40 les
481 1225 194 51 diurnes,
713 1229 70 48 qui
809 1238 105 40 pour
946 1230 103 37 cette
1078 1227 137 40 raison
1247 1230 71 37 ont
1351 1225 62 41 été
1441 1225 184 41 nommés

392 1300 297 51 Rhopalocères
711 1298 63 52 (1),
814 1299 96 39 elles
945 1303 92 36 sont
1068 1298 210 40 filiformes
1296 1299 150 51 jusque
1465 1299 91 51 près
1577 1298 49 39 de

390 1370 254 46 l'extrémité,
685 1375 39 36 et
758 1369 217 41 terminées
1005 1381 74 41 par
1114 1382 58 28 un
1202 1370 155 41 bouton
1383 1382 53 29 ou
1464 1382 161 28 massue

390 1444 93 52 plus
504 1456 53 28 ou
578 1446 133 38 moins
726 1443 196 51 allongée.

446 1517 106 39 Elles
583 1521 92 36 sont
706 1528 51 28 au
779 1518 201 38 contraire
1008 1516 260 41 très-variées
1289 1515 48 41 de
1365 1517 130 39 forme
1530 1517 94 39 chez

392 1589 57 39 les
493 1592 135 36 autres
664 1588 316 52 Lépidoptères,
1019 1588 187 39 nommés
1240 1599 72 41 par
1347 1592 101 36 cette
1486 1588 137 41 raison

392 1660 257 40 Hétérocères
664 1660 64 51 (2).
748 1661 145 39 Tantôt
911 1661 96 40 elles
1028 1664 93 36 sont
1145 1661 301 51 prismatiques,
1469 1672 158 30 comme

393 1732 100 40 dans
516 1734 39 39 la
575 1734 159 51 plupart
763 1732 70 41 des
853 1732 242 53 Sphingides
1110 1747 10 37 ;
1154 1745 54 28 ou
1236 1734 203 48 linéaires,
1469 1746 158 28 comme

392 1804 95 41 chez
505 1806 57 39 les
583 1805 148 47 Sésies,
750 1817 51 28 ou
824 1817 50 28 en
894 1817 122 29 corne
1037 1805 49 39 de
1106 1805 139 49 bélier,
1268 1817 156 29 comme
1446 1806 99 39 dans
1568 1806 59 40 les

392 1878 190 53 Zygæna,
608 1879 94 39 chez
721 1879 57 39 les
797 1878 197 51 Bombyx,
1009 1878 95 40 elles
1120 1877 94 53 sont
1214 1877 228 53 pectinées,
1467 1877 162 41 c'est-à-

392 1950 86 40 dire
497 1962 78 39 que
595 1950 50 40 de
663 1950 156 51 chaque
834 1950 86 40 côté
941 1950 94 40 elles
1057 1950 145 40 offrent
1219 1962 58 28 un
1290 1962 102 39 rang
1412 1950 48 40 de
1480 1951 146 51 petites

393 2021 116 41 dents
528 2022 124 51 qu'on
672 2033 24 28 a
714 2022 232 51 comparées
969 2024 23 37 à
1011 2022 119 40 celles
1150 2022 98 39 d'un
1272 2024 160 49 peigne.

448 2095 55 39 Le
522 2094 144 40 thorax
697 2105 52 28 ou
779 2094 169 39 corselet
968 2097 61 37 est
1055 2093 129 41 formé
1216 2094 48 39 de
1291 2095 100 39 trois
1422 2096 207 48 segments

395 2167 255 39 intimement
669 2167 94 39 unis
779 2180 10 36 ;
822 2166 37 39 le
891 2167 175 51 premier
1085 2177 52 29 ou
1163 2165 219 49 antérieur,
1404 2166 225 39 très-court

395 2244 38 34 et
455 2250 49 28 en
525 2237 128 41 forme
672 2238 49 44 de
741 2237 152 49 collier,
915 2242 116 48 porte
1051 2238 37 39 le
1107 2249 96 28 nom
1227 2237 49 40 de
1297 2237 265 49 Prothorax;
1592 2237 37 39 le

396 2330 152 41 second
566 2341 52 29 ou
633 2329 176 49 médian,
829 2330 104 41 celui
954 2329 49 41 de
1021 2328 108 41 Méso
1136 2329 167 50 thorax,
1320 2333 39 36 et
1371 2330 37 39 le
1425 2330 205 40 troisième

439 2464 43 40 (1)
505 2471 154 41 ~p01tC1.Ào'/,
676 2471 132 25 massue
828 2478 110 37 x.=paç,
956 2470 129 32 cornes,
1106 2466 171 30 antennes.

443 2533 46 44 (2)
514 2547 134 34 ETepoio;
667 2532 154 42 variable,
843 2549 99 33 :x.Epa.Ç
965 2538 108 26 corne.
