<?xml version="1.0" encoding="utf-8"?>
<alto SCHEMAVERSION="alto_bnf-v2_0" xmlns="http://www.loc.gov/standards/alto/ns-v3#" xmlns:xlink="http://www.w3.org/TR/xlink" xmlns:xsi="http://www.w3.org/2001/XMLSchema-instance" xsi:schemaLocation="http://www.loc.gov/standards/alto/ns-v3# http://bibnum.bnf.fr/schema/alto_bnf-v2_0.xsd">
  <Description>
    <MeasurementUnit>pixel</MeasurementUnit>
    <sourceImageInformation>
      <fileName>00000196.jp2</fileName>
      <documentIdentifier documentIdentifierLocation="IFN">9612399</documentIdentifier>
    </sourceImageInformation>
    <OCRProcessing ID="OCR_1">
      <ocrProcessingStep>
        <processingDateTime>2015-10-09</processingDateTime>
        <processingStepDescription>[001_OCR_BRUT]OCR BRUT 98.54 %</processingStepDescription>
        <processingStepDescription>[002_CHARS]{1102}</processingStepDescription>
        <processingStepDescription>[003_CHARS_USED]{1017}</processingStepDescription>
        <processingStepDescription>[004_CHARS_SUSPECTS_USED]{0}</processingStepDescription>
        <processingStepDescription>[005_CHARS_UNUSED]{85}</processingStepDescription>
        <processingStepDescription>[006_CHARS_SUSPECTS_UNUSED]{0}</processingStepDescription>
        <processingStepDescription>[007_STRINGS]{229}</processingStepDescription>
        <processingStepDescription>[008_STRINGS_USED]{229}</processingStepDescription>
        <processingStepDescription>[009_STRINGS_SUSPECTS_UNUSED]{0}</processingStepDescription>
        <processingStepDescription>[010_CHARS_LETTERS]{1017}</processingStepDescription>
        <processingStepDescription>[011_CHARS_PUNCTUATION]{67}</processingStepDescription>
        <processingStepDescription>[012_CHARS_DIGITS]{16}</processingStepDescription>
        <processingStepDescription>[013_CHARS_SUSPECT]{0}</processingStepDescription>
        <processingStepDescription>[022_CHARS_UNUSED_BY_BLOCK]{0}</processingStepDescription>
        <processingStepDescription>[023_BLOCKS_SUSPECTS]{0}</processingStepDescription>
        <processingStepDescription>[111_LIGS_DETECTED_CURV]{0}</processingStepDescription>
      </ocrProcessingStep>
    </OCRProcessing>
  </Description>
  <Styles>
    <TextStyle FONTFAMILY="Times" FONTSIZE="9" ID="TXT_5"/>
    <TextStyle FONTFAMILY="Times" FONTSIZE="8" ID="TXT_7"/>
  </Styles>
  <Tags>
    <OtherTag ID="TAG_importantEN" LABEL="important" TYPE="EN"/>
    <OtherTag ID="TAG_important" LABEL="important"/>
  </Tags>
  <Layout>
    <Page ACCURACY="98.54" HEIGHT="3012" ID="PAG_00000196" PHYSICAL_IMG_NR="196" PRINTED_IMG_NR="190" QUALITY="OK" WIDTH="1792">
      <TopMargin HEIGHT="456" HPOS="0" ID="PAG_00000196_TopMargin" VPOS="0" WIDTH="1792">
        <TextBlock HEIGHT="38" HPOS="894" ID="PAG_00000196_TB000001" LANG="fr" STYLEREFS="TXT_7" VPOS="349" WIDTH="243">
          <TextLine HEIGHT="38" HPOS="894" ID="PAG_00000196_TL000001" STYLEREFS="TXT_7" VPOS="349" WIDTH="243">
            <String CONTENT="—" HEIGHT="6" HPOS="894" ID="PAG_00000196_ST000001" STYLEREFS="TXT_7" VPOS="371" WC="1" WIDTH="47"/>
            <SP HPOS="941" ID="PAG_00000196_SP000001" VPOS="349" WIDTH="40"/>
            <String CONTENT="190" HEIGHT="38" HPOS="981" ID="PAG_00000196_ST000002" STYLEREFS="TXT_7" VPOS="349" WC="1" WIDTH="75"/>
            <SP HPOS="1056" ID="PAG_00000196_SP000002" VPOS="370" WIDTH="29"/>
            <String CONTENT="—" HEIGHT="6" HPOS="1085" ID="PAG_00000196_ST000003" STYLEREFS="TXT_7" VPOS="370" WC="1" WIDTH="52"/>
          </TextLine>
        </TextBlock>
      </TopMargin>
      <PrintSpace HEIGHT="2136" HPOS="385" ID="PAG_00000196_PrintSpace" VPOS="456" WIDTH="1280">
        <TextBlock HEIGHT="51" HPOS="394" ID="PAG_00000196_TB000002" LANG="fr" STYLEREFS="TXT_7" VPOS="456" WIDTH="375">
          <TextLine HEIGHT="51" HPOS="394" ID="PAG_00000196_TL000002" STYLEREFS="TXT_7" VPOS="456" WIDTH="375">
            <String CONTENT="OEME," HEIGHT="46" HPOS="394" ID="PAG_00000196_ST000004" STYLEREFS="TXT_7" VPOS="456" WC="1" WIDTH="136"/>
            <SP HPOS="530" ID="PAG_00000196_SP000003" VPOS="456" WIDTH="22"/>
            <String CONTENT="Esp." HEIGHT="51" HPOS="552" ID="PAG_00000196_ST000005" STYLEREFS="TXT_7" TAGREFS="TAG_important" VPOS="456" WC="1" WIDTH="94"/>
            <SP HPOS="646" ID="PAG_00000196_SP000004" VPOS="456" WIDTH="19"/>
            <String CONTENT="Dup." HEIGHT="51" HPOS="665" ID="PAG_00000196_ST000006" STYLEREFS="TXT_7" VPOS="456" WC="1" WIDTH="104"/>
          </TextLine>
        </TextBlock>
        <TextBlock HEIGHT="415" HPOS="391" ID="PAG_00000196_TB000003" LANG="fr" STYLEREFS="TXT_7" VPOS="546" WIDTH="1269">
          <TextLine HEIGHT="54" HPOS="446" ID="PAG_00000196_TL000003" STYLEREFS="TXT_7" VPOS="546" WIDTH="1184">
            <String CONTENT="38" HEIGHT="37" HPOS="446" ID="PAG_00000196_ST000007" STYLEREFS="TXT_7" VPOS="552" WC="1" WIDTH="50"/>
            <SP HPOS="496" ID="PAG_00000196_SP000005" VPOS="556" WIDTH="16"/>
            <String CONTENT="m." HEIGHT="32" HPOS="512" ID="PAG_00000196_ST000008" STYLEREFS="TXT_7" VPOS="556" WC="0.77" WIDTH="39"/>
            <SP HPOS="551" ID="PAG_00000196_SP000006" VPOS="549" WIDTH="24"/>
            <String CONTENT="Ailes" HEIGHT="40" HPOS="575" ID="PAG_00000196_ST000009" STYLEREFS="TXT_7" VPOS="549" WC="1" WIDTH="107"/>
            <SP HPOS="682" ID="PAG_00000196_SP000007" VPOS="548" WIDTH="20"/>
            <String CONTENT="d'un" HEIGHT="40" HPOS="702" ID="PAG_00000196_ST000010" STYLEREFS="TXT_7" VPOS="548" WC="1" WIDTH="98"/>
            <SP HPOS="800" ID="PAG_00000196_SP000008" VPOS="549" WIDTH="14"/>
            <String CONTENT="brun" HEIGHT="40" HPOS="814" ID="PAG_00000196_ST000011" STYLEREFS="TXT_7" VPOS="549" WC="1" WIDTH="108"/>
            <SP HPOS="922" ID="PAG_00000196_SP000009" VPOS="549" WIDTH="25"/>
            <String CONTENT="noir" HEIGHT="40" HPOS="947" ID="PAG_00000196_ST000012" STYLEREFS="TXT_7" VPOS="549" WC="1" WIDTH="92"/>
            <SP HPOS="1039" ID="PAG_00000196_SP000010" VPOS="563" WIDTH="15"/>
            <String CONTENT=";" HEIGHT="37" HPOS="1054" ID="PAG_00000196_ST000013" STYLEREFS="TXT_7" VPOS="563" WC="1" WIDTH="10"/>
            <SP HPOS="1064" ID="PAG_00000196_SP000011" VPOS="546" WIDTH="32"/>
            <String CONTENT="supérieures" HEIGHT="54" HPOS="1096" ID="PAG_00000196_ST000014" STYLEREFS="TXT_7" VPOS="546" WC="1" WIDTH="252"/>
            <SP HPOS="1348" ID="PAG_00000196_SP000012" VPOS="546" WIDTH="21"/>
            <String CONTENT="marquées" HEIGHT="51" HPOS="1369" ID="PAG_00000196_ST000015" STYLEREFS="TXT_7" VPOS="546" WC="1" WIDTH="214"/>
            <SP HPOS="1583" ID="PAG_00000196_SP000013" VPOS="547" WIDTH="23"/>
            <String CONTENT="à" HEIGHT="39" HPOS="1606" ID="PAG_00000196_ST000016" STYLEREFS="TXT_7" VPOS="547" WC="1" WIDTH="24"/>
          </TextLine>
          <TextLine HEIGHT="55" HPOS="391" ID="PAG_00000196_TL000004" STYLEREFS="TXT_7" VPOS="618" WIDTH="1238">
            <String CONTENT="l'angle" HEIGHT="51" HPOS="391" ID="PAG_00000196_ST000017" STYLEREFS="TXT_7" VPOS="620" WC="1" WIDTH="146"/>
            <SP HPOS="537" ID="PAG_00000196_SP000014" VPOS="622" WIDTH="17"/>
            <String CONTENT="apical" HEIGHT="51" HPOS="554" ID="PAG_00000196_ST000018" STYLEREFS="TXT_7" VPOS="622" WC="1" WIDTH="130"/>
            <SP HPOS="684" ID="PAG_00000196_SP000015" VPOS="620" WIDTH="14"/>
            <String CONTENT="d'une" HEIGHT="41" HPOS="698" ID="PAG_00000196_ST000019" STYLEREFS="TXT_7" VPOS="620" WC="1" WIDTH="123"/>
            <SP HPOS="821" ID="PAG_00000196_SP000016" VPOS="621" WIDTH="20"/>
            <String CONTENT="double" HEIGHT="40" HPOS="841" ID="PAG_00000196_ST000020" STYLEREFS="TXT_7" VPOS="621" WC="1" WIDTH="147"/>
            <SP HPOS="988" ID="PAG_00000196_SP000017" VPOS="621" WIDTH="14"/>
            <String CONTENT="tache" HEIGHT="40" HPOS="1002" ID="PAG_00000196_ST000021" STYLEREFS="TXT_7" VPOS="621" WC="1" WIDTH="117"/>
            <SP HPOS="1119" ID="PAG_00000196_SP000018" VPOS="621" WIDTH="15"/>
            <String CONTENT="ferrugineuse," HEIGHT="50" HPOS="1134" ID="PAG_00000196_ST000022" STYLEREFS="TXT_7" VPOS="621" WC="1" WIDTH="295"/>
            <SP HPOS="1429" ID="PAG_00000196_SP000019" VPOS="618" WIDTH="16"/>
            <String CONTENT="ornée" HEIGHT="41" HPOS="1445" ID="PAG_00000196_ST000023" STYLEREFS="TXT_7" VPOS="618" WC="1" WIDTH="120"/>
            <SP HPOS="1565" ID="PAG_00000196_SP000020" VPOS="618" WIDTH="14"/>
            <String CONTENT="de" HEIGHT="41" HPOS="1579" ID="PAG_00000196_ST000024" STYLEREFS="TXT_7" VPOS="618" WC="1" WIDTH="50"/>
          </TextLine>
          <TextLine HEIGHT="55" HPOS="394" ID="PAG_00000196_TL000005" STYLEREFS="TXT_7" VPOS="690" WIDTH="1266">
            <String CONTENT="deux" HEIGHT="42" HPOS="394" ID="PAG_00000196_ST000025" STYLEREFS="TXT_7" VPOS="690" WC="1" WIDTH="100"/>
            <SP HPOS="494" ID="PAG_00000196_SP000021" VPOS="692" WIDTH="22"/>
            <String CONTENT="petits" HEIGHT="52" HPOS="516" ID="PAG_00000196_ST000026" STYLEREFS="TXT_7" VPOS="692" WC="1" WIDTH="120"/>
            <SP HPOS="636" ID="PAG_00000196_SP000022" VPOS="705" WIDTH="20"/>
            <String CONTENT="yeux" HEIGHT="40" HPOS="656" ID="PAG_00000196_ST000027" STYLEREFS="TXT_7" VPOS="705" WC="1" WIDTH="104"/>
            <SP HPOS="760" ID="PAG_00000196_SP000023" VPOS="693" WIDTH="26"/>
            <String CONTENT="noirs," HEIGHT="48" HPOS="786" ID="PAG_00000196_ST000028" STYLEREFS="TXT_7" VPOS="693" WC="1" WIDTH="126"/>
            <SP HPOS="912" ID="PAG_00000196_SP000024" VPOS="705" WIDTH="31"/>
            <String CONTENT="se" HEIGHT="28" HPOS="943" ID="PAG_00000196_ST000029" STYLEREFS="TXT_7" VPOS="705" WC="1" WIDTH="44"/>
            <SP HPOS="987" ID="PAG_00000196_SP000025" VPOS="692" WIDTH="26"/>
            <String CONTENT="répétant" HEIGHT="53" HPOS="1013" ID="PAG_00000196_ST000030" STYLEREFS="TXT_7" VPOS="692" WC="1" WIDTH="183"/>
            <SP HPOS="1196" ID="PAG_00000196_SP000026" VPOS="704" WIDTH="31"/>
            <String CONTENT="en" HEIGHT="28" HPOS="1227" ID="PAG_00000196_ST000031" STYLEREFS="TXT_7" VPOS="704" WC="1" WIDTH="51"/>
            <SP HPOS="1278" ID="PAG_00000196_SP000027" VPOS="692" WIDTH="30"/>
            <String CONTENT="dessous." HEIGHT="40" HPOS="1308" ID="PAG_00000196_ST000032" STYLEREFS="TXT_7" VPOS="692" WC="1" WIDTH="185"/>
            <SP HPOS="1493" ID="PAG_00000196_SP000028" VPOS="690" WIDTH="27"/>
            <String CONTENT="Infé-" HEIGHT="41" HPOS="1520" ID="PAG_00000196_ST000033" STYLEREFS="TXT_7" SUBS_CONTENT="Inférieures" SUBS_TYPE="HypPart1" VPOS="690" WC="1" WIDTH="110"/>
            <HYP CONTENT="-" HPOS="1630" VPOS="731" WIDTH="30"/>
          </TextLine>
          <TextLine HEIGHT="54" HPOS="392" ID="PAG_00000196_TL000006" STYLEREFS="TXT_7" VPOS="762" WIDTH="1234">
            <String CONTENT="rieures" HEIGHT="43" HPOS="392" ID="PAG_00000196_ST000034" STYLEREFS="TXT_7" SUBS_CONTENT="Inférieures" SUBS_TYPE="HypPart2" VPOS="762" WC="1" WIDTH="153"/>
            <SP HPOS="545" ID="PAG_00000196_SP000029" VPOS="769" WIDTH="17"/>
            <String CONTENT="ayant" HEIGHT="47" HPOS="562" ID="PAG_00000196_ST000035" STYLEREFS="TXT_7" VPOS="769" WC="1" WIDTH="122"/>
            <SP HPOS="684" ID="PAG_00000196_SP000030" VPOS="778" WIDTH="24"/>
            <String CONTENT="en" HEIGHT="27" HPOS="708" ID="PAG_00000196_ST000036" STYLEREFS="TXT_7" VPOS="778" WC="1" WIDTH="50"/>
            <SP HPOS="758" ID="PAG_00000196_SP000031" VPOS="764" WIDTH="20"/>
            <String CONTENT="dessus" HEIGHT="41" HPOS="778" ID="PAG_00000196_ST000037" STYLEREFS="TXT_7" VPOS="764" WC="1" WIDTH="143"/>
            <SP HPOS="921" ID="PAG_00000196_SP000032" VPOS="766" WIDTH="14"/>
            <String CONTENT="troi's" HEIGHT="39" HPOS="935" ID="PAG_00000196_ST000038" STYLEREFS="TXT_7" VPOS="766" WC="0.93" WIDTH="100"/>
            <SP HPOS="1035" ID="PAG_00000196_SP000033" VPOS="777" WIDTH="30"/>
            <String CONTENT="ou" HEIGHT="27" HPOS="1065" ID="PAG_00000196_ST000039" STYLEREFS="TXT_7" VPOS="777" WC="1" WIDTH="50"/>
            <SP HPOS="1115" ID="PAG_00000196_SP000034" VPOS="769" WIDTH="38"/>
            <String CONTENT="quatre" HEIGHT="46" HPOS="1153" ID="PAG_00000196_ST000040" STYLEREFS="TXT_7" VPOS="769" WC="1" WIDTH="142"/>
            <SP HPOS="1295" ID="PAG_00000196_SP000035" VPOS="764" WIDTH="33"/>
            <String CONTENT="petites" HEIGHT="52" HPOS="1328" ID="PAG_00000196_ST000041" STYLEREFS="TXT_7" VPOS="764" WC="1" WIDTH="143"/>
            <SP HPOS="1471" ID="PAG_00000196_SP000036" VPOS="763" WIDTH="19"/>
            <String CONTENT="taches" HEIGHT="41" HPOS="1490" ID="PAG_00000196_ST000042" STYLEREFS="TXT_7" VPOS="763" WC="1" WIDTH="136"/>
          </TextLine>
          <TextLine HEIGHT="53" HPOS="391" ID="PAG_00000196_TL000007" STYLEREFS="TXT_7" VPOS="836" WIDTH="1240">
            <String CONTENT="ferrugineuses," HEIGHT="53" HPOS="391" ID="PAG_00000196_ST000043" STYLEREFS="TXT_7" VPOS="836" WC="1" WIDTH="314"/>
            <SP HPOS="705" ID="PAG_00000196_SP000037" VPOS="837" WIDTH="34"/>
            <String CONTENT="rondes," HEIGHT="50" HPOS="739" ID="PAG_00000196_ST000044" STYLEREFS="TXT_7" VPOS="837" WC="1" WIDTH="163"/>
            <SP HPOS="902" ID="PAG_00000196_SP000038" VPOS="837" WIDTH="36"/>
            <String CONTENT="ornées" HEIGHT="41" HPOS="938" ID="PAG_00000196_ST000045" STYLEREFS="TXT_7" VPOS="837" WC="1" WIDTH="142"/>
            <SP HPOS="1080" ID="PAG_00000196_SP000039" VPOS="838" WIDTH="28"/>
            <String CONTENT="chacune" HEIGHT="39" HPOS="1108" ID="PAG_00000196_ST000046" STYLEREFS="TXT_7" VPOS="838" WC="1" WIDTH="180"/>
            <SP HPOS="1288" ID="PAG_00000196_SP000040" VPOS="836" WIDTH="20"/>
            <String CONTENT="d'un" HEIGHT="40" HPOS="1308" ID="PAG_00000196_ST000047" STYLEREFS="TXT_7" VPOS="836" WC="1" WIDTH="97"/>
            <SP HPOS="1405" ID="PAG_00000196_SP000041" VPOS="837" WIDTH="32"/>
            <String CONTENT="petit" HEIGHT="51" HPOS="1437" ID="PAG_00000196_ST000048" STYLEREFS="TXT_7" VPOS="837" WC="1" WIDTH="98"/>
            <SP HPOS="1535" ID="PAG_00000196_SP000042" VPOS="837" WIDTH="29"/>
            <String CONTENT="œil" HEIGHT="40" HPOS="1564" ID="PAG_00000196_ST000049" STYLEREFS="TXT_7" VPOS="837" WC="1" WIDTH="67"/>
          </TextLine>
          <TextLine HEIGHT="52" HPOS="393" ID="PAG_00000196_TL000008" STYLEREFS="TXT_7" VPOS="909" WIDTH="481">
            <String CONTENT="noir" HEIGHT="40" HPOS="393" ID="PAG_00000196_ST000050" STYLEREFS="TXT_7" VPOS="909" WC="1" WIDTH="93"/>
            <SP HPOS="486" ID="PAG_00000196_SP000043" VPOS="910" WIDTH="17"/>
            <String CONTENT="pupillé" HEIGHT="51" HPOS="503" ID="PAG_00000196_ST000051" STYLEREFS="TXT_7" VPOS="910" WC="1" WIDTH="151"/>
            <SP HPOS="654" ID="PAG_00000196_SP000044" VPOS="910" WIDTH="21"/>
            <String CONTENT="de" HEIGHT="40" HPOS="675" ID="PAG_00000196_ST000052" STYLEREFS="TXT_7" VPOS="910" WC="1" WIDTH="48"/>
            <SP HPOS="723" ID="PAG_00000196_SP000045" VPOS="910" WIDTH="16"/>
            <String CONTENT="blanc." HEIGHT="40" HPOS="739" ID="PAG_00000196_ST000053" STYLEREFS="TXT_7" VPOS="910" WC="1" WIDTH="135"/>
          </TextLine>
        </TextBlock>
        <TextBlock HEIGHT="198" HPOS="391" ID="PAG_00000196_TB000004" LANG="fr" STYLEREFS="TXT_7" VPOS="980" WIDTH="1271">
          <TextLine HEIGHT="55" HPOS="455" ID="PAG_00000196_TL000009" STYLEREFS="TXT_7" VPOS="980" WIDTH="1177">
            <String CONTENT="9" HEIGHT="55" HPOS="455" ID="PAG_00000196_ST000054" STYLEREFS="TXT_7" VPOS="980" WC="1" WIDTH="34"/>
            <SP HPOS="489" ID="PAG_00000196_SP000046" VPOS="983" WIDTH="44"/>
            <String CONTENT="Un" HEIGHT="39" HPOS="533" ID="PAG_00000196_ST000055" STYLEREFS="TXT_7" VPOS="983" WC="1" WIDTH="61"/>
            <SP HPOS="594" ID="PAG_00000196_SP000047" VPOS="994" WIDTH="46"/>
            <String CONTENT="peu" HEIGHT="40" HPOS="640" ID="PAG_00000196_ST000056" STYLEREFS="TXT_7" VPOS="994" WC="1" WIDTH="80"/>
            <SP HPOS="720" ID="PAG_00000196_SP000048" VPOS="983" WIDTH="33"/>
            <String CONTENT="plus" HEIGHT="51" HPOS="753" ID="PAG_00000196_ST000057" STYLEREFS="TXT_7" VPOS="983" WC="1" WIDTH="91"/>
            <SP HPOS="844" ID="PAG_00000196_SP000049" VPOS="982" WIDTH="38"/>
            <String CONTENT="pâle" HEIGHT="52" HPOS="882" ID="PAG_00000196_ST000058" STYLEREFS="TXT_7" VPOS="982" WC="1" WIDTH="89"/>
            <SP HPOS="971" ID="PAG_00000196_SP000050" VPOS="986" WIDTH="45"/>
            <String CONTENT="et" HEIGHT="36" HPOS="1016" ID="PAG_00000196_ST000059" STYLEREFS="TXT_7" VPOS="986" WC="1" WIDTH="38"/>
            <SP HPOS="1054" ID="PAG_00000196_SP000051" VPOS="989" WIDTH="42"/>
            <String CONTENT="ayant" HEIGHT="44" HPOS="1096" ID="PAG_00000196_ST000060" STYLEREFS="TXT_7" VPOS="989" WC="1" WIDTH="119"/>
            <SP HPOS="1215" ID="PAG_00000196_SP000052" VPOS="981" WIDTH="42"/>
            <String CONTENT="les" HEIGHT="40" HPOS="1257" ID="PAG_00000196_ST000061" STYLEREFS="TXT_7" VPOS="981" WC="1" WIDTH="57"/>
            <SP HPOS="1314" ID="PAG_00000196_SP000053" VPOS="992" WIDTH="32"/>
            <String CONTENT="yeux" HEIGHT="40" HPOS="1346" ID="PAG_00000196_ST000062" STYLEREFS="TXT_7" VPOS="992" WC="1" WIDTH="104"/>
            <SP HPOS="1450" ID="PAG_00000196_SP000054" VPOS="981" WIDTH="45"/>
            <String CONTENT="mieux" HEIGHT="39" HPOS="1495" ID="PAG_00000196_ST000063" STYLEREFS="TXT_7" VPOS="981" WC="1" WIDTH="137"/>
          </TextLine>
          <TextLine HEIGHT="52" HPOS="391" ID="PAG_00000196_TL000010" STYLEREFS="TXT_7" VPOS="1053" WIDTH="1271">
            <String CONTENT="marqués," HEIGHT="51" HPOS="391" ID="PAG_00000196_ST000064" STYLEREFS="TXT_7" VPOS="1054" WC="1" WIDTH="205"/>
            <SP HPOS="596" ID="PAG_00000196_SP000055" VPOS="1059" WIDTH="20"/>
            <String CONTENT="surtout" HEIGHT="36" HPOS="616" ID="PAG_00000196_ST000065" STYLEREFS="TXT_7" VPOS="1059" WC="1" WIDTH="159"/>
            <SP HPOS="775" ID="PAG_00000196_SP000056" VPOS="1066" WIDTH="33"/>
            <String CONTENT="aux" HEIGHT="29" HPOS="808" ID="PAG_00000196_ST000066" STYLEREFS="TXT_7" VPOS="1066" WC="1" WIDTH="76"/>
            <SP HPOS="884" ID="PAG_00000196_SP000057" VPOS="1053" WIDTH="33"/>
            <String CONTENT="inférieures." HEIGHT="42" HPOS="917" ID="PAG_00000196_ST000067" STYLEREFS="TXT_7" VPOS="1053" WC="1" WIDTH="250"/>
            <SP HPOS="1167" ID="PAG_00000196_SP000058" VPOS="1055" WIDTH="35"/>
            <String CONTENT="Dessous" HEIGHT="39" HPOS="1202" ID="PAG_00000196_ST000068" STYLEREFS="TXT_7" VPOS="1055" WC="1" WIDTH="175"/>
            <SP HPOS="1377" ID="PAG_00000196_SP000059" VPOS="1053" WIDTH="39"/>
            <String CONTENT="plus" HEIGHT="51" HPOS="1416" ID="PAG_00000196_ST000069" STYLEREFS="TXT_7" VPOS="1053" WC="1" WIDTH="94"/>
            <SP HPOS="1510" ID="PAG_00000196_SP000060" VPOS="1053" WIDTH="25"/>
            <String CONTENT="jau-" HEIGHT="51" HPOS="1535" ID="PAG_00000196_ST000070" STYLEREFS="TXT_7" SUBS_CONTENT="jaunâtre" SUBS_TYPE="HypPart1" VPOS="1053" WC="1" WIDTH="97"/>
            <HYP CONTENT="-" HPOS="1632" VPOS="1104" WIDTH="30"/>
          </TextLine>
          <TextLine HEIGHT="53" HPOS="392" ID="PAG_00000196_TL000011" STYLEREFS="TXT_7" VPOS="1125" WIDTH="1132">
            <String CONTENT="nâtre" HEIGHT="40" HPOS="392" ID="PAG_00000196_ST000071" STYLEREFS="TXT_7" SUBS_CONTENT="jaunâtre" SUBS_TYPE="HypPart2" VPOS="1125" WC="1" WIDTH="117"/>
            <SP HPOS="509" ID="PAG_00000196_SP000061" VPOS="1137" WIDTH="19"/>
            <String CONTENT="avec" HEIGHT="30" HPOS="528" ID="PAG_00000196_ST000072" STYLEREFS="TXT_7" VPOS="1137" WC="1" WIDTH="95"/>
            <SP HPOS="623" ID="PAG_00000196_SP000062" VPOS="1128" WIDTH="22"/>
            <String CONTENT="le" HEIGHT="39" HPOS="645" ID="PAG_00000196_ST000073" STYLEREFS="TXT_7" VPOS="1128" WC="1" WIDTH="37"/>
            <SP HPOS="682" ID="PAG_00000196_SP000063" VPOS="1126" WIDTH="22"/>
            <String CONTENT="disque" HEIGHT="52" HPOS="704" ID="PAG_00000196_ST000074" STYLEREFS="TXT_7" VPOS="1126" WC="1" WIDTH="142"/>
            <SP HPOS="846" ID="PAG_00000196_SP000064" VPOS="1126" WIDTH="20"/>
            <String CONTENT="des" HEIGHT="41" HPOS="866" ID="PAG_00000196_ST000075" STYLEREFS="TXT_7" VPOS="1126" WC="1" WIDTH="71"/>
            <SP HPOS="937" ID="PAG_00000196_SP000065" VPOS="1125" WIDTH="21"/>
            <String CONTENT="supérieures" HEIGHT="53" HPOS="958" ID="PAG_00000196_ST000076" STYLEREFS="TXT_7" VPOS="1125" WC="1" WIDTH="255"/>
            <SP HPOS="1213" ID="PAG_00000196_SP000066" VPOS="1137" WIDTH="19"/>
            <String CONTENT="un" HEIGHT="28" HPOS="1232" ID="PAG_00000196_ST000077" STYLEREFS="TXT_7" VPOS="1137" WC="1" WIDTH="57"/>
            <SP HPOS="1289" ID="PAG_00000196_SP000067" VPOS="1137" WIDTH="19"/>
            <String CONTENT="peu" HEIGHT="40" HPOS="1308" ID="PAG_00000196_ST000078" STYLEREFS="TXT_7" VPOS="1137" WC="1" WIDTH="78"/>
            <SP HPOS="1386" ID="PAG_00000196_SP000068" VPOS="1137" WIDTH="21"/>
            <String CONTENT="roux." HEIGHT="28" HPOS="1407" ID="PAG_00000196_ST000079" STYLEREFS="TXT_7" VPOS="1137" WC="1" WIDTH="117"/>
          </TextLine>
        </TextBlock>
        <TextBlock HEIGHT="127" HPOS="390" ID="PAG_00000196_TB000005" LANG="fr" STYLEREFS="TXT_7" VPOS="1197" WIDTH="1275">
          <TextLine HEIGHT="54" HPOS="450" ID="PAG_00000196_TL000012" STYLEREFS="TXT_7" VPOS="1197" WIDTH="1215">
            <String CONTENT="Alpes" HEIGHT="51" HPOS="450" ID="PAG_00000196_ST000080" STYLEREFS="TXT_7" VPOS="1200" WC="0.97" WIDTH="121"/>
            <SP HPOS="571" ID="PAG_00000196_SP000069" VPOS="1198" WIDTH="19"/>
            <String CONTENT="de" HEIGHT="41" HPOS="590" ID="PAG_00000196_ST000081" STYLEREFS="TXT_7" VPOS="1198" WC="1" WIDTH="48"/>
            <SP HPOS="638" ID="PAG_00000196_SP000070" VPOS="1199" WIDTH="18"/>
            <String CONTENT="la" HEIGHT="39" HPOS="656" ID="PAG_00000196_ST000082" STYLEREFS="TXT_7" VPOS="1199" WC="1" WIDTH="38"/>
            <SP HPOS="694" ID="PAG_00000196_SP000071" VPOS="1200" WIDTH="21"/>
            <String CONTENT="France" HEIGHT="39" HPOS="715" ID="PAG_00000196_ST000083" STYLEREFS="TXT_7" TAGREFS="TAG_importantEN" VPOS="1200" WC="1" WIDTH="151"/>
            <SP HPOS="866" ID="PAG_00000196_SP000072" VPOS="1202" WIDTH="21"/>
            <String CONTENT="et" HEIGHT="36" HPOS="887" ID="PAG_00000196_ST000084" STYLEREFS="TXT_7" VPOS="1202" WC="1" WIDTH="39"/>
            <SP HPOS="926" ID="PAG_00000196_SP000073" VPOS="1197" WIDTH="15"/>
            <String CONTENT="de" HEIGHT="42" HPOS="941" ID="PAG_00000196_ST000085" STYLEREFS="TXT_7" VPOS="1197" WC="1" WIDTH="50"/>
            <SP HPOS="991" ID="PAG_00000196_SP000074" VPOS="1199" WIDTH="21"/>
            <String CONTENT="la" HEIGHT="39" HPOS="1012" ID="PAG_00000196_ST000086" STYLEREFS="TXT_7" VPOS="1199" WC="1" WIDTH="37"/>
            <SP HPOS="1049" ID="PAG_00000196_SP000075" VPOS="1199" WIDTH="16"/>
            <String CONTENT="Savoie," HEIGHT="46" HPOS="1065" ID="PAG_00000196_ST000087" STYLEREFS="TXT_7" TAGREFS="TAG_importantEN" VPOS="1199" WC="1" WIDTH="159"/>
            <SP HPOS="1224" ID="PAG_00000196_SP000076" VPOS="1198" WIDTH="21"/>
            <String CONTENT="Auvergne" HEIGHT="50" HPOS="1245" ID="PAG_00000196_ST000088" STYLEREFS="TXT_7" TAGREFS="TAG_importantEN" VPOS="1198" WC="1" WIDTH="212"/>
            <SP HPOS="1457" ID="PAG_00000196_SP000077" VPOS="1209" WIDTH="21"/>
            <String CONTENT="en" HEIGHT="28" HPOS="1478" ID="PAG_00000196_ST000089" STYLEREFS="TXT_7" VPOS="1209" WC="1" WIDTH="48"/>
            <SP HPOS="1526" ID="PAG_00000196_SP000078" VPOS="1197" WIDTH="11"/>
            <String CONTENT="juil-" HEIGHT="51" HPOS="1537" ID="PAG_00000196_ST000090" STYLEREFS="TXT_7" SUBS_CONTENT="juillet," SUBS_TYPE="HypPart1" VPOS="1197" WC="1" WIDTH="98"/>
            <HYP CONTENT="-" HPOS="1635" VPOS="1248" WIDTH="30"/>
          </TextLine>
          <TextLine HEIGHT="51" HPOS="390" ID="PAG_00000196_TL000013" STYLEREFS="TXT_7" VPOS="1273" WIDTH="397">
            <String CONTENT="let," HEIGHT="48" HPOS="390" ID="PAG_00000196_ST000091" STYLEREFS="TXT_7" SUBS_CONTENT="juillet," SUBS_TYPE="HypPart2" VPOS="1273" WC="1" WIDTH="70"/>
            <SP HPOS="460" ID="PAG_00000196_SP000079" VPOS="1283" WIDTH="23"/>
            <String CONTENT="peu" HEIGHT="41" HPOS="483" ID="PAG_00000196_ST000092" STYLEREFS="TXT_7" VPOS="1283" WC="1" WIDTH="77"/>
            <SP HPOS="560" ID="PAG_00000196_SP000080" VPOS="1283" WIDTH="20"/>
            <String CONTENT="commun." HEIGHT="28" HPOS="580" ID="PAG_00000196_ST000093" STYLEREFS="TXT_7" VPOS="1283" WC="1" WIDTH="207"/>
          </TextLine>
        </TextBlock>
        <TextBlock HEIGHT="44" HPOS="396" ID="PAG_00000196_TB000006" LANG="fr" STYLEREFS="TXT_7" VPOS="1363" WIDTH="418">
          <TextLine HEIGHT="44" HPOS="396" ID="PAG_00000196_TL000014" STYLEREFS="TXT_7" VPOS="1363" WIDTH="418">
            <String CONTENT="MEDUSA" HEIGHT="40" HPOS="396" ID="PAG_00000196_ST000094" STYLEREFS="TXT_7" VPOS="1367" WC="1" WIDTH="143"/>
            <SP HPOS="539" ID="PAG_00000196_SP000081" VPOS="1367" WIDTH="1"/>
            <String CONTENT="S." HEIGHT="40" HPOS="539" ID="PAG_00000196_ST000095" STYLEREFS="TXT_7" VPOS="1367" WC="1" WIDTH="82"/>
            <SP HPOS="621" ID="PAG_00000196_SP000082" VPOS="1366" WIDTH="23"/>
            <String CONTENT="V." HEIGHT="38" HPOS="644" ID="PAG_00000196_ST000096" STYLEREFS="TXT_7" VPOS="1366" WC="1" WIDTH="43"/>
            <SP HPOS="687" ID="PAG_00000196_SP000083" VPOS="1363" WIDTH="23"/>
            <String CONTENT="God." HEIGHT="42" HPOS="710" ID="PAG_00000196_ST000097" STYLEREFS="TXT_7" VPOS="1363" WC="1" WIDTH="104"/>
          </TextLine>
        </TextBlock>
        <TextBlock HEIGHT="692" HPOS="385" ID="PAG_00000196_TB000007" LANG="fr" STYLEREFS="TXT_7" VPOS="1457" WIDTH="1274">
          <TextLine HEIGHT="53" HPOS="443" ID="PAG_00000196_TL000015" STYLEREFS="TXT_7" VPOS="1457" WIDTH="1189">
            <String CONTENT="42" HEIGHT="40" HPOS="443" ID="PAG_00000196_ST000098" STYLEREFS="TXT_7" VPOS="1458" WC="0.84" WIDTH="51"/>
            <SP HPOS="494" ID="PAG_00000196_SP000084" VPOS="1467" WIDTH="17"/>
            <String CONTENT="m," HEIGHT="32" HPOS="511" ID="PAG_00000196_ST000099" STYLEREFS="TXT_7" VPOS="1467" WC="0.67" WIDTH="40"/>
            <SP HPOS="551" ID="PAG_00000196_SP000085" VPOS="1459" WIDTH="19"/>
            <String CONTENT="Ailes" HEIGHT="40" HPOS="570" ID="PAG_00000196_ST000100" STYLEREFS="TXT_7" TAGREFS="TAG_important" VPOS="1459" WC="1" WIDTH="108"/>
            <SP HPOS="678" ID="PAG_00000196_SP000086" VPOS="1459" WIDTH="12"/>
            <String CONTENT="d'un" HEIGHT="39" HPOS="690" ID="PAG_00000196_ST000101" STYLEREFS="TXT_7" VPOS="1459" WC="1" WIDTH="98"/>
            <SP HPOS="788" ID="PAG_00000196_SP000087" VPOS="1458" WIDTH="14"/>
            <String CONTENT="brun" HEIGHT="40" HPOS="802" ID="PAG_00000196_ST000102" STYLEREFS="TXT_7" VPOS="1458" WC="1" WIDTH="101"/>
            <SP HPOS="903" ID="PAG_00000196_SP000088" VPOS="1457" WIDTH="16"/>
            <String CONTENT="noir," HEIGHT="46" HPOS="919" ID="PAG_00000196_ST000103" STYLEREFS="TXT_7" VPOS="1457" WC="1" WIDTH="102"/>
            <SP HPOS="1021" ID="PAG_00000196_SP000089" VPOS="1458" WIDTH="15"/>
            <String CONTENT="arrondies," HEIGHT="48" HPOS="1036" ID="PAG_00000196_ST000104" STYLEREFS="TXT_7" VPOS="1458" WC="1" WIDTH="222"/>
            <SP HPOS="1258" ID="PAG_00000196_SP000090" VPOS="1458" WIDTH="12"/>
            <String CONTENT="supérieures" HEIGHT="52" HPOS="1270" ID="PAG_00000196_ST000105" STYLEREFS="TXT_7" VPOS="1458" WC="1" WIDTH="251"/>
            <SP HPOS="1521" ID="PAG_00000196_SP000091" VPOS="1470" WIDTH="15"/>
            <String CONTENT="avec" HEIGHT="29" HPOS="1536" ID="PAG_00000196_ST000106" STYLEREFS="TXT_7" VPOS="1470" WC="1" WIDTH="96"/>
          </TextLine>
          <TextLine HEIGHT="52" HPOS="391" ID="PAG_00000196_TL000016" STYLEREFS="TXT_7" VPOS="1530" WIDTH="1238">
            <String CONTENT="une" HEIGHT="27" HPOS="391" ID="PAG_00000196_ST000107" STYLEREFS="TXT_7" VPOS="1544" WC="1" WIDTH="80"/>
            <SP HPOS="471" ID="PAG_00000196_SP000092" VPOS="1532" WIDTH="18"/>
            <String CONTENT="bande" HEIGHT="39" HPOS="489" ID="PAG_00000196_ST000108" STYLEREFS="TXT_7" VPOS="1532" WC="1" WIDTH="134"/>
            <SP HPOS="623" ID="PAG_00000196_SP000093" VPOS="1531" WIDTH="21"/>
            <String CONTENT="de" HEIGHT="39" HPOS="644" ID="PAG_00000196_ST000109" STYLEREFS="TXT_7" VPOS="1531" WC="1" WIDTH="49"/>
            <SP HPOS="693" ID="PAG_00000196_SP000094" VPOS="1531" WIDTH="14"/>
            <String CONTENT="taches" HEIGHT="40" HPOS="707" ID="PAG_00000196_ST000110" STYLEREFS="TXT_7" VPOS="1531" WC="1" WIDTH="139"/>
            <SP HPOS="846" ID="PAG_00000196_SP000095" VPOS="1530" WIDTH="15"/>
            <String CONTENT="d'un" HEIGHT="40" HPOS="861" ID="PAG_00000196_ST000111" STYLEREFS="TXT_7" VPOS="1530" WC="1" WIDTH="96"/>
            <SP HPOS="957" ID="PAG_00000196_SP000096" VPOS="1531" WIDTH="20"/>
            <String CONTENT="ferrugineux" HEIGHT="50" HPOS="977" ID="PAG_00000196_ST000112" STYLEREFS="TXT_7" VPOS="1531" WC="1" WIDTH="258"/>
            <SP HPOS="1235" ID="PAG_00000196_SP000097" VPOS="1532" WIDTH="8"/>
            <String CONTENT="jaunâtre," HEIGHT="50" HPOS="1243" ID="PAG_00000196_ST000113" STYLEREFS="TXT_7" VPOS="1532" WC="1" WIDTH="206"/>
            <SP HPOS="1449" ID="PAG_00000196_SP000098" VPOS="1533" WIDTH="18"/>
            <String CONTENT="Les" HEIGHT="38" HPOS="1467" ID="PAG_00000196_ST000114" STYLEREFS="TXT_7" TAGREFS="TAG_important" VPOS="1533" WC="1" WIDTH="75"/>
            <SP HPOS="1542" ID="PAG_00000196_SP000099" VPOS="1536" WIDTH="20"/>
            <String CONTENT="Il'e," HEIGHT="43" HPOS="1562" ID="PAG_00000196_ST000115" STYLEREFS="TXT_7" TAGREFS="TAG_important" VPOS="1536" WC="0.67" WIDTH="67"/>
          </TextLine>
          <TextLine HEIGHT="53" HPOS="390" ID="PAG_00000196_TL000017" STYLEREFS="TXT_7" VPOS="1602" WIDTH="1242">
            <String CONTENT="4e" HEIGHT="40" HPOS="390" ID="PAG_00000196_ST000116" STYLEREFS="TXT_7" VPOS="1605" WC="0.95" WIDTH="42"/>
            <SP HPOS="432" ID="PAG_00000196_SP000100" VPOS="1608" WIDTH="19"/>
            <String CONTENT="et" HEIGHT="36" HPOS="451" ID="PAG_00000196_ST000117" STYLEREFS="TXT_7" VPOS="1608" WC="1" WIDTH="38"/>
            <SP HPOS="489" ID="PAG_00000196_SP000101" VPOS="1606" WIDTH="18"/>
            <String CONTENT="61" HEIGHT="38" HPOS="507" ID="PAG_00000196_ST000118" STYLEREFS="TXT_7" VPOS="1606" WC="0.82" WIDTH="40"/>
            <SP HPOS="547" ID="PAG_00000196_SP000102" VPOS="1604" WIDTH="20"/>
            <String CONTENT="plus" HEIGHT="51" HPOS="567" ID="PAG_00000196_ST000119" STYLEREFS="TXT_7" VPOS="1604" WC="1" WIDTH="91"/>
            <SP HPOS="658" ID="PAG_00000196_SP000103" VPOS="1604" WIDTH="19"/>
            <String CONTENT="petites," HEIGHT="51" HPOS="677" ID="PAG_00000196_ST000120" STYLEREFS="TXT_7" VPOS="1604" WC="1" WIDTH="160"/>
            <SP HPOS="837" ID="PAG_00000196_SP000104" VPOS="1606" WIDTH="22"/>
            <String CONTENT="souvent" HEIGHT="37" HPOS="859" ID="PAG_00000196_ST000121" STYLEREFS="TXT_7" VPOS="1606" WC="1" WIDTH="168"/>
            <SP HPOS="1027" ID="PAG_00000196_SP000105" VPOS="1603" WIDTH="16"/>
            <String CONTENT="nulles." HEIGHT="39" HPOS="1043" ID="PAG_00000196_ST000122" STYLEREFS="TXT_7" VPOS="1603" WC="1" WIDTH="145"/>
            <SP HPOS="1188" ID="PAG_00000196_SP000106" VPOS="1605" WIDTH="24"/>
            <String CONTENT="Les" HEIGHT="38" HPOS="1212" ID="PAG_00000196_ST000123" STYLEREFS="TXT_7" VPOS="1605" WC="1" WIDTH="77"/>
            <SP HPOS="1289" ID="PAG_00000196_SP000107" VPOS="1602" WIDTH="19"/>
            <String CONTENT="deux" HEIGHT="40" HPOS="1308" ID="PAG_00000196_ST000124" STYLEREFS="TXT_7" VPOS="1602" WC="1" WIDTH="103"/>
            <SP HPOS="1411" ID="PAG_00000196_SP000108" VPOS="1602" WIDTH="16"/>
            <String CONTENT="dernières" HEIGHT="41" HPOS="1427" ID="PAG_00000196_ST000125" STYLEREFS="TXT_7" VPOS="1602" WC="1" WIDTH="205"/>
          </TextLine>
          <TextLine HEIGHT="49" HPOS="389" ID="PAG_00000196_TL000018" STYLEREFS="TXT_7" VPOS="1674" WIDTH="1270">
            <String CONTENT="arrondies" HEIGHT="41" HPOS="389" ID="PAG_00000196_ST000126" STYLEREFS="TXT_7" VPOS="1675" WC="1" WIDTH="210"/>
            <SP HPOS="599" ID="PAG_00000196_SP000109" VPOS="1681" WIDTH="16"/>
            <String CONTENT="et" HEIGHT="34" HPOS="615" ID="PAG_00000196_ST000127" STYLEREFS="TXT_7" VPOS="1681" WC="1" WIDTH="38"/>
            <SP HPOS="653" ID="PAG_00000196_SP000110" VPOS="1674" WIDTH="19"/>
            <String CONTENT="isolées." HEIGHT="41" HPOS="672" ID="PAG_00000196_ST000128" STYLEREFS="TXT_7" VPOS="1674" WC="1" WIDTH="160"/>
            <SP HPOS="832" ID="PAG_00000196_SP000111" VPOS="1677" WIDTH="23"/>
            <String CONTENT="Les" HEIGHT="37" HPOS="855" ID="PAG_00000196_ST000129" STYLEREFS="TXT_7" VPOS="1677" WC="1" WIDTH="75"/>
            <SP HPOS="930" ID="PAG_00000196_SP000112" VPOS="1678" WIDTH="20"/>
            <String CONTENT="2e," HEIGHT="45" HPOS="950" ID="PAG_00000196_ST000130" STYLEREFS="TXT_7" VPOS="1678" WC="0.97" WIDTH="57"/>
            <SP HPOS="1007" ID="PAG_00000196_SP000113" VPOS="1678" WIDTH="18"/>
            <String CONTENT="3e" HEIGHT="38" HPOS="1025" ID="PAG_00000196_ST000131" STYLEREFS="TXT_7" VPOS="1678" WC="0.87" WIDTH="39"/>
            <SP HPOS="1064" ID="PAG_00000196_SP000114" VPOS="1678" WIDTH="16"/>
            <String CONTENT="et" HEIGHT="36" HPOS="1080" ID="PAG_00000196_ST000132" STYLEREFS="TXT_7" VPOS="1678" WC="1" WIDTH="37"/>
            <SP HPOS="1117" ID="PAG_00000196_SP000115" VPOS="1675" WIDTH="13"/>
            <String CONTENT="5e," HEIGHT="47" HPOS="1130" ID="PAG_00000196_ST000133" STYLEREFS="TXT_7" VPOS="1675" WC="1" WIDTH="57"/>
            <SP HPOS="1187" ID="PAG_00000196_SP000116" VPOS="1679" WIDTH="24"/>
            <String CONTENT="souvent" HEIGHT="35" HPOS="1211" ID="PAG_00000196_ST000134" STYLEREFS="TXT_7" VPOS="1679" WC="1" WIDTH="168"/>
            <SP HPOS="1379" ID="PAG_00000196_SP000117" VPOS="1675" WIDTH="20"/>
            <String CONTENT="la" HEIGHT="39" HPOS="1399" ID="PAG_00000196_ST000135" STYLEREFS="TXT_7" VPOS="1675" WC="1" WIDTH="39"/>
            <SP HPOS="1438" ID="PAG_00000196_SP000118" VPOS="1676" WIDTH="14"/>
            <String CONTENT="6e" HEIGHT="38" HPOS="1452" ID="PAG_00000196_ST000136" STYLEREFS="TXT_7" VPOS="1676" WC="0.88" WIDTH="41"/>
            <SP HPOS="1493" ID="PAG_00000196_SP000119" VPOS="1674" WIDTH="16"/>
            <String CONTENT="char-" HEIGHT="41" HPOS="1509" ID="PAG_00000196_ST000137" STYLEREFS="TXT_7" SUBS_CONTENT="chargées" SUBS_TYPE="HypPart1" VPOS="1674" WC="1" WIDTH="120"/>
            <HYP CONTENT="-" HPOS="1629" VPOS="1715" WIDTH="30"/>
          </TextLine>
          <TextLine HEIGHT="53" HPOS="392" ID="PAG_00000196_TL000019" STYLEREFS="TXT_7" VPOS="1746" WIDTH="1267">
            <String CONTENT="gées" HEIGHT="51" HPOS="392" ID="PAG_00000196_ST000138" STYLEREFS="TXT_7" SUBS_CONTENT="chargées" SUBS_TYPE="HypPart2" VPOS="1747" WC="1" WIDTH="93"/>
            <SP HPOS="485" ID="PAG_00000196_SP000120" VPOS="1748" WIDTH="21"/>
            <String CONTENT="chacune" HEIGHT="40" HPOS="506" ID="PAG_00000196_ST000139" STYLEREFS="TXT_7" VPOS="1748" WC="1" WIDTH="183"/>
            <SP HPOS="689" ID="PAG_00000196_SP000121" VPOS="1747" WIDTH="31"/>
            <String CONTENT="d'un" HEIGHT="40" HPOS="720" ID="PAG_00000196_ST000140" STYLEREFS="TXT_7" VPOS="1747" WC="1" WIDTH="98"/>
            <SP HPOS="818" ID="PAG_00000196_SP000122" VPOS="1748" WIDTH="22"/>
            <String CONTENT="œil" HEIGHT="39" HPOS="840" ID="PAG_00000196_ST000141" STYLEREFS="TXT_7" VPOS="1748" WC="1" WIDTH="65"/>
            <SP HPOS="905" ID="PAG_00000196_SP000123" VPOS="1748" WIDTH="19"/>
            <String CONTENT="noir," HEIGHT="46" HPOS="924" ID="PAG_00000196_ST000142" STYLEREFS="TXT_7" VPOS="1748" WC="1" WIDTH="103"/>
            <SP HPOS="1027" ID="PAG_00000196_SP000124" VPOS="1759" WIDTH="20"/>
            <String CONTENT="ceux" HEIGHT="28" HPOS="1047" ID="PAG_00000196_ST000143" STYLEREFS="TXT_7" VPOS="1759" WC="1" WIDTH="98"/>
            <SP HPOS="1145" ID="PAG_00000196_SP000125" VPOS="1746" WIDTH="29"/>
            <String CONTENT="du" HEIGHT="40" HPOS="1174" ID="PAG_00000196_ST000144" STYLEREFS="TXT_7" VPOS="1746" WC="1" WIDTH="53"/>
            <SP HPOS="1227" ID="PAG_00000196_SP000126" VPOS="1751" WIDTH="37"/>
            <String CONTENT="sommet" HEIGHT="36" HPOS="1264" ID="PAG_00000196_ST000145" STYLEREFS="TXT_7" VPOS="1751" WC="1" WIDTH="173"/>
            <SP HPOS="1437" ID="PAG_00000196_SP000127" VPOS="1758" WIDTH="20"/>
            <String CONTENT="rappro-" HEIGHT="41" HPOS="1457" ID="PAG_00000196_ST000146" STYLEREFS="TXT_7" SUBS_CONTENT="rapprochés." SUBS_TYPE="HypPart1" VPOS="1758" WC="1" WIDTH="172"/>
            <HYP CONTENT="-" HPOS="1629" VPOS="1799" WIDTH="30"/>
          </TextLine>
          <TextLine HEIGHT="52" HPOS="388" ID="PAG_00000196_TL000020" STYLEREFS="TXT_7" VPOS="1819" WIDTH="1266">
            <String CONTENT="chés." HEIGHT="40" HPOS="388" ID="PAG_00000196_ST000147" STYLEREFS="TXT_7" SUBS_CONTENT="rapprochés." SUBS_TYPE="HypPart2" VPOS="1820" WC="1" WIDTH="110"/>
            <SP HPOS="498" ID="PAG_00000196_SP000128" VPOS="1820" WIDTH="25"/>
            <String CONTENT="inférieures" HEIGHT="40" HPOS="523" ID="PAG_00000196_ST000148" STYLEREFS="TXT_7" VPOS="1820" WC="0.99" WIDTH="241"/>
            <SP HPOS="764" ID="PAG_00000196_SP000129" VPOS="1824" WIDTH="16"/>
            <String CONTENT="ayant" HEIGHT="47" HPOS="780" ID="PAG_00000196_ST000149" STYLEREFS="TXT_7" VPOS="1824" WC="1" WIDTH="120"/>
            <SP HPOS="900" ID="PAG_00000196_SP000130" VPOS="1820" WIDTH="21"/>
            <String CONTENT="trois" HEIGHT="39" HPOS="921" ID="PAG_00000196_ST000150" STYLEREFS="TXT_7" VPOS="1820" WC="1" WIDTH="99"/>
            <SP HPOS="1020" ID="PAG_00000196_SP000131" VPOS="1831" WIDTH="15"/>
            <String CONTENT="ou" HEIGHT="28" HPOS="1035" ID="PAG_00000196_ST000151" STYLEREFS="TXT_7" VPOS="1831" WC="1" WIDTH="53"/>
            <SP HPOS="1088" ID="PAG_00000196_SP000132" VPOS="1826" WIDTH="15"/>
            <String CONTENT="quatre" HEIGHT="45" HPOS="1103" ID="PAG_00000196_ST000152" STYLEREFS="TXT_7" VPOS="1826" WC="1" WIDTH="140"/>
            <SP HPOS="1243" ID="PAG_00000196_SP000133" VPOS="1820" WIDTH="20"/>
            <String CONTENT="taches" HEIGHT="39" HPOS="1263" ID="PAG_00000196_ST000153" STYLEREFS="TXT_7" VPOS="1820" WC="1" WIDTH="137"/>
            <SP HPOS="1400" ID="PAG_00000196_SP000134" VPOS="1819" WIDTH="22"/>
            <String CONTENT="anté-ter-" HEIGHT="40" HPOS="1422" ID="PAG_00000196_ST000154" STYLEREFS="TXT_7" SUBS_CONTENT="anté-terminales," SUBS_TYPE="HypPart1" VPOS="1819" WC="1" WIDTH="202"/>
            <HYP CONTENT="-" HPOS="1624" VPOS="1859" WIDTH="30"/>
          </TextLine>
          <TextLine HEIGHT="50" HPOS="388" ID="PAG_00000196_TL000021" STYLEREFS="TXT_7" VPOS="1890" WIDTH="1241">
            <String CONTENT="minales," HEIGHT="48" HPOS="388" ID="PAG_00000196_ST000155" STYLEREFS="TXT_7" SUBS_CONTENT="anté-terminales," SUBS_TYPE="HypPart2" VPOS="1892" WC="1" WIDTH="187"/>
            <SP HPOS="575" ID="PAG_00000196_SP000135" VPOS="1892" WIDTH="35"/>
            <String CONTENT="fauves," HEIGHT="48" HPOS="610" ID="PAG_00000196_ST000156" STYLEREFS="TXT_7" VPOS="1892" WC="1" WIDTH="153"/>
            <SP HPOS="763" ID="PAG_00000196_SP000136" VPOS="1891" WIDTH="30"/>
            <String CONTENT="arrondies," HEIGHT="48" HPOS="793" ID="PAG_00000196_ST000157" STYLEREFS="TXT_7" VPOS="1891" WC="1" WIDTH="233"/>
            <SP HPOS="1026" ID="PAG_00000196_SP000137" VPOS="1892" WIDTH="30"/>
            <String CONTENT="ornées" HEIGHT="40" HPOS="1056" ID="PAG_00000196_ST000158" STYLEREFS="TXT_7" VPOS="1892" WC="1" WIDTH="145"/>
            <SP HPOS="1201" ID="PAG_00000196_SP000138" VPOS="1891" WIDTH="31"/>
            <String CONTENT="chacune" HEIGHT="41" HPOS="1232" ID="PAG_00000196_ST000159" STYLEREFS="TXT_7" VPOS="1891" WC="1" WIDTH="180"/>
            <SP HPOS="1412" ID="PAG_00000196_SP000139" VPOS="1890" WIDTH="24"/>
            <String CONTENT="d'un" HEIGHT="42" HPOS="1436" ID="PAG_00000196_ST000160" STYLEREFS="TXT_7" VPOS="1890" WC="1" WIDTH="97"/>
            <SP HPOS="1533" ID="PAG_00000196_SP000140" VPOS="1892" WIDTH="29"/>
            <String CONTENT="œil" HEIGHT="40" HPOS="1562" ID="PAG_00000196_ST000161" STYLEREFS="TXT_7" VPOS="1892" WC="1" WIDTH="67"/>
          </TextLine>
          <TextLine HEIGHT="53" HPOS="390" ID="PAG_00000196_TL000022" STYLEREFS="TXT_7" VPOS="1964" WIDTH="1237">
            <String CONTENT="noir." HEIGHT="39" HPOS="390" ID="PAG_00000196_ST000162" STYLEREFS="TXT_7" VPOS="1965" WC="1" WIDTH="106"/>
            <SP HPOS="496" ID="PAG_00000196_SP000141" VPOS="1967" WIDTH="27"/>
            <String CONTENT="Dessous" HEIGHT="37" HPOS="523" ID="PAG_00000196_ST000163" STYLEREFS="TXT_7" VPOS="1967" WC="1" WIDTH="176"/>
            <SP HPOS="699" ID="PAG_00000196_SP000142" VPOS="1964" WIDTH="35"/>
            <String CONTENT="d'un" HEIGHT="40" HPOS="734" ID="PAG_00000196_ST000164" STYLEREFS="TXT_7" VPOS="1964" WC="1" WIDTH="98"/>
            <SP HPOS="832" ID="PAG_00000196_SP000143" VPOS="1964" WIDTH="27"/>
            <String CONTENT="brun" HEIGHT="40" HPOS="859" ID="PAG_00000196_ST000165" STYLEREFS="TXT_7" VPOS="1964" WC="1" WIDTH="105"/>
            <SP HPOS="964" ID="PAG_00000196_SP000144" VPOS="1965" WIDTH="20"/>
            <String CONTENT="plus" HEIGHT="51" HPOS="984" ID="PAG_00000196_ST000166" STYLEREFS="TXT_7" VPOS="1965" WC="1" WIDTH="91"/>
            <SP HPOS="1075" ID="PAG_00000196_SP000145" VPOS="1964" WIDTH="30"/>
            <String CONTENT="clair" HEIGHT="41" HPOS="1105" ID="PAG_00000196_ST000167" STYLEREFS="TXT_7" VPOS="1964" WC="1" WIDTH="97"/>
            <SP HPOS="1202" ID="PAG_00000196_SP000146" VPOS="1977" WIDTH="22"/>
            <String CONTENT="avec" HEIGHT="28" HPOS="1224" ID="PAG_00000196_ST000168" STYLEREFS="TXT_7" VPOS="1977" WC="1" WIDTH="94"/>
            <SP HPOS="1318" ID="PAG_00000196_SP000147" VPOS="1965" WIDTH="28"/>
            <String CONTENT="la" HEIGHT="39" HPOS="1346" ID="PAG_00000196_ST000169" STYLEREFS="TXT_7" VPOS="1965" WC="1" WIDTH="37"/>
            <SP HPOS="1383" ID="PAG_00000196_SP000148" VPOS="1964" WIDTH="33"/>
            <String CONTENT="répétition" HEIGHT="53" HPOS="1416" ID="PAG_00000196_ST000170" STYLEREFS="TXT_7" VPOS="1964" WC="1" WIDTH="211"/>
          </TextLine>
          <TextLine HEIGHT="54" HPOS="389" ID="PAG_00000196_TL000023" STYLEREFS="TXT_7" VPOS="2035" WIDTH="1240">
            <String CONTENT="des" HEIGHT="41" HPOS="389" ID="PAG_00000196_ST000171" STYLEREFS="TXT_7" VPOS="2036" WC="1" WIDTH="70"/>
            <SP HPOS="459" ID="PAG_00000196_SP000149" VPOS="2038" WIDTH="21"/>
            <String CONTENT="caractères" HEIGHT="39" HPOS="480" ID="PAG_00000196_ST000172" STYLEREFS="TXT_7" VPOS="2038" WC="1" WIDTH="221"/>
            <SP HPOS="701" ID="PAG_00000196_SP000150" VPOS="2036" WIDTH="17"/>
            <String CONTENT="du" HEIGHT="39" HPOS="718" ID="PAG_00000196_ST000173" STYLEREFS="TXT_7" VPOS="2036" WC="1" WIDTH="54"/>
            <SP HPOS="772" ID="PAG_00000196_SP000151" VPOS="2035" WIDTH="22"/>
            <String CONTENT="dessus." HEIGHT="42" HPOS="794" ID="PAG_00000196_ST000174" STYLEREFS="TXT_7" VPOS="2035" WC="1" WIDTH="155"/>
            <SP HPOS="949" ID="PAG_00000196_SP000152" VPOS="2039" WIDTH="29"/>
            <String CONTENT="Yeux" HEIGHT="37" HPOS="978" ID="PAG_00000196_ST000175" STYLEREFS="TXT_7" VPOS="2039" WC="1" WIDTH="110"/>
            <SP HPOS="1088" ID="PAG_00000196_SP000153" VPOS="2038" WIDTH="36"/>
            <String CONTENT="apicaux" HEIGHT="51" HPOS="1124" ID="PAG_00000196_ST000176" STYLEREFS="TXT_7" VPOS="2038" WC="1" WIDTH="180"/>
            <SP HPOS="1304" ID="PAG_00000196_SP000154" VPOS="2041" WIDTH="33"/>
            <String CONTENT="souvent" HEIGHT="36" HPOS="1337" ID="PAG_00000196_ST000177" STYLEREFS="TXT_7" VPOS="2041" WC="0.94" WIDTH="169"/>
            <SP HPOS="1506" ID="PAG_00000196_SP000155" VPOS="2038" WIDTH="16"/>
            <String CONTENT="seuls" HEIGHT="39" HPOS="1522" ID="PAG_00000196_ST000178" STYLEREFS="TXT_7" VPOS="2038" WC="1" WIDTH="107"/>
          </TextLine>
          <TextLine HEIGHT="42" HPOS="385" ID="PAG_00000196_TL000024" STYLEREFS="TXT_7" VPOS="2107" WIDTH="180">
            <String CONTENT="visibles." HEIGHT="42" HPOS="385" ID="PAG_00000196_ST000179" STYLEREFS="TXT_7" VPOS="2107" WC="1" WIDTH="180"/>
          </TextLine>
        </TextBlock>
        <TextBlock HEIGHT="126" HPOS="385" ID="PAG_00000196_TB000008" LANG="fr" STYLEREFS="TXT_7" VPOS="2180" WIDTH="1244">
          <TextLine HEIGHT="56" HPOS="449" ID="PAG_00000196_TL000025" STYLEREFS="TXT_7" VPOS="2180" WIDTH="1180">
            <String CONTENT="9" HEIGHT="55" HPOS="449" ID="PAG_00000196_ST000180" STYLEREFS="TXT_7" VPOS="2180" WC="0.70" WIDTH="34"/>
            <SP HPOS="483" ID="PAG_00000196_SP000156" VPOS="2182" WIDTH="43"/>
            <String CONTENT="plus" HEIGHT="51" HPOS="526" ID="PAG_00000196_ST000181" STYLEREFS="TXT_7" VPOS="2182" WC="1" WIDTH="92"/>
            <SP HPOS="618" ID="PAG_00000196_SP000157" VPOS="2181" WIDTH="18"/>
            <String CONTENT="grande," HEIGHT="51" HPOS="636" ID="PAG_00000196_ST000182" STYLEREFS="TXT_7" VPOS="2181" WC="1" WIDTH="168"/>
            <SP HPOS="804" ID="PAG_00000196_SP000158" VPOS="2181" WIDTH="31"/>
            <String CONTENT="d'un" HEIGHT="40" HPOS="835" ID="PAG_00000196_ST000183" STYLEREFS="TXT_7" VPOS="2181" WC="1" WIDTH="97"/>
            <SP HPOS="932" ID="PAG_00000196_SP000159" VPOS="2181" WIDTH="20"/>
            <String CONTENT="brun" HEIGHT="41" HPOS="952" ID="PAG_00000196_ST000184" STYLEREFS="TXT_7" VPOS="2181" WC="1" WIDTH="105"/>
            <SP HPOS="1057" ID="PAG_00000196_SP000160" VPOS="2182" WIDTH="20"/>
            <String CONTENT="plus" HEIGHT="52" HPOS="1077" ID="PAG_00000196_ST000185" STYLEREFS="TXT_7" VPOS="2182" WC="1" WIDTH="92"/>
            <SP HPOS="1169" ID="PAG_00000196_SP000161" VPOS="2184" WIDTH="18"/>
            <String CONTENT="pâle" HEIGHT="52" HPOS="1187" ID="PAG_00000196_ST000186" STYLEREFS="TXT_7" VPOS="2184" WC="1" WIDTH="90"/>
            <SP HPOS="1277" ID="PAG_00000196_SP000162" VPOS="2195" WIDTH="20"/>
            <String CONTENT="avec" HEIGHT="28" HPOS="1297" ID="PAG_00000196_ST000187" STYLEREFS="TXT_7" VPOS="2195" WC="1" WIDTH="96"/>
            <SP HPOS="1393" ID="PAG_00000196_SP000163" VPOS="2183" WIDTH="21"/>
            <String CONTENT="les" HEIGHT="39" HPOS="1414" ID="PAG_00000196_ST000188" STYLEREFS="TXT_7" VPOS="2183" WC="1" WIDTH="57"/>
            <SP HPOS="1471" ID="PAG_00000196_SP000164" VPOS="2182" WIDTH="20"/>
            <String CONTENT="taches" HEIGHT="40" HPOS="1491" ID="PAG_00000196_ST000189" STYLEREFS="TXT_7" VPOS="2182" WC="1" WIDTH="138"/>
          </TextLine>
          <TextLine HEIGHT="54" HPOS="385" ID="PAG_00000196_TL000026" STYLEREFS="TXT_7" VPOS="2252" WIDTH="861">
            <String CONTENT="plus" HEIGHT="51" HPOS="385" ID="PAG_00000196_ST000190" STYLEREFS="TXT_7" VPOS="2254" WC="1" WIDTH="91"/>
            <SP HPOS="476" ID="PAG_00000196_SP000165" VPOS="2252" WIDTH="12"/>
            <String CONTENT="jaunâtres" HEIGHT="52" HPOS="488" ID="PAG_00000196_ST000191" STYLEREFS="TXT_7" VPOS="2252" WC="1" WIDTH="210"/>
            <SP HPOS="698" ID="PAG_00000196_SP000166" VPOS="2258" WIDTH="16"/>
            <String CONTENT="et" HEIGHT="36" HPOS="714" ID="PAG_00000196_ST000192" STYLEREFS="TXT_7" VPOS="2258" WC="1" WIDTH="39"/>
            <SP HPOS="753" ID="PAG_00000196_SP000167" VPOS="2254" WIDTH="19"/>
            <String CONTENT="les" HEIGHT="41" HPOS="772" ID="PAG_00000196_ST000193" STYLEREFS="TXT_7" VPOS="2254" WC="1" WIDTH="57"/>
            <SP HPOS="829" ID="PAG_00000196_SP000168" VPOS="2266" WIDTH="22"/>
            <String CONTENT="yeux" HEIGHT="40" HPOS="851" ID="PAG_00000196_ST000194" STYLEREFS="TXT_7" VPOS="2266" WC="1" WIDTH="100"/>
            <SP HPOS="951" ID="PAG_00000196_SP000169" VPOS="2255" WIDTH="19"/>
            <String CONTENT="plus" HEIGHT="51" HPOS="970" ID="PAG_00000196_ST000195" STYLEREFS="TXT_7" VPOS="2255" WC="1" WIDTH="92"/>
            <SP HPOS="1062" ID="PAG_00000196_SP000170" VPOS="2255" WIDTH="15"/>
            <String CONTENT="grands." HEIGHT="50" HPOS="1077" ID="PAG_00000196_ST000196" STYLEREFS="TXT_7" VPOS="2255" WC="1" WIDTH="169"/>
          </TextLine>
        </TextBlock>
        <TextBlock HEIGHT="126" HPOS="392" ID="PAG_00000196_TB000009" LANG="fr" STYLEREFS="TXT_7" VPOS="2326" WIDTH="1265">
          <TextLine HEIGHT="52" HPOS="442" ID="PAG_00000196_TL000027" STYLEREFS="TXT_7" VPOS="2326" WIDTH="1215">
            <String CONTENT="Chenille" HEIGHT="41" HPOS="442" ID="PAG_00000196_ST000197" STYLEREFS="TXT_7" VPOS="2326" WC="1" WIDTH="183"/>
            <SP HPOS="625" ID="PAG_00000196_SP000171" VPOS="2339" WIDTH="21"/>
            <String CONTENT="en" HEIGHT="28" HPOS="646" ID="PAG_00000196_ST000198" STYLEREFS="TXT_7" VPOS="2339" WC="1" WIDTH="50"/>
            <SP HPOS="696" ID="PAG_00000196_SP000172" VPOS="2328" WIDTH="29"/>
            <String CONTENT="avril" HEIGHT="38" HPOS="725" ID="PAG_00000196_ST000199" STYLEREFS="TXT_7" VPOS="2328" WC="1" WIDTH="98"/>
            <SP HPOS="823" ID="PAG_00000196_SP000173" VPOS="2331" WIDTH="24"/>
            <String CONTENT="et" HEIGHT="36" HPOS="847" ID="PAG_00000196_ST000200" STYLEREFS="TXT_7" VPOS="2331" WC="1" WIDTH="39"/>
            <SP HPOS="886" ID="PAG_00000196_SP000174" VPOS="2328" WIDTH="20"/>
            <String CONTENT="mai" HEIGHT="39" HPOS="906" ID="PAG_00000196_ST000201" STYLEREFS="TXT_7" VPOS="2328" WC="1" WIDTH="81"/>
            <SP HPOS="987" ID="PAG_00000196_SP000175" VPOS="2339" WIDTH="22"/>
            <String CONTENT="sur" HEIGHT="28" HPOS="1009" ID="PAG_00000196_ST000202" STYLEREFS="TXT_7" VPOS="2339" WC="1" WIDTH="70"/>
            <SP HPOS="1079" ID="PAG_00000196_SP000176" VPOS="2328" WIDTH="19"/>
            <String CONTENT="le" HEIGHT="39" HPOS="1098" ID="PAG_00000196_ST000203" STYLEREFS="TXT_7" VPOS="2328" WC="1" WIDTH="35"/>
            <SP HPOS="1133" ID="PAG_00000196_SP000177" VPOS="2330" WIDTH="21"/>
            <String CONTENT="Panic" HEIGHT="39" HPOS="1154" ID="PAG_00000196_ST000204" STYLEREFS="TXT_7" TAGREFS="TAG_important" VPOS="2330" WC="1" WIDTH="122"/>
            <SP HPOS="1276" ID="PAG_00000196_SP000178" VPOS="2329" WIDTH="31"/>
            <String CONTENT="sanguin." HEIGHT="49" HPOS="1307" ID="PAG_00000196_ST000205" STYLEREFS="TXT_7" TAGREFS="TAG_important" VPOS="2329" WC="1" WIDTH="190"/>
            <SP HPOS="1497" ID="PAG_00000196_SP000179" VPOS="2328" WIDTH="33"/>
            <String CONTENT="(Pa-" HEIGHT="44" HPOS="1530" ID="PAG_00000196_ST000206" STYLEREFS="TXT_7" SUBS_CONTENT="(Panicum" SUBS_TYPE="HypPart1" VPOS="2328" WC="1" WIDTH="97"/>
            <HYP CONTENT="-" HPOS="1627" VPOS="2372" WIDTH="30"/>
          </TextLine>
          <TextLine HEIGHT="54" HPOS="392" ID="PAG_00000196_TL000028" STYLEREFS="TXT_5" VPOS="2398" WIDTH="429">
            <String CONTENT="nicum" HEIGHT="37" HPOS="392" ID="PAG_00000196_ST000207" STYLEREFS="TXT_5" SUBS_CONTENT="(Panicum" SUBS_TYPE="HypPart2" VPOS="2401" WC="1" WIDTH="136"/>
            <SP HPOS="528" ID="PAG_00000196_SP000180" VPOS="2398" WIDTH="10"/>
            <String CONTENT="sanguinale)." HEIGHT="54" HPOS="538" ID="PAG_00000196_ST000208" STYLEREFS="TXT_5" VPOS="2398" WC="1" WIDTH="283"/>
          </TextLine>
        </TextBlock>
        <TextBlock HEIGHT="122" HPOS="385" ID="PAG_00000196_TB000010" LANG="fr" STYLEREFS="TXT_7" VPOS="2470" WIDTH="1244">
          <TextLine HEIGHT="54" HPOS="443" ID="PAG_00000196_TL000029" STYLEREFS="TXT_7" VPOS="2470" WIDTH="1186">
            <String CONTENT="Il" HEIGHT="41" HPOS="443" ID="PAG_00000196_ST000209" STYLEREFS="TXT_7" VPOS="2470" WC="0.99" WIDTH="29"/>
            <SP HPOS="472" ID="PAG_00000196_SP000181" VPOS="2471" WIDTH="22"/>
            <String CONTENT="n'est" HEIGHT="40" HPOS="494" ID="PAG_00000196_ST000210" STYLEREFS="TXT_7" VPOS="2471" WC="1" WIDTH="104"/>
            <SP HPOS="598" ID="PAG_00000196_SP000182" VPOS="2483" WIDTH="19"/>
            <String CONTENT="pas" HEIGHT="40" HPOS="617" ID="PAG_00000196_ST000211" STYLEREFS="TXT_7" VPOS="2483" WC="1" WIDTH="73"/>
            <SP HPOS="690" ID="PAG_00000196_SP000183" VPOS="2483" WIDTH="24"/>
            <String CONTENT="rare" HEIGHT="28" HPOS="714" ID="PAG_00000196_ST000212" STYLEREFS="TXT_7" VPOS="2483" WC="1" WIDTH="89"/>
            <SP HPOS="803" ID="PAG_00000196_SP000184" VPOS="2471" WIDTH="22"/>
            <String CONTENT="dans" HEIGHT="41" HPOS="825" ID="PAG_00000196_ST000213" STYLEREFS="TXT_7" VPOS="2471" WC="1" WIDTH="102"/>
            <SP HPOS="927" ID="PAG_00000196_SP000185" VPOS="2472" WIDTH="30"/>
            <String CONTENT="les" HEIGHT="40" HPOS="957" ID="PAG_00000196_ST000214" STYLEREFS="TXT_7" VPOS="2472" WC="1" WIDTH="59"/>
            <SP HPOS="1016" ID="PAG_00000196_SP000186" VPOS="2472" WIDTH="21"/>
            <String CONTENT="prairies" HEIGHT="52" HPOS="1037" ID="PAG_00000196_ST000215" STYLEREFS="TXT_7" VPOS="2472" WC="1" WIDTH="169"/>
            <SP HPOS="1206" ID="PAG_00000196_SP000187" VPOS="2472" WIDTH="21"/>
            <String CONTENT="des" HEIGHT="42" HPOS="1227" ID="PAG_00000196_ST000216" STYLEREFS="TXT_7" VPOS="2472" WC="1" WIDTH="72"/>
            <SP HPOS="1299" ID="PAG_00000196_SP000188" VPOS="2478" WIDTH="20"/>
            <String CONTENT="montagnes" HEIGHT="41" HPOS="1319" ID="PAG_00000196_ST000217" STYLEREFS="TXT_7" VPOS="2478" WC="1" WIDTH="244"/>
            <SP HPOS="1563" ID="PAG_00000196_SP000189" VPOS="2473" WIDTH="17"/>
            <String CONTENT="de" HEIGHT="40" HPOS="1580" ID="PAG_00000196_ST000218" STYLEREFS="TXT_7" VPOS="2473" WC="1" WIDTH="49"/>
          </TextLine>
          <TextLine HEIGHT="51" HPOS="385" ID="PAG_00000196_TL000030" STYLEREFS="TXT_7" VPOS="2541" WIDTH="1241">
            <String CONTENT="l'Est" HEIGHT="43" HPOS="385" ID="PAG_00000196_ST000219" STYLEREFS="TXT_7" TAGREFS="TAG_important" VPOS="2541" WC="1" WIDTH="98"/>
            <SP HPOS="483" ID="PAG_00000196_SP000190" VPOS="2544" WIDTH="15"/>
            <String CONTENT="de" HEIGHT="40" HPOS="498" ID="PAG_00000196_ST000220" STYLEREFS="TXT_7" VPOS="2544" WC="1" WIDTH="49"/>
            <SP HPOS="547" ID="PAG_00000196_SP000191" VPOS="2544" WIDTH="15"/>
            <String CONTENT="la" HEIGHT="40" HPOS="562" ID="PAG_00000196_ST000221" STYLEREFS="TXT_7" VPOS="2544" WC="1" WIDTH="39"/>
            <SP HPOS="601" ID="PAG_00000196_SP000192" VPOS="2545" WIDTH="21"/>
            <String CONTENT="France," HEIGHT="47" HPOS="622" ID="PAG_00000196_ST000222" STYLEREFS="TXT_7" TAGREFS="TAG_importantEN" VPOS="2545" WC="1" WIDTH="168"/>
            <SP HPOS="790" ID="PAG_00000196_SP000193" VPOS="2556" WIDTH="23"/>
            <String CONTENT="on" HEIGHT="29" HPOS="813" ID="PAG_00000196_ST000223" STYLEREFS="TXT_7" VPOS="2556" WC="1" WIDTH="54"/>
            <SP HPOS="867" ID="PAG_00000196_SP000194" VPOS="2545" WIDTH="21"/>
            <String CONTENT="le" HEIGHT="40" HPOS="888" ID="PAG_00000196_ST000224" STYLEREFS="TXT_7" VPOS="2545" WC="1" WIDTH="35"/>
            <SP HPOS="923" ID="PAG_00000196_SP000195" VPOS="2548" WIDTH="17"/>
            <String CONTENT="trouve" HEIGHT="37" HPOS="940" ID="PAG_00000196_ST000225" STYLEREFS="TXT_7" VPOS="2548" WC="1" WIDTH="142"/>
            <SP HPOS="1082" ID="PAG_00000196_SP000196" VPOS="2547" WIDTH="19"/>
            <String CONTENT="même" HEIGHT="40" HPOS="1101" ID="PAG_00000196_ST000226" STYLEREFS="TXT_7" VPOS="2547" WC="1" WIDTH="131"/>
            <SP HPOS="1232" ID="PAG_00000196_SP000197" VPOS="2551" WIDTH="22"/>
            <String CONTENT="souvent" HEIGHT="39" HPOS="1254" ID="PAG_00000196_ST000227" STYLEREFS="TXT_7" VPOS="2551" WC="1" WIDTH="171"/>
            <SP HPOS="1425" ID="PAG_00000196_SP000198" VPOS="2547" WIDTH="21"/>
            <String CONTENT="dans" HEIGHT="40" HPOS="1446" ID="PAG_00000196_ST000228" STYLEREFS="TXT_7" VPOS="2547" WC="1" WIDTH="101"/>
            <SP HPOS="1547" ID="PAG_00000196_SP000199" VPOS="2547" WIDTH="20"/>
            <String CONTENT="les" HEIGHT="41" HPOS="1567" ID="PAG_00000196_ST000229" STYLEREFS="TXT_7" VPOS="2547" WC="1" WIDTH="59"/>
          </TextLine>
        </TextBlock>
      </PrintSpace>
    </Page>
  </Layout>
</alto>
