1792 3000
876 394 52 7 —
962 374 76 39 198
1067 393 49 8 —

382 476 177 41 Dessous
590 471 71 44 des
691 474 257 54 supérieures
976 485 96 30 avec
1100 474 42 40 la
1171 472 135 43 Bande
1337 473 90 52 plus
1451 472 111 51 large
1578 475 39 37 et

382 546 161 43 marbré
563 547 50 41 de
633 548 82 50 gris
740 546 91 42 rosé
850 550 23 37 à
898 546 149 53 l'angle
1067 546 149 52 apical.
1236 546 173 40 Dessous
1426 543 75 43 des
1520 543 96 43 infé-

383 620 153 40 rieures
556 631 96 29 sans
666 631 121 41 yeux,
818 618 98 41 d'un
946 619 82 52 gris
1056 617 107 51 rosé,
1184 616 98 43 strié
1310 616 48 41 de
1388 617 107 40 brun
1523 626 94 30 avec
1647 628 8 7 -

384 691 107 41 deux
509 691 155 41 bandes
684 691 97 41 d'un
796 691 108 40 brun
922 691 214 51 rougeâtre
1150 705 10 38 ;
1188 690 40 40 la
1248 689 193 42 médiane
1454 688 111 51 large
1579 690 40 38 et

384 764 205 48 sinueuse,
604 763 40 40 la
657 762 214 41 terminale
890 762 92 53 plus
998 762 159 42 étroits.

446 834 35 57 9
508 836 91 52 plus
628 834 106 54 pâle,
752 835 90 53 plus
873 836 205 51 jaunâtre,
1111 845 96 31 avec
1234 835 60 40 les
1313 845 108 42 yeux
1447 833 172 53 apicaux

380 907 91 52 plus
485 906 166 52 grands,
673 908 37 40 le
729 910 41 39 38
789 907 253 52 quelquefois
1071 907 104 41 suivi
1211 906 97 41 d'un
1329 907 40 40 4"
1387 905 91 54 plus
1500 904 116 54 petit.

384 981 177 39 Dessous
593 979 71 41 des
696 979 256 53 supérieures
971 977 276 53 ferrugineux.
1269 980 177 39 Dessous
1465 976 71 42 des
1554 977 65 39 in-

381 1051 194 41 férieures
589 1063 96 30 avec
704 1052 57 41 les
779 1051 155 41 bandes
950 1052 90 52 plus
1058 1052 141 40 claires
1215 1055 38 36 et
1267 1062 83 29 non
1368 1052 250 49 rougeâtres.

440 1125 121 40 Assez
591 1135 193 30 commun
808 1123 101 42 dans
932 1125 59 39 les
1011 1122 170 54 prairies
1201 1124 171 52 alpines,
1401 1120 212 54 Pyrénées,

383 1197 135 51 Alpes,
554 1195 265 50 Mont-Cenis,
848 1196 237 55 Dauphiné,
1116 1194 418 49 Villard-saint-Jean,
1568 1206 52 29 en

384 1272 115 36 août.

384 1363 93 39 Var.
498 1361 138 50 Pitho,
660 1363 78 39 lIb.

436 1456 138 41 Bande
614 1457 280 50 ferrugineuse
929 1456 71 41 des
1038 1456 253 54 supérieures
1337 1456 164 52 n'ayant
1538 1468 84 39 que

384 1528 106 41 deux
522 1528 140 41 taches
699 1529 24 40 à
752 1529 149 52 l'angle
939 1529 147 53 apical,
1125 1533 170 38 souvent
1325 1529 147 41 nulles.
1510 1529 113 43 Yeux

382 1601 91 52 plus
510 1602 144 51 petits,
686 1605 170 36 souvent
892 1613 83 28 non
1011 1602 189 52 pupillés.
1224 1600 262 41 -Inférieures
1526 1611 95 30 sans

389 1684 121 40 yeux.

442 1745 120 54 Alpes
581 1742 49 43 de
651 1745 37 40 la
705 1745 159 49 Savoie,
885 1747 98 39 Jura
997 1748 19 36 ?

384 1838 228 48 NEORIDAS,
635 1838 75 39 Bd.
734 1840 52 47 le,
809 1840 103 51 Dup.
937 1838 68 53 (pl.
1034 1841 61 48 15,
1118 1840 71 50 fig.
1211 1838 60 55 3).

440 1930 31 41 Il
484 1935 60 37 est
557 1944 193 29 commun
765 1932 101 41 dans
881 1933 58 40 les
959 1932 300 54 départements
1279 1933 49 50 le
1344 1934 152 49 l'Isère,
1513 1935 51 40 de
1583 1934 40 40 la

385 2005 148 39 Lozère
555 2008 38 36 et
612 2004 72 41 des
715 2005 303 52 Basses-Alpes,
1036 2007 190 40 environs
1246 2006 49 41 de
1318 2008 305 40 Barcelonnette

385 2080 39 36 et
443 2076 49 40 de
506 2076 170 48 Larche,
700 2077 226 52 Auvergne,
947 2075 145 56 Royat,
1115 2079 260 48 Gravenoire,
1399 2090 51 30 en
1471 2082 112 37 août.

386 2172 160 48 MEDEA,
564 2173 40 39 S.
626 2174 47 38 V.
696 2172 222 49 Blandina,
938 2174 44 39 F.
1003 2173 102 41 God.

438 2267 106 40 44m.
585 2267 108 40 Ailes
725 2267 98 41 d'un
852 2267 108 41 brun
990 2269 105 50 noir,
1132 2270 255 51 supérieures
1417 2281 97 30 avec
1541 2281 81 29 une

385 2338 132 41 bande
536 2340 280 50 ferrugineuse
835 2345 153 45 courte,
1012 2342 202 50 arrondie,
1247 2342 204 53 déprimée
1471 2355 53 29 au
1544 2344 80 40 mi-

385 2411 79 40 lieu
480 2411 70 40 des
571 2410 104 41 deux
690 2411 109 42 côtés
819 2412 177 51 (imitant
1009 2415 315 49 grossièrement
1336 2426 81 29 une
1430 2415 191 51 semelle),

386 2495 70 28 sur
484 2482 167 52 laquelle
651 2482 131 52 -sont
801 2489 143 46 quatre
972 2494 118 43 yeux,
1122 2485 100 41 dont
1250 2488 58 39 les
1328 2486 104 41 deux
1448 2488 176 51 apicaux

385 2555 92 53 plus
507 2566 93 40 gros
633 2559 38 36 et
707 2555 153 49 réunis,
897 2557 223 41 l'inférieur
1152 2557 114 49 isolé,
1295 2558 327 43 l'intermédiaire
