1788 2984
634 351 51 7 —
716 332 72 36 221
821 350 53 8 —

137 424 95 41 d'un
254 424 306 52 gris-verdâtre,
580 436 94 32 avec
688 427 36 40 le
744 426 143 52 disque
899 425 69 42 des
982 425 253 54 supérieures
1255 427 116 41 fauve

134 502 38 37 et
192 497 98 42 l'œil
311 498 53 40 du
384 498 142 41 dessus
543 500 132 39 moins
696 499 138 41 ocellé.
858 501 177 39 Dessous
1064 498 71 41 des
1175 498 193 42 inférieu-

134 581 65 30 res
225 571 90 52 plus
333 571 115 40 foncé
463 571 166 52 jusqu'à
647 572 39 39 la
703 573 106 49 ligne
825 571 186 41 médiane
1031 573 68 50 qui
1120 575 60 37 est
1201 571 142 41 dentée
1358 586 9 38 ;

134 653 82 30 une
237 643 183 40 éclaircie
440 643 235 41 blanchâtre
694 655 49 28 au
776 645 98 39 bout
896 644 49 41 de
965 645 37 39 la
1034 644 157 48 cellule,
1222 647 37 36 et
1290 655 81 28 une

136 714 102 41 série
258 714 49 42 de
323 716 142 51 petites
479 716 138 40 taches
632 716 244 51 légèrement
891 716 184 49 ocellées,
1092 717 165 49 brunes,
1278 727 93 30 sou-

134 792 94 38 vent
247 800 79 41 peu
347 788 209 41 sensibles.

200 865 35 56 9
264 866 232 49 semblable,
518 868 104 39 mais
641 879 56 27 un
717 879 75 41 peu
823 869 90 51 plus
936 868 168 51 grande.

192 944 179 41 Chenille
390 955 48 29 en
459 944 114 47 avril,
593 945 96 47 mai,
713 948 109 45 août,
847 945 241 52 septembre,
1112 956 69 28 sur
1206 944 54 40 les
1278 957 92 38 gra-

137 1015 166 41 minées.

194 1090 201 39 Commun
414 1092 162 49 partout
595 1093 38 36 et
653 1089 177 52 pendant
849 1092 112 38 toute
977 1090 39 40 la
1034 1090 103 40 belle
1157 1090 151 40 saison.

140 1193 91 39 Yar.
255 1192 157 52 Lyllus,
433 1193 96 52 Esp.
557 1191 103 41 God.

193 1292 122 42 Taille
333 1294 49 40 de
403 1294 251 52 Pamphilus,
676 1294 103 41 mais
793 1298 123 48 ayant
936 1295 38 40 la
994 1294 175 41 bordure
1189 1294 71 40 des
1278 1306 99 39 qua-

139 1369 60 37 tre
219 1367 99 40 ailes
336 1367 145 47 brune,
495 1370 39 36 et
552 1365 94 41 bien
666 1366 204 49 tranchée,
885 1368 113 51 point
1013 1367 126 51 apical
1158 1367 89 51 plus
1269 1378 107 36 gros,

139 1438 255 51 quelquefois
413 1450 80 28 une
514 1438 102 40 série
640 1438 47 40 de
706 1440 100 51 petit
825 1437 137 54 points
996 1439 130 39 bruns
1159 1450 78 28 aux
1272 1438 105 40 infé-

138 1510 168 40 rieures.
332 1512 176 39 Dessous
529 1510 98 40 d'un
648 1512 81 49 gris
748 1511 235 41 blanchâtre
1004 1522 52 28 ou
1072 1512 190 50 jaunâtre
1283 1522 95 29 avec

140 1585 40 41 la
199 1586 108 51 ligne
326 1586 187 41 médiane
534 1587 93 40 bien
648 1587 191 53 marquée
860 1598 77 29 aux
958 1587 254 49 inférieures,
1243 1588 136 51 points

138 1658 147 41 ocellés
300 1659 91 52 plus
405 1659 245 41 nombreux.

201 1735 35 55 Y
260 1737 234 48 semblable,
516 1738 103 39 mais
638 1737 92 52 plus
753 1736 152 51 grande
926 1741 38 37 et
985 1735 40 42 la
1046 1736 176 42 bordure
1244 1738 136 40 moins

137 1808 250 52 prononcée.

195 1882 152 40 France
386 1880 279 49 méridionale,
706 1883 218 47 Provence,
984 1883 190 39 environs
1228 1882 150 52 d'Hyè-

139 1965 79 37 res,
241 1956 96 48 etc.,
366 1955 226 49 Auvergne.
626 1955 60 40 En
706 1955 82 40 mai
811 1958 38 37 et
862 1956 150 51 juillet,
1035 1967 111 28 assez
1167 1967 209 29 commun.

141 2059 154 48 DAvus,
318 2056 46 41 L.
390 2056 99 41 God.

196 2163 98 40 35m.
327 2160 104 41 Ailes
464 2159 96 41 d'un
575 2161 286 52 jaune-fauve,
884 2160 254 52 quelquefois
1159 2161 193 40 brunâtre
1370 2175 10 36 ;

143 2233 254 53 supérieures
426 2233 90 52 plus
545 2233 145 40 claires
721 2245 70 29 sur
809 2234 36 40 le
867 2232 159 51 disque,
1050 2244 94 29 avec
1181 2245 54 27 un
1267 2233 116 52 point

144 2306 176 41 oculaire
348 2305 146 53 apical.
531 2305 243 42 Inférieures
795 2307 89 52 plus
916 2304 164 42 foncées
1101 2317 96 28 avec
1235 2317 55 28 un
1329 2317 51 28 ou

145 2377 105 41 deux
278 2389 104 41 yeux
413 2378 146 52 pareils
587 2378 91 52 près
700 2377 47 42 de
776 2378 147 51 l'angle
961 2379 106 38 anal.
1103 2379 177 40 Dessous
1313 2378 70 40 des

147 2449 255 53 supérieures
421 2451 131 48 fauve,
572 2462 95 29 avec
689 2451 145 50 l'angle
863 2451 129 52 apical
1025 2451 80 50 gris
1138 2454 38 37 et
1206 2449 105 42 deux
1331 2461 51 30 ou

148 2522 109 41 trois
273 2534 102 41 yeux
388 2522 189 54 précédés
597 2523 121 41 d'une
733 2524 107 50 ligne
852 2523 91 53 plus
958 2523 136 41 claire.
1114 2525 177 40 Dessous
1312 2522 71 41 des
