1764 2996
649 317 52 8 —
732 287 76 49 143
838 316 50 8 —

149 399 191 55 joignant
360 401 170 39 souvent
553 402 115 38 entre
687 409 75 29 eux
784 408 69 29 sur
870 397 38 40 le
928 395 156 53 disque.
1113 396 177 40 Dessous
1313 392 69 45 des

154 471 238 42 inférieures
410 471 206 50 brunâtre;
647 480 94 30 avec
763 469 69 41 des
852 481 104 40 yeux
978 469 110 40 noirs
1109 467 23 41 à
1149 468 71 39 iris
1240 468 117 40 blanc
1371 483 10 35 ;

157 542 117 42 tache
306 543 220 41 discoïdale
556 542 189 52 blanche,
769 541 161 41 lunules
962 541 139 41 fauves
1120 544 38 37 et
1176 540 97 40 base
1295 552 90 28 ver-

160 615 130 41 dâtre.-

213 698 27 44 9
277 699 128 40 brune
426 710 93 30 avec
532 711 81 28 une
626 699 139 40 lunule
782 697 220 43 discoïdale
1019 698 112 40 noire
1152 709 69 28 sur
1240 697 56 40 les
1316 710 71 27 su-

158 770 206 53 périeures
384 771 40 40 et
424 771 68 40 les
509 772 135 40 taches
659 771 166 41 ocellées
841 770 70 41 des
924 770 233 41 inférieures
1178 769 210 52 marquées

160 843 50 40 de
240 841 133 43 fauve.
402 844 176 39 Dessous
599 843 96 41 d'un
718 844 107 39 brun
853 855 117 37 roux,
991 843 91 52 plus
1113 843 60 40 vif
1189 854 77 28 aux
1290 842 101 41 infé-

160 914 152 40 rieures
332 924 94 30 avec
455 914 58 41 les
532 915 135 51 points
687 926 110 41 gros,
813 914 94 41 bien
925 913 148 42 cerclés
1104 913 48 41 de
1172 914 118 40 blanc
1306 928 10 37 ;
1352 914 38 39 la

162 985 146 51 rangée
327 986 211 40 terminale
558 987 190 51 marquée
770 988 48 41 de
845 989 117 39 fauve
981 999 78 28 aux
1080 988 253 52 supérieures
1353 990 38 36 et

165 1068 78 28 aux
253 1056 251 48 inférieures,
520 1068 55 28 un
588 1059 99 50 petit
704 1059 94 40 trait
811 1060 90 39 noir
921 1059 100 40 dans
1035 1058 39 40 la
1088 1059 116 40 tache
1221 1058 171 41 blanche

166 1127 219 41 discoïdale
405 1128 70 40 des
496 1127 250 42 inférieures.

221 1215 111 41 Cette
350 1216 139 52 espèce
508 1217 108 40 varie
635 1217 226 53 beaucoup,
889 1221 158 38 surtout
1069 1220 35 39 le
1130 1218 167 48 dessous
1327 1217 69 42 des

170 1286 189 42 femelles.

225 1373 179 41 Chenille
419 1385 49 29 en
482 1374 81 39 mai
583 1377 38 37 et
634 1372 89 54 juin
738 1386 68 28 sur
819 1375 57 40 les
894 1375 225 53 Trifolium,
1140 1375 132 49 Lotus,
1290 1376 109 51 Hip-

172 1449 204 50 pocrepis,
400 1451 75 36 etc.

226 1539 45 39 T.
304 1539 28 39 1.
353 1539 43 39 F.
428 1550 111 30 assez
568 1551 207 37 commun,
805 1540 102 40 mais
939 1539 178 41 localisé.
1150 1541 93 40 Bois
1269 1552 67 29 sec
1363 1543 38 37 et

172 1605 201 53 pierreux,
397 1610 165 36 souvent
587 1617 50 29 en
668 1606 127 50 grand
821 1606 167 41 nombre
1017 1619 68 28 sur
1115 1607 58 40 les
1200 1607 122 40 fleurs
1352 1606 49 40 de

174 1671 112 52 thym
308 1676 39 36 et
365 1671 47 41 de
430 1672 186 52 serpolet.

177 1772 76 41 AB.
275 1772 28 47 5
325 1772 264 53 Syngrapha,
611 1773 243 50 Keferstein,
875 1773 99 41 Bdv.
999 1773 73 51 (Pl.
1095 1776 40 49 6,
1158 1774 67 50 fig.
1248 1776 52 48 7).

231 1875 173 41 Femelle
424 1875 48 40 de
492 1876 38 39 la
550 1876 166 41 couleur
737 1876 51 40 du
811 1877 102 40 mâle
933 1888 94 30 avec
1046 1877 37 40 la
1114 1877 87 40 côte
1224 1888 179 41 saupou-

179 1944 92 42 drée
291 1945 49 41 de
358 1947 193 48 noirâtre,
574 1947 39 39 la
632 1947 174 41 bordure
838 1946 115 42 noire
973 1948 315 41 ordinairement
1314 1949 90 52 plus

177 2023 124 45 nette,
340 2020 134 39 mieux
505 2019 151 40 arrêtée
696 2032 77 39 que
811 2021 95 40 chez
927 2021 189 52 Corydon
1133 2035 11 38 ;
1176 2022 56 39 les
1266 2021 139 40 taches

178 2086 136 41 fauves
328 2086 91 52 plus
436 2086 110 40 vives
577 2090 38 36 et
634 2086 130 40 mieux
794 2089 279 39 circonscrites
1090 2102 10 38 ;
1123 2099 95 29 avec
1238 2087 35 41 le
1297 2092 107 48 type,

179 2157 102 40 mais
298 2158 90 52 plus
402 2168 102 29 rare.
526 2157 137 41 Juillet
684 2162 38 36 et
741 2162 110 37 août.

181 2252 209 50 DORYLAS,
410 2254 41 40 S.
476 2254 46 39 V.
542 2254 103 52 D'up.

235 2342 50 43 33
305 2351 41 31 m.
369 2344 109 40 Ailes
499 2343 97 41 d'un
615 2344 93 40 bleu
729 2345 132 41 d'azur
880 2357 110 30 assez
1016 2347 179 48 brillant,
1217 2359 94 29 avec
1328 2357 81 31 une

183 2414 122 53 petile
334 2413 175 42 bordure
538 2420 38 35 et
603 2416 234 41 l'extrémité
858 2418 69 40 des
947 2430 188 29 nervures
1155 2419 127 39 noire.
1309 2420 100 39 Des-

186 2499 95 30 sous
304 2487 70 41 des
401 2487 255 54 supérieures
675 2491 81 50 gris
776 2490 147 42 cendré
944 2502 94 30 avec
1055 2503 78 29 une
1155 2491 138 41 lunule
1314 2504 96 29 cen-
