1776 2996
679 323 51 6 —
758 299 74 41 211
866 322 53 7 —

181 400 89 48 uni,
283 411 96 29 avec
391 399 57 40 les
467 399 101 40 trois
588 399 129 50 lignes
738 397 99 41 dont
854 396 365 48 l'anté-terminale,
1242 396 163 50 double,

182 471 154 49 sinuée,
353 475 39 36 et
408 470 233 41 surmontée
656 470 48 40 de
716 471 62 39 six
796 481 103 44 yeux
917 480 173 41 presque
1110 470 203 50 contigus,
1335 481 75 28 en-

182 544 136 40 tourés
340 544 48 40 de
409 542 202 53 plusieurs
651 542 154 41 cercles
838 542 128 40 bruns
998 545 37 36 et
1067 540 209 54 jaunâtres
1314 541 99 41 dont

180 616 120 40 l'anal
320 616 161 40 double.

243 683 33 56 Y
306 685 91 51 plus
426 683 166 50 grande,
622 681 133 41 bande
789 681 70 41 des
892 680 257 54 supérieures
1184 681 227 41 s'étendant

180 769 71 27 sur
270 761 89 36 tout
379 758 37 39 le
442 756 158 50 disque.
633 757 113 38 Yeux
778 754 51 40 du
871 754 170 41 dessous
1073 754 70 41 des
1173 754 237 41 inférieures

179 828 92 52 plus
290 827 149 53 grands
458 832 38 36 et
513 829 91 51 plus
623 828 202 49 contigus.

235 901 180 39 Chenille
450 912 49 28 en
527 899 99 40 avril
656 903 39 36 et
715 900 93 50 juin
841 911 70 27 sur
947 899 58 39 les
1025 898 241 51 graminées.
1289 899 121 40 Assez

181 984 193 29 commun
395 972 101 40 dans
514 976 112 36 toute
656 972 38 38 la
715 972 44 38 F.
786 983 49 28 en
865 971 80 39 mai
981 974 38 37 et
1045 971 148 51 juillet,
1224 970 101 41 dans
1354 971 57 40 les

178 1045 107 41 lieux
307 1057 87 29 secs
414 1048 39 37 et
473 1044 147 40 arides.

179 1142 96 42 Var.
291 1140 183 42 Adrasta
508 1140 76 39 Hb.
608 1140 104 51 Dup.

235 1237 61 38 Un
318 1247 74 40 peu
414 1235 90 51 plus
525 1232 143 52 grand,
691 1232 97 40 d'un
808 1232 104 40 brun
930 1232 91 52 plus
1039 1231 117 41 foncé
1171 1235 38 36 et
1230 1232 183 40 envahis.

180 1311 91 37 sant
291 1310 89 37 tout
397 1307 38 39 le
454 1306 142 51 disque
615 1305 71 40 des
707 1304 267 53 supérieures.
1011 1304 138 40 Bande
1185 1305 116 39 fauve
1321 1304 90 52 plus

178 1380 101 47 vive,
298 1380 175 39 formant
492 1389 80 29 aux
591 1376 239 41 inférieures
852 1376 70 40 des
939 1376 139 40 taches
1097 1376 159 48 isolées,
1285 1380 38 36 et
1344 1388 67 28 or-

180 1451 265 40 dinairement
464 1462 51 27 au
529 1450 169 40 nombre
718 1448 49 40 de
783 1449 117 40 trois.
922 1449 178 39 Dessous
1121 1447 71 41 des
1212 1448 195 40 inférieu-

182 1534 62 29 res
266 1523 97 39 d'un
384 1523 81 50 gris
497 1534 55 28 un
581 1533 76 40 peu
697 1521 92 52 plus
825 1520 132 49 foncé,
992 1519 336 53 très-saupoudré
1359 1520 50 40 de

182 1596 193 40 brunâtre
398 1600 38 35 et
455 1595 56 40 de
511 1595 190 40 violâtre.

242 1666 34 56 9
305 1666 234 49 semblable,
561 1665 103 41 mais
681 1677 56 28 un
754 1676 77 41 peu
852 1665 92 51 plus
963 1664 104 52 pâle.

234 1740 111 40 Cette
363 1750 83 29 var.
478 1743 59 35 est
570 1750 77 40 peu
678 1736 282 53 remarquable
979 1739 39 37 et
1053 1748 41 28 se
1132 1735 98 41 fond
1258 1747 95 30 avec
1375 1737 36 39 le

180 1815 91 48 type
299 1821 73 41 par
403 1809 71 40 des
502 1808 203 40 individus
742 1806 335 41 intermédiaires.
1105 1808 60 39 On
1199 1808 37 39 la
1270 1810 141 38 trouve

178 1894 96 28 avec
295 1883 131 46 Mæra,
467 1880 103 40 mais
597 1880 74 40 elle
690 1883 60 36 est
768 1878 87 52 plus
874 1890 215 28 commune
1111 1879 100 40 dans
1231 1879 56 40 les
1314 1890 93 41 par-

180 1954 75 39 ties
275 1952 149 41 froides
441 1957 36 34 et
494 1956 277 36 montueuses.

183 2055 131 39 HIERA
336 2052 76 40 Hb.
432 2052 102 51 Dup.
559 2051 67 52 (pl.
650 2050 65 50 15,
737 2052 69 49 fig.
829 2054 54 47 6).

233 2146 129 40 Moins
382 2144 179 53 répandu
582 2155 79 41 que
688 2145 36 39 le
744 2144 231 52 précédent.
1002 2144 212 53 B.-Alpes,
1238 2143 170 49 Larche,

179 2230 45 28 en
242 2219 106 51 juin,
369 2216 220 53 Dauphiné,
614 2220 216 48 montagne
848 2218 163 47 d'Huez,
1034 2229 50 28 en
1099 2217 148 50 juillet.

181 2314 217 46 MEGAERA,
416 2312 46 38 L.
490 2309 102 40 Cod.

234 2405 92 39 40"',
352 2404 105 40 Ailes
478 2403 96 40 d'un
589 2404 126 51 jaune
732 2405 131 47 fauve,
885 2415 95 28 avec
998 2403 57 40 les
1069 2415 193 29 nervures
1282 2407 39 37 et
1341 2403 70 41 des

181 2476 127 52 lign'
329 2481 246 36 transverses
593 2476 166 49 brunes,
782 2476 253 53 supérieures
1056 2488 96 29 avec
1174 2488 76 30 une
1278 2476 134 42 bande
