1800 2996
697 344 42 6 -
770 323 70 37 191
878 342 49 7 —

187 426 168 52 plaines,
381 426 163 49 Vosges,
567 424 188 40 environs
770 421 187 52 d'Epinal
975 423 40 37 et
1034 420 50 40 de
1104 420 176 48 Colmar,
1303 422 114 43 Metz,

188 500 153 49 Nancy,
359 499 110 45 Jura,
489 496 240 45 Pontarlier,
754 494 279 52 département
1053 491 48 41 de
1121 490 157 50 l'Aube,
1302 492 116 40 colli-

186 581 71 28 nes
276 570 92 51 près
387 569 49 40 de
454 568 315 40 Bar-sur-Seine
786 570 39 36 et
845 565 304 52 probablement
1178 564 100 40 dans
1299 564 120 40 d'au-

185 645 82 36 tres
287 640 195 48 localités,
502 640 103 39 mais
625 650 105 28 nous
754 649 52 28 ne
826 637 152 40 l'avons
994 637 150 51 jamais
1159 636 139 40 trouvé
1328 637 91 51 plus

188 713 89 51 près
297 712 48 40 de
367 713 124 39 Paris.
516 710 73 40 Mai
606 715 38 36 et
657 711 106 50 juin.

188 803 174 46 PIRENE,
380 799 92 53 Esp.
492 800 167 51 Stygne,
681 799 100 40 Och.
800 797 101 41 God.

242 890 49 38 42
303 897 40 30 m.
378 889 106 38 Ailes
505 887 96 40 d'un
621 887 105 40 brun
747 887 89 51 plus
856 887 91 39 noir
973 897 78 39 que
1071 885 180 48 Medusa,
1273 896 146 30 arron-

187 960 100 46 dies,
311 972 93 27 avec
425 971 79 28 une
531 959 131 40 bande
683 959 276 49 ferrugineuse
979 969 70 28 sur
1075 957 58 39 les
1165 957 256 52 supérieures

186 1031 115 41 sinué
310 1044 14 27 j
340 1031 347 47 extérieurement,
705 1030 142 40 dentée
860 1029 347 50 intérieurement,
1222 1029 122 40 ornée
1371 1029 50 41 de

186 1104 99 40 trois
309 1115 101 40 yeux
430 1104 110 39 noirs
561 1105 23 38 à
603 1103 150 53 pupille
773 1102 186 50 blanche,
982 1101 101 41 dont
1102 1101 58 40 les
1181 1101 104 41 deux
1304 1101 116 41 anté-

185 1182 130 38 rieurs
337 1179 155 49 réunis,
516 1184 37 36 et
578 1180 36 40 le
636 1179 160 40 dernier
815 1178 113 41 isolé.
962 1180 177 39 Souvent
1160 1177 106 41 deux
1285 1182 136 37 autres

186 1252 91 52 plus
296 1253 135 52 petits,
462 1253 85 39 l'un
582 1252 129 52 apical
742 1251 143 40 l'autre
905 1250 315 49 intermédiaire,
1252 1255 171 36 souvent

187 1335 94 29 sans
295 1325 164 51 pupille.
484 1323 240 41 Inférieures
739 1335 95 28 avec
848 1335 80 28 une
946 1322 134 41 bande
1099 1321 221 42 maculaire
1339 1323 83 40 fer-

192 1397 235 49 rugineuse,
447 1395 191 52 marquée
671 1395 50 40 de
756 1396 99 39 trois
883 1396 24 39 à
934 1395 93 50 cinq
1056 1406 118 40 yeux,
1205 1394 100 40 dont
1323 1396 100 40 trois

189 1470 185 49 toujours
393 1467 91 52 plus
518 1466 180 49 visibles,
721 1467 58 40 les
814 1466 105 41 deux
949 1470 136 37 autres
1111 1471 171 36 souvent
1312 1466 108 41 nuls.

189 1541 177 38 Dessous
397 1539 70 39 des
507 1539 230 52 supérieurs
775 1550 51 29 ne
858 1538 283 53 reproduisant
1168 1539 149 51 jamais
1346 1551 78 39 que

188 1616 100 39 trois
316 1627 128 40 yeux.
475 1616 83 39 lors
595 1618 129 37 même
753 1615 97 51 qu'il
882 1628 24 38 y
936 1626 50 29 en
1012 1627 24 28 a
1064 1616 93 50 cinq
1185 1627 50 28 en
1264 1614 159 43 dessus.

191 1693 173 38 Dessous
384 1689 69 40 des
474 1690 235 40 inférieures
730 1701 95 28 avec
841 1701 79 28 une
941 1688 131 41 bande
1086 1691 340 49 antc-marginale

190 1775 56 27 un
264 1775 78 40 peu
362 1763 91 51 plus
472 1762 120 40 claire
627 1767 39 34 et
691 1763 24 38 à
737 1762 117 51 peine
888 1761 191 47 sensible,
1109 1773 96 29 avec
1234 1763 59 39 les
1321 1774 103 41 yeux

191 1836 54 40 du
265 1834 157 49 dessus,
441 1835 103 39 mais
562 1836 91 50 plus
682 1835 122 51 petits
825 1838 39 35 et
888 1834 321 41 ordinairement
1228 1847 95 29 sans
1352 1837 72 39 iris

191 1908 272 49 ferrugineux.

245 1980 27 44 9
302 1980 96 39 Plus
435 1984 137 42 terne,
610 1989 94 29 avec
745 1975 89 55 les'
834 1975 108 55 yeux
975 1979 139 40 mieux
1150 1981 190 50 marqués
1379 1992 51 29 en

192 2052 144 40 dessus
356 2055 39 36 et
414 2062 101 29 ceux
535 2049 244 42 accidentels
799 2050 254 51 quelquefois
1074 2050 50 41 de
1145 2054 131 38 même
1306 2064 124 39 gran-

194 2125 99 40 deur
319 2135 78 40 que
428 2123 59 40 les
507 2126 149 37 autres.
692 2123 176 40 Dessous
903 2122 71 40 des
1006 2123 240 41 inférieures
1277 2135 95 29 avec
1392 2126 39 39 la

195 2196 131 41 bande
344 2197 91 52 plus
451 2196 157 47 visible,
629 2198 40 37 et
688 2195 38 40 le
747 2194 99 41 fond
865 2194 230 53 saupoudré
1115 2195 49 41 de
1182 2197 98 50 gris.

249 2270 201 39 Commun
484 2268 102 39 dans
622 2267 59 41 les
716 2270 266 47 montagnes,
1019 2267 201 52 Pyrénées
1239 2300 9 18 ,
1283 2270 145 53 Alpes,

200 2340 299 53 Basses-Alpes,
516 2341 168 49 Vosges,
704 2339 229 53 Auvergne,
957 2351 50 28 en
1022 2340 147 53 juillet.

199 2433 138 47 Evias,
361 2430 205 41 Lefebvre.
586 2432 105 52 Dup.

254 2522 93 41 4o,n.
378 2521 107 42 Ailes
510 2521 153 46 brunes
700 2522 187 49 entières,
917 2534 93 30 avec
1038 2534 80 30 une
1137 2521 132 43 bande
1300 2524 132 41 ferru-
