1716 3008
676 356 48 5 —
756 328 50 45 ï>3
837 351 48 10 -

225 434 84 42 Une
339 435 107 50 ligne
481 446 51 29 ou
561 434 132 40 bande
738 438 59 36 est
829 433 295 52 longitudinale
1164 434 33 39 si
1233 431 73 43 elle
1336 436 60 38 est

170 508 185 52 parallèle
387 519 77 28 aux
495 518 191 28 nervures
704 520 10 38 ;
753 509 232 37 transverse
1011 506 33 39 si
1078 505 74 40 elle
1181 506 55 40 les
1269 507 129 39 croise

171 582 24 39 à
219 592 76 41 peu
323 580 90 52 près
432 579 24 39 à
475 579 117 50 angle
613 578 127 52 droit;
772 579 152 51 oblique
948 578 100 39 dans
1079 578 58 40 les
1157 582 135 35 autres
1312 590 83 29 cas.

171 655 55 38 La
246 653 126 40 forme
393 651 136 40 oculée
550 654 61 36 est
634 651 32 39 si
687 662 212 29 commune
919 661 78 29 aux
1017 650 151 49 taches,
1196 661 77 40 que
1293 662 103 28 nous

169 725 150 40 devons
358 736 49 28 en
445 722 187 52 indiquer
672 723 57 40 les
764 723 152 52 parties
939 754 9 18 ,
987 723 70 50 qui
1095 726 92 36 sont
1228 726 167 36 souvent

168 796 249 42 confondues
450 807 72 41 par
551 794 59 42 les
643 798 204 38 amateurs
879 798 38 37 et
947 797 130 38 même
1103 806 72 41 par
1200 795 194 51 quelques

166 873 178 37 auteurs.

221 942 31 39 Il
270 940 108 41 suffit
394 940 147 52 qu'une
559 939 117 42 tache
694 940 77 39 soit
791 938 188 41 arrondie
999 944 40 36 et
1058 943 114 49 porte
1190 951 49 28 au
1257 938 136 42 milieu

164 1026 57 28 un
252 1012 114 53 point
394 1013 48 39 de
471 1013 164 40 couleur
663 1011 208 41 différente
897 1023 102 41 pour
1031 1013 176 39 recevoir
1233 1013 35 39 le
1300 1025 94 28 nom

165 1087 120 41 à'œil.
331 1086 51 41 Le
426 1087 114 52 point
586 1086 191 53 s'appelle
827 1087 106 39 alors
961 1087 173 53 pupille,
1169 1087 58 53 (a)
1248 1087 36 41 le
1304 1100 91 29 cer-

475 1250 64 36 Fig.
558 1252 27 27 9.

164 1577 58 41 cle
263 1576 68 51 qui
359 1576 195 40 l'entoure
582 1573 182 54 prunelle
805 1571 72 53 (b);
910 1572 124 49 enfin,
1063 1572 34 39 si
1128 1571 39 40 la
1215 1572 181 52 prunelle

163 1653 61 36 est
250 1649 229 39 elle-même
508 1647 191 41 entourée
731 1645 96 40 d'un
855 1645 128 40 cercle
1004 1656 201 37 nouveau,
1229 1645 168 40 celui-ci

164 1732 41 29 se
224 1732 162 28 nomme
405 1723 72 36 iris
499 1721 46 48 (c)
562 1733 10 37 ;
595 1717 114 54 passé
728 1729 45 28 ce
792 1715 188 51 nombre,
1002 1716 59 40 les
1080 1720 135 36 autres
1237 1717 159 40 dessins

162 1796 235 36 entourants
417 1792 235 51 s'appellent
673 1790 255 51 simplement
946 1788 144 40 cercles
1110 1788 66 51 (d).

217 1865 61 39 On
299 1864 146 40 entend
466 1875 72 40 par
557 1863 151 48 lunule,
726 1865 111 37 toute
855 1861 116 40 tache
987 1873 48 28 en
1057 1859 127 42 forme
1204 1861 49 40 de
1271 1862 123 39 crois-

164 1941 112 47 sant;
310 1949 47 27 ce
390 1940 125 36 terme
547 1947 49 28 en
624 1935 270 49 entomologie
926 1938 60 36 est
1022 1945 55 28 un
1114 1933 48 41 de
1192 1946 102 28 ceux
1323 1935 70 49 qui

161 2010 204 49 reçoivent
378 2008 37 40 le
432 2008 91 52 plus
540 2007 266 41 d'extension.
825 2007 30 39 Il
870 2006 143 40 faudra
1028 2018 50 28 en
1092 2007 107 39 tenir
1212 2011 177 48 compte.

161 2084 135 49 Enfin,
324 2095 81 28 une
436 2083 105 50 règle
570 2084 23 38 à
630 2095 76 40 peu
744 2083 90 52 près
867 2082 187 53 générale
1088 2087 60 36 est
1185 2083 158 41 celle-ci
1378 2100 11 12 -

160 2157 75 40 Les
260 2156 154 40 dessins
434 2159 139 36 autres
593 2167 75 40 que
696 2156 54 38 les
778 2155 151 39 bandes
952 2158 251 38 transverses
1222 2168 49 27 ne
1298 2161 93 37 sont

160 2232 115 49 point
301 2228 144 52 coupés
459 2240 83 40 par
571 2229 55 39 les
645 2239 194 29 nervures
865 2231 40 36 et
923 2230 197 50 occupent
1141 2227 55 40 les
1225 2240 159 41 espaces

161 2305 389 46 inter-nervuraux,
572 2301 229 41 l'abdomen
827 2305 61 37 est
916 2313 50 29 en
1000 2302 112 39 ovale
1139 2301 174 51 allongé,
1337 2314 51 28 ou

159 2385 171 42 presque
362 2374 250 52 cylindrique
641 2374 101 40 dans
768 2374 39 39 la
838 2373 183 52 majorité
1055 2373 68 41 des
1150 2374 180 52 espèces,
1362 2376 27 38 il

161 2450 60 37 est
239 2446 189 53 composé
448 2447 118 40 d'une
586 2447 102 41 suite
708 2446 229 40 d'anneaux
963 2457 156 29 comme
1150 2447 39 39 la
1212 2446 173 42 chenille

161 2522 39 39 et
230 2519 37 42 la
296 2518 238 56 chrysalide.
556 2520 33 41 A
615 2531 75 31 son
716 2518 209 43 extrémité
954 2519 26 42 il
1008 2518 99 44 offre
1139 2531 80 30 une
1240 2531 150 31 ouver-
