1740 3008
643 357 52 9 -
724 336 50 40 73
805 358 48 5 —

1162 2604 23 39 5

196 436 74 43 Les
292 438 165 41 Cidaria
480 441 230 50 psillacala
730 442 38 37 et
788 440 127 37 miala
936 438 234 49 (coraciara)
1191 437 178 41 éclosent

142 523 88 28 vers
251 511 35 39 le
323 514 48 36 10
404 510 176 41 octobre.
605 511 62 39 On
688 511 58 39 les
779 514 140 35 trouve
940 508 48 41 de
1008 512 130 48 temps
1170 521 46 28 en
1238 512 132 50 temps

143 583 101 40 dans
265 584 56 39 les
339 583 88 39 bois
447 587 104 36 verts
571 597 9 37 ;
609 594 103 29 nous
744 583 56 39 les
820 592 123 30 avons
962 580 128 52 prises
1111 579 257 52 quelquefois

144 666 68 28 sur
240 655 37 39 le
310 658 114 37 tronc
445 654 70 40 des
534 655 89 51 pins
643 655 70 51 qui
744 653 174 41 bordent
945 652 197 41 certaines
1162 652 122 41 allées
1315 652 55 41 du

140 726 90 41 bois
252 726 48 40 de
320 726 219 50 Boulogne.

197 799 108 38 Dans
319 798 58 40 les
398 798 194 51 premiers
605 799 116 51 jours
742 796 52 41 du
809 797 104 40 mois
933 795 203 42 d'octobre
1155 807 80 29 une
1255 795 115 41 char-

142 873 137 37 mante
314 870 222 50 Phalénite,
572 870 38 39 la
639 869 135 41 Collix
806 871 202 50 sparsaia,
1044 868 88 41 vole
1165 879 49 29 en
1246 868 126 41 abon-

143 941 126 41 dance
291 954 68 28 sur
379 942 34 40 le
443 944 116 48 genêt
579 942 22 39 à
623 941 122 49 balai,
772 941 101 40 dans
900 941 57 39 les
984 940 88 40 bois
1101 940 267 41 sablonneux.

144 1015 110 39 Nous
282 1014 37 39 la
348 1014 189 52 prenions
557 1025 48 28 en
628 1012 146 52 grande
796 1011 181 53 quantité
1009 1023 52 29 au
1081 1011 89 41 bois
1191 1011 49 41 de
1259 1014 109 39 Bou-

142 1088 132 51 logne,
297 1087 97 40 dans
414 1088 57 40 les
498 1087 186 41 environs
704 1087 53 40 du
785 1087 118 41 Rond
923 1088 247 48 Mortemart,
1193 1087 100 41 dans
1313 1088 58 41 les

143 1160 199 40 clairières
375 1163 22 36 à
428 1159 127 40 droite
589 1158 49 42 de
672 1159 127 41 l'allée
824 1159 188 50 Molière,
1049 1163 111 38 entre
1192 1160 38 40 la
1257 1164 114 48 porte

144 1233 198 39 d'Auteuil
362 1236 38 36 et
421 1232 38 40 la
474 1236 115 48 porte
609 1232 69 40 des
694 1233 180 39 Princes.

198 1306 106 38 Dans
328 1306 56 38 les
414 1304 180 41 derniers
607 1305 117 51 jours
747 1303 219 50 d'octobre,
992 1304 38 40 la
1050 1304 194 41 Larentia
1263 1304 88 40 dilu

146 1377 106 41 taria
287 1389 41 28 se
353 1380 156 37 montre
542 1388 50 28 en
613 1375 148 51 grande
793 1376 234 41 abondance
1056 1376 102 41 dans
1190 1380 91 37 tous
1313 1377 58 39 les

144 1450 120 39 taillis
285 1449 47 40 de
354 1450 159 38 chênes.
537 1448 325 40 L'Autumnaria
881 1448 105 41 n'est
1014 1459 72 40 pas
1106 1459 88 29 rare
1213 1449 23 39 à
1261 1450 109 39 Fon-

143 1520 240 49 tainebleau,
407 1520 74 40 elle
499 1519 135 41 habite
665 1531 172 41 presque
866 1519 312 41 exclusivement
1198 1521 35 39 le
1255 1525 116 37 tronc

144 1593 69 41 des
242 1593 215 41 bouleaux.

196 1669 32 36 A
244 1670 100 36 cette
363 1665 165 53 époque,
550 1665 34 39 si
604 1665 36 40 le
659 1668 131 49 temps
813 1669 59 36 est
890 1664 118 50 beau,
1027 1663 27 42 il
1074 1664 86 41 faut
1175 1665 195 47 chercher

143 1738 36 40 le
197 1738 184 51 Bombyx
400 1738 167 39 dumeti.
591 1738 111 39 Cette
734 1737 152 52 espèce,
912 1738 109 39 aussi
1041 1748 88 29 rare
1150 1749 78 40 que
1249 1738 118 51 belle,

144 1814 59 36 est
221 1808 262 42 très-difficile
511 1810 24 39 à
562 1808 187 53 prendre.
775 1811 53 37 Le
848 1810 104 39 mâle
970 1808 89 41 vole
1078 1821 50 29 en
1148 1810 107 52 plein
1273 1811 97 51 jour

147 1883 138 51 depuis
311 1882 45 39 10
386 1882 144 39 heures
545 1881 164 52 jusqu'à
732 1885 17 35 1
774 1881 124 41 heure
926 1893 94 29 avec
1039 1893 80 29 une
1146 1882 91 40 telle
1257 1884 110 51 rapi-

147 1955 80 40 dité
246 1955 97 51 qu'il
363 1958 59 35 est
451 1965 169 41 presque
640 1953 232 52 impossible
900 1953 48 41 de
975 1954 36 39 le
1040 1954 131 41 saisir.
1196 1956 54 38 Le
1281 1954 88 41 bois

147 2028 49 40 de
222 2027 202 51 Boulogne
453 2026 110 47 était,
592 2037 78 28 aux
698 2026 187 40 environs
913 2025 49 41 de
991 2027 128 51 Paris,
1141 2027 38 38 la
1210 2026 159 41 localité

147 2101 52 40 où
219 2099 81 40 l'on
324 2099 106 40 avait
456 2098 36 40 le
515 2098 90 51 plus
626 2096 50 41 de
703 2098 148 40 chance
872 2096 48 41 de
948 2098 36 40 le
1002 2102 244 37 rencontrer.
1270 2099 99 40 Mais

147 2172 27 39 il
193 2170 135 41 habite
355 2170 109 40 aussi
486 2181 170 40 presque
686 2173 90 36 tous
803 2169 58 40 les
890 2169 89 40 bois
1012 2169 71 40 des
1112 2170 187 39 environs
1321 2168 48 41 de

147 2244 111 39 Paris
274 2257 10 38 -,
307 2243 39 39 la
364 2242 156 40 femelle
539 2248 102 33 reste
660 2240 145 42 cachée
821 2240 179 53 pendant
1020 2242 36 39 le
1071 2242 97 51 jour
1186 2240 102 42 dans
1307 2241 60 42 les

146 2315 143 41 herbes
308 2319 38 36 et
363 2315 57 40 les
439 2314 276 41 broussailles.

200 2386 76 42 Les
289 2387 118 40 Polia
428 2386 63 39 chi
505 2388 38 37 et
555 2384 235 51 flavicincta
804 2384 177 42 éclosent
1000 2385 23 40 à
1037 2385 39 39 la
1089 2384 56 40 fin
1164 2384 204 42 d'octobre

147 2466 39 36 et
202 2460 98 40 dans
318 2459 36 40 le
373 2463 344 36 commencement
745 2457 50 40 de
813 2457 230 42 novembre.
1069 2458 62 40 On
1152 2458 57 40 les
1229 2462 141 37 trouve

146 2536 168 40 souvent
331 2543 69 31 sur
417 2531 37 42 le
474 2534 113 39 tronc
608 2530 69 42 des
697 2528 138 43 arbres
855 2529 67 54 qui
943 2529 169 43 bordent
1138 2530 58 41 les
1218 2534 154 39 routes.
