1788 2996
672 300 52 8 —
752 276 72 43 201
860 299 51 9 —

169 375 133 60 longe,
324 387 122 48 ayant
463 377 38 47 la
524 394 171 30 nervure
726 382 149 42 costale
893 381 276 53 longuement,
1192 378 102 46 mais
1324 378 78 46 fai-

172 456 178 41 blement
362 454 162 50 dilatée,
545 455 40 40 la
606 454 183 42 médiane
803 467 56 29 un
875 467 76 41 peu
966 455 91 52 plus
1076 455 154 53 épaisse
1250 468 78 41 que
1343 455 60 42 les

171 534 148 35 autres.
341 528 155 51 Frange
520 527 265 53 entrecoupée
806 527 50 41 de
874 528 81 50 gris
976 530 39 37 et
1037 527 49 41 de
1112 527 120 41 brun.
1254 529 148 40 Toutes

167 601 59 41 les
241 600 159 53 espèces
423 603 92 38 sont
529 599 98 40 d'un
642 600 81 50 gris
751 600 116 40 fauve
889 598 119 42 livide
1028 603 38 37 et
1086 610 158 30 comme
1264 598 132 42 étiolé.

221 673 203 41 Chenilles
443 676 39 36 et
500 671 250 53 chrysalides
770 672 239 41 inconnues.

222 746 54 40 Ce
292 756 121 41 genre
432 747 61 38 est
518 755 145 42 propre
682 754 77 30 aux
777 743 160 51 régions
963 743 173 53 polaires
1156 746 38 37 et
1214 754 77 30 aux
1311 743 88 53 pla-

168 824 116 35 teaux
303 818 59 41 les
381 817 90 53 plus
490 815 130 42 élevés
640 815 70 41 des
731 815 136 54 Alpes,
885 816 117 53 (Dup.
1025 816 73 40 Cat
1119 820 8 44 )

220 891 85 40 Une
324 890 109 41 seule
451 900 43 30 se
513 892 140 37 trouve
673 900 50 29 en
744 888 167 49 France,
934 888 98 41 c'est
1050 904 8 24 :

164 987 161 48 ÁELLO,
342 985 96 52 Esp.
456 983 102 53 Dup.
581 983 69 53 (pl.
672 982 40 50 5,
736 981 68 53 fig.
822 985 63 47 5)..

216 1083 119 53 Alpes
372 1081 50 41 de
453 1081 39 41 la
539 1081 169 49 Savoie,
748 1079 244 53 Chamouny
1023 1083 40 38 et
1090 1080 305 53 probablement

161 1153 298 54 Basses-Alpes,
482 1163 70 31 car
585 1151 54 42 M.
660 1152 202 41 Guilemot
890 1163 51 29 en
970 1162 25 29 a
1013 1163 54 29 vu
1086 1151 110 41 voler
1219 1163 57 29 un
1296 1152 98 51 qu'il

160 1228 70 42 n'a
261 1239 57 42 pu
347 1226 119 41 saisir
499 1236 81 29 aux
606 1222 189 43 environs
829 1221 51 43 de
910 1223 335 49 Barcelonnette,
1281 1224 112 40 Cette

160 1300 142 55 espèce
321 1310 51 30 ne
391 1310 43 30 se
451 1300 214 39 rencontre
685 1308 77 41 que
782 1308 70 29 sur
873 1296 59 41 les
954 1299 237 49 montagnes
1215 1296 58 40 les
1301 1297 91 51 plus

158 1371 168 51 élevées,
342 1370 213 42 au-dessus
575 1369 48 42 de
641 1369 40 41 la
701 1368 139 52 région
861 1368 71 41 des
952 1368 138 41 forêts.
1113 1369 120 39 Assez
1246 1367 143 54 répan-

159 1443 80 44 due
259 1443 101 43 dans
376 1443 59 41 les
455 1442 248 42 collections.

495 1596 118 36 Genre
637 1594 215 43 SATYRUS,
876 1595 37 35 F.
939 1593 88 37 Bdv.

583 1687 237 41 (RUPICOLES,
842 1686 114 41 Dup.).

203 1820 206 42 Anteanes
428 1818 134 40 moins
583 1817 169 51 longues
771 1828 79 40 que
870 1816 37 41 le
926 1828 136 41 corps,
1094 1816 24 41 à
1150 1826 161 31 massue
1332 1814 50 43 de

151 1891 178 41 diverses
347 1889 167 42 formes.
531 1889 146 53 Palpes
695 1887 176 42 hérissés
887 1887 49 43 de
955 1887 105 55 poils
1079 1888 147 50 raides,
1251 1888 131 41 serrés

149 1964 24 40 à
190 1963 90 41 leur
295 1962 118 52 base;
438 1962 37 40 le
503 1960 161 42 dernier
694 1960 141 42 article
867 1960 234 50 très-court,
1136 1958 174 54 conique
1341 1963 39 38 et

148 2035 91 53 plus
258 2047 53 28 ou
331 2035 132 40 moins
482 2035 111 49 aigu.
616 2032 110 42 Ailes
745 2031 209 43 arrondies
969 2046 11 38 ;
1002 2033 240 40 inférieures
1262 2044 117 41 pres-

147 2120 77 40 que
245 2109 183 51 toujours
447 2106 178 41 dentées.
644 2106 199 40 Nervures
855 2103 151 42 costale
1024 2109 39 36 et
1081 2103 186 42 médiane
1286 2105 95 49 éga-

144 2181 151 39 lement
312 2177 279 42 très-renflées
623 2178 25 40 à
675 2177 87 40 leur
790 2177 172 51 origine,
1000 2180 196 37 antennes
1222 2177 23 40 à
1276 2177 102 51 tiges

146 2252 143 50 grêles,
311 2251 24 40 à
351 2261 164 30 massue
535 2261 50 30 en
617 2249 172 49 bouton,
819 2248 92 53 plus
939 2259 56 30 ou
1020 2248 135 41 moins
1187 2248 189 51 courbes,

145 2334 104 41 yeux
269 2320 177 53 glabres.

198 2394 201 41 Chenilles
425 2393 172 50 glabres,
639 2393 24 39 à
694 2395 80 37 tète
807 2391 232 54 sphérique,
1077 2392 24 39 à
1126 2403 117 42 corps
1271 2393 105 39 très-

144 2477 94 40 gros
258 2469 38 37 et
321 2465 93 53 rayé
432 2462 428 55 longitudinalement;
881 2474 43 29 se
944 2467 190 37 creusant
1152 2475 80 29 une
1251 2465 123 52 petite
