1740 2996
633 313 51 8 —
712 293 51 38 37
793 313 52 6 —

1190 2569 22 37 5

132 391 102 41 mais
250 402 102 42 pour
370 403 78 41 peu
466 403 77 40 que
565 391 81 42 l'on
676 404 41 29 se
734 393 215 52 promène,
972 393 36 40 le
1028 392 81 41 filet
1130 394 23 39 à
1170 393 38 40 la
1234 394 128 48 main,

132 463 99 41 dans
249 464 57 40 les
331 464 119 41 allées
471 477 52 27 ou
544 464 101 41 dans
669 465 58 40 les
758 465 201 41 clairières
984 465 190 53 peuplées
1194 466 48 40 de
1258 466 105 41 bou-

131 537 132 49 leaux,
285 549 52 29 on
348 541 61 38 est
421 541 68 37 sûr
508 537 48 41 de
575 539 89 40 voir
676 539 109 40 voler
799 537 38 41 la
849 538 183 52 Brephos
1047 538 253 52 parthenias.
1321 539 42 40 Si

131 609 82 40 l'on
232 608 115 42 visite
367 610 36 40 le
420 613 116 38 tronc
552 609 69 42 des
645 611 139 40 arbres
804 611 70 51 qui
889 611 172 40 bordent
1081 611 57 40 les
1158 609 120 42 allées
1293 611 72 40 des

129 682 88 40 bois
238 681 48 41 de
310 682 222 52 Boulogne,
550 682 48 40 de
611 681 244 54 Vincennes,
870 686 95 46 etc.,
984 695 52 29 on
1056 696 25 39 y
1101 686 189 38 trouvera
1306 683 59 40 les

131 752 300 54 Cymatophora
456 754 248 51 flavicornis,
738 756 282 53 Xylocampha
1044 755 206 51 lilorhiza,
1277 756 87 41 Lu-

123 828 151 49 perina
295 828 308 51 conspicillaris,
638 829 150 51 Nyssia
819 828 243 53 hispidaria,
1091 829 275 53 Amphydasis

124 898 307 52 prodromaria,
449 904 37 36 et
501 900 255 51 quelquefois
773 901 125 48 aussi,
914 902 105 39 mais
1045 901 320 53 très-rarement,

128 970 56 41 les
201 971 152 52 Xylina
367 972 297 49 semibrunnea,
681 974 112 47 Haw,
816 973 191 50 (oculata,
1024 974 338 52 Germpétrifi-

128 1046 107 47 cata,
258 1043 140 54 Dup.).
423 1043 51 42 Le
503 1049 354 37 commencement
889 1046 53 40 du
975 1048 130 39 même
1140 1047 107 40 mois
1282 1048 84 40 voit

128 1116 129 40 éclore
279 1116 221 40 l'Orthosia
515 1117 196 53 populeti,
732 1119 70 50 qui
817 1130 43 29 se
874 1129 141 42 repose
1033 1118 243 41 d'ordinaire
1297 1131 71 28 sur

128 1187 36 41 le
186 1191 115 37 tronc
334 1188 69 41 des
424 1190 216 51 peupliers.
677 1191 98 39 Vers
807 1190 36 40 le
879 1190 50 40 20
958 1202 125 38 mars,
1116 1191 252 40 YEndromis

129 1261 218 39 versiculor
364 1260 89 42 vole
473 1273 95 30 avec
587 1274 82 28 une
685 1262 150 51 grande
855 1262 169 53 rapidité
1051 1263 100 40 dans
1167 1264 57 40 les
1244 1263 122 41 allées

129 1331 72 42 des
222 1332 87 42 bois
338 1335 53 39 où
421 1335 27 39 il
468 1347 24 39 y
511 1346 23 28 a
568 1335 70 40 des
659 1335 246 52 plantations
935 1335 48 41 de
1013 1336 217 41 bouleaux.
1255 1338 111 39 Nous

129 1403 153 42 l'avons
319 1406 81 51 pris
437 1410 193 46 souvent,
676 1407 100 41 dans
805 1407 57 40 les
891 1407 92 41 bois
1014 1407 49 41 de
1092 1409 191 49 Clamart,
1314 1421 52 29 au

129 1476 207 40 carrefour
370 1476 47 41 de
438 1477 38 40 la
499 1479 122 51 petite
650 1479 164 48 Plaine,
837 1482 111 37 entre
967 1483 25 37 9
1012 1484 38 35 et
1072 1479 45 40 11
1141 1480 146 40 heures
1311 1480 54 41 du

128 1548 141 48 matin,
291 1551 39 38 et
350 1548 202 53 plusieurs
574 1551 79 40 fois
671 1551 110 40 aussi
799 1551 100 40 dans
920 1552 58 39 les
993 1552 122 40 forêts
1134 1552 49 40 de
1202 1551 159 54 Bondy,

131 1619 48 40 de
203 1621 239 50 Vincennes,
470 1625 76 38 etc.
582 1624 42 39 Si
644 1622 81 41 l'on
746 1623 137 52 frappe
902 1622 60 42 les
981 1624 121 40 taillis
1129 1624 24 41 à
1171 1624 117 41 l'aide
1308 1625 54 40 du

129 1693 165 48 maillet,
332 1705 54 29 on
406 1698 187 38 trouvera
613 1726 10 17 ,
646 1695 101 41 dans
776 1698 92 37 tous
888 1696 57 39 les
964 1695 104 49 bois,
1090 1696 57 40 les
1169 1697 193 40 Orthosia

128 1766 187 48 miniosa,
356 1766 128 40 cruda
517 1765 253 54 (ambigua),
804 1767 170 49 munda,
1011 1771 75 37 etc.
1128 1768 120 40 Enfin
1281 1781 80 28 une

129 1836 235 42 charmante
380 1838 206 42 Phalénite
603 1839 105 40 éclot
727 1839 100 40 dans
845 1840 56 39 les
917 1839 180 41 derniers
1113 1840 117 53 jours
1251 1840 48 41 de
1315 1853 45 28 ce

130 1909 119 49 mois,
272 1910 39 39 la
339 1911 148 52 Nyssia
505 1914 185 37 zonaria.
715 1912 85 40 Elle
820 1912 133 40 habite
974 1913 58 40 les
1045 1913 91 52 prés
1152 1912 204 50 humides,

128 1984 158 37 surtout
318 1994 101 28 ceux
447 1985 69 49 qui
556 1983 172 41 bordent
756 1984 38 40 la
823 1985 117 40 Seine
961 1984 55 41 du
1049 1985 89 41 côté
1173 1986 48 40 de
1252 1985 105 42 l'est.

130 2054 109 39 Nous
280 2053 39 40 la
350 2056 190 51 prenions
572 2056 192 41 autrefois
795 2069 50 29 en
876 2058 129 49 grand
1041 2058 184 49 nombre,
1266 2059 92 51 près

129 2125 47 40 de
197 2127 127 49 Paris,
352 2128 24 40 à
406 2128 237 41 l'extrémité
670 2129 54 40 du
752 2134 100 48 pont
886 2130 148 53 d'Ivry,
1069 2143 89 28 vers
1179 2131 38 39 la
1237 2131 120 40 bosse

128 2200 48 40 de
205 2200 38 39 la
262 2201 150 48 Marne,
444 2200 101 41 dans
565 2200 226 42 l'immense
811 2203 146 51 prairie
979 2203 126 40 située
1124 2207 111 36 entre
1256 2203 101 40 Mai-

127 2283 96 28 sons
242 2276 38 36 et
299 2271 140 42 Alfort.
462 2274 98 39 Mais
577 2275 73 39 elle
671 2287 25 39 y
715 2274 159 41 devient
892 2274 48 40 de
960 2275 90 52 plus
1067 2287 50 28 en
1137 2277 91 51 plus
1249 2288 104 40 rare,

127 2345 23 38 à
184 2356 119 29 cause
331 2345 69 40 des
430 2345 262 42 nombreuses
722 2347 238 41 recherches
989 2347 70 40 des
1086 2353 201 37 amateurs
1320 2356 38 34 et

126 2428 72 40 par
218 2418 103 39 suite
340 2418 42 40 de
382 2418 58 40 la
466 2420 100 39 mise
581 2432 49 27 en
651 2421 154 39 culture
825 2419 119 41 d'une
964 2421 127 51 partie
1111 2421 48 40 de
1178 2422 38 39 la
1244 2422 112 40 loca-

125 2489 83 41 lité.
232 2488 32 41 Il
285 2493 59 36 est
358 2493 129 37 même
505 2492 23 39 à
549 2491 183 41 craindre
753 2491 43 40 de
796 2491 58 40 la
873 2492 85 41 voir
978 2491 237 54 disparaître
1236 2495 123 41 entiè-
