1804 3012
891 335 54 13 —
973 311 79 48 146
1092 335 38 14 -

398 404 166 58 ocellés;
586 406 236 46 inférieures
840 418 96 36 avec
947 420 81 34 une
1057 409 105 46 série
1181 408 218 50 semblable
1421 413 101 47 mais
1543 414 89 58 plus

398 479 134 55 petits,
548 479 251 55 quelquefois
818 491 174 45 presque
1012 482 106 53 nuls,
1134 486 40 40 et
1191 495 80 32 une
1291 484 229 47 bandelette
1538 488 91 45 bien

398 554 206 52 marquée.

456 637 27 43 9
509 629 105 40 D'un
649 629 105 41 brun
784 630 105 49 noir,
922 629 139 53 frange
1093 629 169 53 grisâtre
1289 637 39 38 et
1353 634 168 44 dessous
1540 638 91 54 plus

399 695 131 42 foncé.

449 767 194 49 Chenille,
664 767 55 41 fin
740 767 48 41 de
808 769 83 39 mai
922 780 69 29 sur
1010 768 57 42 les
1087 770 274 53 Hedysarum,
1384 775 247 55 Onobrychis

394 843 39 37 et
454 840 195 53 Supin

446 910 215 53 Pyrénées,
698 911 133 53 Alpes,
868 910 218 54 Cévennes,
1120 914 160 51 Lozère,
1316 918 309 54 Basses-Alpes,

393 984 226 53 Dauphiné,
643 986 204 48 Lautaret,
866 989 114 36 mont
1001 986 135 50 Cenis,
1155 988 308 44 très-commun.

393 1099 220 51 DONZELII,
635 1099 98 42 Bdv.
759 1102 102 51 Dup.
887 1101 68 51 (pl.
976 1102 40 48 7,
1039 1100 66 52 fig.
1132 1102 54 52 4.)

447 1216 302 53 Basses-Alpes,
765 1216 188 41 environs
973 1215 50 42 de
1040 1218 127 51 Digne
1182 1222 39 37 et
1240 1219 49 42 de
1304 1223 320 51 Barcelonnette,

395 1288 235 55 Dauphiné,
660 1289 358 53 Villard-Eymond
1038 1322 11 17 ,
1084 1296 114 36 mont
1225 1293 141 50 Cenis,
1400 1302 146 35 autour
1573 1297 54 41 du

396 1363 90 42 Lac,
518 1361 312 52 Hautes-Alpes,
865 1363 190 40 environs
1088 1362 48 41 de
1174 1364 216 51 Briançon,
1426 1370 95 46 etc.,
1555 1379 71 42 pas

392 1436 314 39 très-commun.

391 1546 230 47 ARGIOLUS,
644 1545 46 38 L.
716 1543 103 41 God.
847 1544 67 52 (pl.
938 1544 38 51 7,
994 1544 67 50 fig.
1084 1547 56 48 7.)

444 1652 97 39 32m.
567 1648 108 41 Ailes
700 1648 168 48 minces,
896 1646 96 42 d'un
1022 1647 93 41 bleu
1143 1649 122 41 violet
1291 1651 105 52 pâle,
1419 1664 96 31 avec
1546 1666 81 31 une

391 1723 80 39 fine
492 1720 177 42 bordure
688 1720 128 48 noire,
840 1718 273 51 s'élargissant
1130 1719 23 41 à
1180 1720 146 52 l'angle
1344 1724 144 52 apical,
1509 1727 119 52 supé-

389 1797 151 40 rieures
560 1804 95 29 avec
675 1792 39 40 la
733 1792 141 50 frange
891 1791 173 41 blanche
1083 1791 244 52 légèrement
1343 1799 280 53 entrecoupée.

389 1870 176 39 Dessous
583 1865 97 40 d'un
706 1864 119 40 blanc
844 1863 181 41 bleuâtre
1048 1863 246 51 légèrement
1314 1866 123 43 teinté
1458 1869 48 42 de
1533 1884 91 29 ver-

388 1940 112 41 dâtre
520 1939 24 41 à
563 1938 37 41 la
618 1938 96 40 base
729 1950 10 36 ;
761 1948 95 29 avec
870 1949 57 28 un
946 1948 68 30 arc
1035 1939 152 39 central
1210 1942 38 38 et
1267 1951 81 30 une
1367 1941 105 52 ligne
1493 1947 132 40 trans-

385 2023 114 29 verse
522 2010 49 40 de
590 2010 119 52 petits
724 2009 135 52 points
878 2008 112 41 noirs
1005 2020 83 29 non
1110 2009 159 42 ocellés.

445 2090 26 44 9
499 2083 56 40 De
582 2082 39 40 la
652 2083 131 38 même
814 2080 167 41 couleur
1009 2092 78 41 que
1120 2081 37 43 le
1183 2082 47 50 cf
1255 2095 94 31 avec
1378 2083 39 44 la
1444 2082 176 49 bordure

382 2155 225 51 très-large,
635 2166 57 29 un
717 2165 68 30 arc
806 2153 90 42 noir
917 2165 79 30 aux
1028 2154 253 53 supérieures
1305 2161 39 37 et
1373 2170 79 30 une
1473 2161 146 51 rangée

382 2227 48 41 de
448 2228 134 52 points
596 2228 111 41 noirs
720 2238 51 29 au
790 2226 102 41 bord
912 2230 162 36 externe
1087 2226 71 41 des
1172 2228 253 43 inférieures.

432 2295 181 41 Chenille
633 2307 50 28 en
696 2296 93 51 juin
811 2299 38 36 et
874 2294 225 52 septembre
1129 2307 70 28 sur
1219 2296 37 40 le
1282 2295 121 43 lierre
1425 2297 189 55 (Hedera

377 2366 146 53 Helix)
544 2372 38 35 et
600 2367 38 40 la
652 2367 223 41 bourdaine
894 2365 230 54 (Rhamnus
1138 2368 256 55 Frangula).

435 2439 111 41 N'est
572 2451 73 41 pas
674 2451 104 38 rare,
799 2440 27 40 il
848 2441 103 39 aime
983 2440 24 40 à
1033 2440 169 52 voltiger
1223 2445 147 38 autour
1397 2443 71 42 des
1488 2443 119 43 buis-

373 2529 112 38 sons,
506 2527 50 30 en
578 2514 95 49 mai,
691 2514 134 52 juillet
846 2518 39 36 et
901 2516 111 38 août.
