1800 2996
724 368 51 10 —
804 341 80 48 î89
911 368 53 8 —

171 462 8 5 '
225 450 126 54 ÏPHIS,
369 461 103 45 page
492 452 96 40 218.

277 544 112 39 Nous
409 541 151 41 devons
581 541 162 53 ajouter
772 550 105 44 pour
902 539 219 55 complèter
1151 538 39 42 la
1211 538 250 55 description

226 616 49 41 de
294 620 104 39 cette
413 616 156 52 espèce,
592 628 79 41 que
691 616 39 40 la
744 614 109 42 série
872 616 48 40 de
939 616 120 52 petits
1090 627 107 41 yeux
1215 616 56 41 du
1290 616 173 40 dessous

226 688 73 42 des
318 688 254 49 inférieures,
595 699 178 41 manque
790 692 170 38 souvent
977 688 95 40 chez
1085 688 58 40 les
1163 688 126 41 mâles
1305 691 159 38 surtout

226 761 94 40 chez
339 761 59 39 les
417 759 205 42 individus
647 759 71 42 des
737 761 136 52 Alpes.

286 831 34 58 Ç
348 837 122 48 ayant
503 833 60 40 les
595 832 256 53 supérieures
879 833 140 41 fauves
1057 836 39 36 et
1125 832 60 40 les
1220 831 241 43 inférieures

224 905 98 40 d'un
341 904 230 51 gris-brun,
606 916 96 31 avec
724 917 83 28 une
837 903 126 54 petite
989 905 111 50 ligne
1129 904 334 41 anté-terminale

223 976 133 44 fauve.

276 1053 52 39 M.
360 1050 277 42 Jourdheuille
673 1054 43 37 et
752 1062 121 38 nous,
909 1062 127 29 avons
1065 1050 85 53 pris
1181 1053 104 38 cette
1313 1049 145 50 année,

224 1123 99 42 dans
349 1124 39 43 le
420 1123 279 53 departement
744 1123 50 41 de
835 1123 160 49 l'Aube,
1048 1134 78 29 aux
1165 1123 188 41 environs
1392 1123 71 40 des

224 1197 160 52 Ri-ceys,
413 1208 59 28 un
492 1196 130 50 grand
646 1195 171 41 nombre
845 1194 248 41 d'individus
1113 1194 49 41 de
1181 1198 103 37 cette
1304 1194 156 53 espèce,

225 1269 99 41 dont
340 1270 59 39 les
422 1268 47 49 cf
489 1271 69 38 ont
576 1268 57 41 les
665 1268 98 41 ailes
792 1268 237 40 inférieures
1054 1267 99 41 d'un
1170 1267 223 41 brun-noir
1413 1279 51 28 en

225 1344 159 50 dessus,
408 1354 96 30 avec
520 1353 81 29 une
620 1342 110 50 ligue
745 1341 332 41 anté-terminale
1094 1341 132 41 fauve.

278 1417 78 40 Les
392 1415 181 40 femelles
607 1418 71 37 ont
712 1415 112 39 aussi
866 1415 60 40 les
961 1415 100 40 ailes
1095 1414 239 41 inférieures
1362 1414 101 41 d'un

224 1488 236 49 brun-noir,
477 1500 98 29 avec
585 1499 81 29 une
683 1487 102 40 série
804 1486 50 41 de
869 1487 100 41 trois
986 1487 24 40 à
1026 1491 141 49 quatre
1182 1488 137 52 points
1332 1490 130 49 noirs,

228 1561 149 43 cerclés
396 1561 50 41 de
467 1562 132 41 fauve.
620 1562 202 39 Commun
831 1558 58 42 fin
907 1559 49 41 de
965 1560 94 51 juin
1068 1560 103 40 dans
1182 1560 59 40 les
1261 1561 202 40 clairières

224 1635 174 41 herbues
418 1634 70 42 des
506 1633 103 42 bois.

279 1708 107 53 Page
413 1711 94 47 203,
531 1708 109 51 ligne
654 1710 40 40 3.
719 1708 241 48 Commune,
986 1706 100 40 lisez
1115 1718 209 30 commun.
1360 1714 15 10 '
