1764 2996
626 302 51 7 —
709 283 75 40 163
813 303 51 6 —

131 372 154 41 rieures
298 375 60 38 est
371 372 161 54 séparée
554 372 48 43 de
616 374 38 40 la
667 373 174 42 bordure
854 384 73 42 par
947 372 53 42 du
1019 373 118 42 blanc
1151 385 75 42 pur
1237 384 52 30 ou
1303 374 54 41 du

130 444 119 41 blanc
270 456 55 29 un
339 457 77 40 peu
428 447 203 50 jaunâtre,
648 451 41 37 3°
700 449 39 39 la
752 448 117 40 tache
883 448 112 40 noire
1015 447 133 53 placée
1163 448 23 40 à
1204 447 155 41 l'extré-

131 510 97 41 mité
244 510 54 40 du
317 511 102 40 bord
438 513 171 48 interne,
624 514 89 51 près
726 514 48 39 de
793 514 38 40 la
846 513 189 49 bordure,
1049 512 82 53 est
1131 512 227 53 presqu'en-

130 577 211 41 tièrement
369 578 162 49 effacée,
554 579 40 39 4°
616 580 38 39 la
673 580 175 40 bordure
873 580 207 40 terminale
1112 580 69 40 des
1216 584 142 46 quatre

130 647 99 41 ailes
250 653 60 36 est
329 649 90 52 plus
437 650 109 51 large
578 657 40 34 et
641 652 90 51 plus
751 654 124 49 noire,
901 656 39 36 et
960 664 68 27 sur
1047 653 57 39 les
1121 650 236 42 inférieures

132 721 74 40 elle
234 722 103 39 n'est
364 733 72 41 pas
461 723 162 52 séparée
657 724 47 40 de
733 725 38 39 la
803 725 167 40 couleur
990 724 53 40 du
1069 723 97 41 fond
1186 736 73 40 par
1277 736 80 28 une

130 793 108 51 ligne
253 795 141 50 jaune,
417 795 41 40 5°
484 797 57 40 les
563 797 159 40 lunules
742 798 242 50 marginales
1013 800 92 37 sont
1125 797 129 53 plutôt
1270 797 87 40 vio-

128 858 117 41 lettes
264 872 78 39 que
357 861 137 41 bleues
515 862 118 54 (Bdv.
650 861 172 55 icones).

185 937 27 45 9
232 932 90 51 plus
341 933 151 50 grande
509 939 37 35 et
565 947 56 27 un
642 947 77 40 peu
738 936 131 39 moins
890 935 234 52 anguleuse.

185 1003 179 41 Chenille
397 1017 50 28 en
471 1006 150 41 société
642 1018 48 28 en
714 1008 91 50 juin
836 1011 37 36 et
888 1007 134 52 juillet
1040 1018 71 28 sur
1129 1004 229 42 différentes

130 1075 161 51 espèces
305 1075 49 41 de
374 1078 146 40 saules.

187 1147 109 40 Cette
328 1149 139 52 espèce
497 1161 110 30 assez
626 1163 215 29 commune
862 1164 49 28 en
932 1153 176 50 Hongrie
1137 1157 38 35 et
1202 1164 49 29 en
1271 1153 85 38 Au-

130 1222 127 42 triche
289 1225 65 39 n'a
388 1237 145 29 encore
565 1226 61 41 été
657 1227 166 40 trouvée
857 1240 50 28 en
940 1230 153 39 France
1114 1241 77 38 que
1212 1240 68 29 sur
1300 1229 58 41 les

131 1295 123 41 bords
271 1296 54 40 du
342 1296 129 53 Rhin;
494 1300 52 38 M.
569 1298 123 41 Barth
713 1298 47 41 de
782 1300 242 51 Strasbourg
1043 1313 49 28 en
1113 1313 23 28 a
1152 1303 84 50 pris
1250 1303 110 50 quel-

133 1379 99 39 ques
266 1369 202 42 individus
502 1371 97 40 dans
634 1376 102 36 cette
767 1374 158 40 localité
958 1378 38 36 et
1029 1387 104 28 nous
1163 1389 46 26 eu
1234 1387 124 29 avons

130 1451 53 28 vu
214 1441 200 51 plusieurs
456 1442 99 41 dans
595 1444 55 40 les
685 1445 231 40 collections
940 1446 47 40 de
1017 1452 102 34 cette
1148 1448 89 38 ville
1255 1447 47 40 de
1322 1449 38 38 la

132 1516 130 37 même
294 1526 279 40 provenance,
612 1517 73 39 elle
726 1522 59 34 est
822 1529 101 29 rare.
965 1519 61 39 On
1064 1520 37 38 la
1138 1524 137 35 trouve
1310 1532 49 28 en

128 1586 149 51 juillet.

135 1669 169 41 URTIC.E
341 1671 42 39 L.
404 1670 100 41 Cod.

189 1754 93 39 41m.
311 1755 107 39 Ailes
430 1755 96 40 d'un
543 1757 114 39 fauve
675 1758 68 47 vif,
761 1770 94 28 avec
870 1770 79 28 une
963 1758 174 41 bordure
1152 1760 207 49 brunâtre,

136 1827 152 50 coupée
319 1826 120 40 d'une
469 1825 107 52 ligne
605 1830 127 49 noire,
765 1833 38 35 et
823 1831 230 40 surmontée
1083 1832 119 40 d'une
1229 1833 133 40 bande

140 1898 115 39 noire
287 1899 120 39 ornée
435 1899 49 40 de
517 1900 157 41 lunules
704 1902 152 39 bleues.
890 1902 259 52 Supérieures
1177 1916 95 28 avec
1302 1906 62 39 six

135 1969 138 40 taches
294 1970 148 49 noires,
464 1971 96 40 dont
581 1973 97 38 trois
694 1974 182 48 costales,
893 1974 184 50 grandes,
1096 1976 181 51 séparées
1291 1988 73 40 par

139 2040 69 40 des
228 2040 203 42 éclaircies
448 2042 145 54 jaunes
615 2049 37 35 et
673 2046 147 39 suivies
842 2047 22 39 à
884 2047 145 50 l'angle
1051 2048 129 51 apical
1197 2059 72 40 par
1284 2060 80 29 une

138 2112 115 40 tache
272 2113 186 49 blanche,
480 2115 57 40 les
572 2117 97 39 trois
693 2122 133 35 autres
849 2117 253 49 discoïdales,
1124 2120 242 40 l'inférieure

138 2184 89 51 plus
244 2197 137 38 grosse
400 2185 167 42 éclairée
585 2188 335 42 extérieurement
947 2190 48 40 de
1010 2191 126 51 jaune
1150 2205 9 34 ;
1180 2192 58 38 les
1261 2185 103 46 detix

139 2260 133 36 autres
304 2258 91 50 plus
432 2259 143 50 petites
620 2264 38 35 et
699 2260 223 41 arrondies.
959 2262 240 40 Inférieures
1235 2274 130 39 angu-

139 2328 130 40 leuses
288 2341 88 28 vers
399 2330 35 40 la
451 2331 138 40 moitié
610 2331 53 40 du
691 2331 98 41 bord
817 2338 162 35 externe
1001 2337 37 36 et
1058 2335 37 38 la
1115 2334 95 40 base
1231 2336 129 39 noire.

196 2405 26 44 9
238 2413 56 28 un
325 2413 75 41 peu
430 2404 90 52 plus
552 2405 151 50 grande
736 2410 37 36 et
803 2406 58 39 les
892 2405 203 41 éclaircies
1109 2408 147 51 jaunes
1277 2408 89 52 plus

141 2473 146 51 larges.
