1752 2972
633 333 53 10 -
715 305 77 49 \\1
818 328 52 16 -

140 428 177 53 SEBRUS,
338 427 76 44 IIb.
432 427 201 55 Saportœ,
655 428 100 54 Dup.

196 536 96 40 25m.
329 532 106 41 Ailes
474 530 96 42 d'un
601 530 93 41 bleu
734 530 119 42 violet
886 528 241 51 très-foncé,
1176 539 95 32 avec
1304 542 54 29 un

142 606 120 42 étroit
290 605 116 41 liseré
442 606 91 39 noir
558 608 38 37 et
628 605 39 39 la
692 605 139 49 frange
861 603 184 41 blanche.
1069 604 174 40 Dessous
1264 603 95 40 d'un

144 681 81 48 gris
257 679 48 39 de
332 678 122 51 perle,
489 678 23 39 à
540 677 96 40 base
666 676 197 49 verdâtre,
885 688 95 28 avec
998 688 79 28 une
1096 676 137 40 lunule
1263 687 97 29 cen-

143 751 100 40 trale
260 754 39 37 et
319 763 57 27 un
396 762 100 39 rang
517 749 46 41 de
582 749 134 52 points
738 748 143 41 ocellés
899 762 10 37 ;
932 747 100 40 série
1053 747 47 41 de
1121 748 133 52 points
1293 747 67 40 des

143 823 251 52 supérieures
412 822 127 40 droite
553 821 161 51 excepté
735 821 104 40 celui
861 820 53 40 du
936 825 183 35 sommet.

202 903 27 43 9
260 894 96 40 d'un
379 894 104 39 brun
521 892 105 50 noir,
656 893 98 41 base
774 891 249 55 saupoudrée
1045 891 48 42 de
1112 891 93 41 bleu
1225 890 134 51 violet,

144 966 136 50 frange
298 965 169 41 blanche
490 968 175 50 partout.

198 1038 284 53 Département
502 1038 54 39 du
581 1039 93 47 Var,
698 1037 241 41 Chartreuse
958 1035 48 42 de
1025 1037 237 49 Montrieux,
1287 1038 76 39 Iles

145 1111 203 52 d'Hyères,
377 1110 160 49 Lozère,
572 1110 303 52 Basses-Alpes,
903 1110 186 40 environs
1110 1110 48 40 de
1179 1111 123 49 Digne
1328 1115 39 37 et

145 1183 48 41 de
212 1183 304 41 Barcelonnette
537 1194 49 29 en
607 1183 94 49 mai,
726 1182 101 40 dans
851 1182 56 40 les
932 1182 106 40 lieux
1057 1193 101 38 secs,
1175 1193 71 42 pas
1264 1183 103 40 très-

144 1266 102 31 rare.

197 1353 149 48 Alsus,
366 1351 40 41 S.
429 1350 50 50 V,
504 1351 102 41 God.

197 1448 93 41 21m.
314 1448 107 41 Ailes
454 1448 96 40 d'un
581 1447 104 41 brun
717 1448 105 48 noir,
862 1447 152 41 semées
1054 1448 193 42 d'atomes
1275 1448 93 43 d'un

144 1522 91 41 bleu
269 1520 177 52 argenté.
473 1522 174 38 Dessous
670 1520 96 40 d'un
787 1520 81 50 gris
888 1520 48 40 de
956 1521 106 53 perle
1082 1532 94 30 avec
1198 1534 76 28 une
1303 1523 65 39 lu-

146 1596 93 40 nule
272 1594 175 41 centrale
479 1596 38 37 et
553 1604 79 29 une
668 1593 107 49 ligne
812 1592 148 41 courbe
993 1592 48 41 de
1078 1594 117 51 petits
1233 1595 135 52 points

147 1667 158 48 ocellés,
329 1664 102 41 mais
451 1663 113 54 point
583 1665 22 39 à
625 1665 37 39 la
682 1665 96 40 base
798 1664 68 40 des
887 1665 266 52 supérieures.

206 1748 27 42 9
261 1738 95 40 d'un
376 1738 104 39 brun
497 1736 90 41 noir
604 1748 93 28 sans
718 1739 154 37 atomes
891 1736 127 41 bleus.

201 1810 180 41 Chenille
400 1821 51 29 en
470 1808 82 41 mai
572 1812 38 38 et
625 1809 134 52 juillet
777 1820 69 29 sur
864 1808 36 41 le
919 1810 87 52 pois
1040 1809 140 43 chiche
1214 1810 156 54 (astra-

148 1885 120 50 galus
287 1880 136 56 cicer).

204 1956 200 40 Commun
424 1953 100 41 dans
545 1954 45 40 T.
613 1952 40 42 la
669 1954 45 50 F,
737 1953 100 41 dans
863 1954 58 41 les
940 1955 89 42 bois
1049 1967 86 30 secs
1157 1968 49 29 en
1221 1956 91 52 juin
1333 1960 38 37 et

148 2029 109 40 aoùt.

150 2123 248 50 Semiargus,
421 2125 109 39 Rott.
548 2122 112 51 Acis,
684 2123 102 42 God.

205 2223 91 38 28m.
319 2220 106 41 Ailes
446 2220 96 40 d'un
557 2219 94 43 bleu
671 2220 120 42 violet
812 2220 218 54 chatoyant
1049 2232 94 32 avec
1161 2231 80 34 Une
1271 2219 96 45 bôt^

152 2291 97 47 dure
272 2297 139 40 étroite
439 2296 148 41 fondue
609 2296 102 41 dans
731 2297 38 40 la
790 2298 163 40 couleur
983 2296 54 42 du
1064 2296 111 53 fond,
1197 2310 57 29 un
1272 2301 100 51 petit

151 2365 93 61 trait
262 2365 196 44 disco'idal
485 2371 40 38 et
552 2368 57 41 les
637 2380 192 30 nervures
861 2371 125 49 noirs,
1014 2371 140 50 frange
1184 2371 184 41 blanche.

152 2443 173 40 Dessous
346 2439 94 42 d'un
467 2442 81 50 gris
577 2442 145 41 cendré
750 2454 94 30 avec
871 2443 38 40 la
939 2443 97 41 base
1055 2443 97 41 d'un
1170 2444 92 40 bleu
1282 2456 91 29 ver-

152 2514 126 53 dâtre,
299 2526 79 30 une
398 2514 136 42 lunule
554 2515 174 42 centrale
747 2518 38 39 et
803 2527 81 30 une
904 2515 101 43 série
1025 2516 48 42 de
1090 2518 137 52 points
1264 2518 110 39 noirs
