1828 3036
1042 408 52 8 —
1121 387 80 40 226
1229 408 52 5 —

546 496 61 37 vet
624 492 205 54 jaunâtre,
852 491 143 54 depuis
1015 490 40 41 la
1073 491 98 40 base
1184 491 152 50 jusque
1357 499 90 30 vers
1468 488 35 39 le
1522 487 154 40 milieu.
1699 487 79 39 Su-

540 564 206 53 périeures
772 564 223 42 traversées
1026 574 74 42 par
1126 574 84 29 une
1247 560 135 42 bande
1413 561 207 46 sinueuse,
1634 570 142 29 macu-

541 637 113 50 laire,
684 637 98 41 d'un
814 637 120 40 blanc
956 648 55 28 un
1031 648 80 40 peu
1126 637 208 50 jaunâtre,
1364 632 154 41 formée
1535 643 73 41 par
1625 631 70 40 des
1713 633 64 37 ta-

537 710 95 40 ches
661 709 173 41 carrées.
859 708 244 41 Inférieures
1124 719 96 29 avec
1246 718 58 29 un
1328 717 53 30 ou
1404 704 103 40 deux
1526 704 136 52 points
1690 704 24 39 à
1739 703 39 40 la

536 783 111 47 base,
669 794 81 28 une
765 781 104 42 série
890 781 49 41 de
953 780 136 42 taches
1110 792 52 28 au
1182 780 152 47 milieu,
1353 781 39 37 et
1404 789 81 28 une
1499 776 147 50 rangée
1666 775 110 41 anté-

536 855 213 40 terminale
770 853 49 41 de
840 854 116 41 traits
975 852 161 42 lunulés
1162 852 49 41 de
1243 853 39 39 la
1308 854 131 37 même
1466 850 181 40 couleur.
1671 851 103 37 Des-

534 939 97 28 sous
651 926 70 41 des
742 926 256 53 supérieures
1019 925 100 41 d'un
1146 926 106 39 brun
1273 926 206 38 roussâtre
1499 934 96 29 avec
1615 922 158 40 l'extré-

533 998 97 41 mité
649 1003 38 36 et
705 1000 38 39 le
760 1002 175 38 sommet
953 998 99 41 d'un
1067 1001 128 50 jaune
1215 1000 207 38 roussâtre
1444 1001 39 36 et
1501 997 38 40 le
1560 995 138 41 dessin
1719 994 55 40 du

532 1071 160 42 dessus.
717 1074 178 39 Dessous
920 1072 72 40 des
1016 1071 240 41 inférieures
1282 1071 99 40 d'un
1403 1073 129 49 jaune
1550 1073 222 45 roussâtre,

532 1144 176 42 traversé
733 1156 53 29 au
813 1145 140 41 milieu
981 1156 74 41 par
1085 1156 81 29 une
1193 1143 132 41 bande
1351 1144 237 41 blanchâtre
1610 1155 57 28 un
1695 1155 78 41 peu

532 1216 238 51 maculaire,
786 1217 95 53 plus
901 1217 143 41 étroite
1057 1228 53 29 au
1124 1216 158 50 milieu,
1298 1229 82 28 une
1399 1220 115 37 autre
1526 1216 135 41 bande
1681 1216 91 53 près

528 1290 51 41 de
596 1290 40 40 la
652 1289 114 50 base,
789 1295 38 35 et
847 1302 79 28 une
947 1289 103 42 série
1071 1290 335 41 anté-terminale
1426 1288 49 42 de
1492 1289 146 52 petites
1652 1289 119 39 lunu-

527 1362 59 41 les
607 1362 260 42 blanchâtres
888 1364 91 52 plus
1000 1374 54 29 ou
1070 1364 134 40 moins
1223 1361 270 55 prononcées,
1512 1363 141 50 frange
1673 1361 97 41 d'un

527 1435 120 42 blanc
662 1438 210 50 jaunâtre,
889 1448 83 29 non
994 1435 267 54 entrecoupée
1281 1435 50 41 de
1350 1435 122 40 brun.

584 1536 25 29 v
648 1521 239 50 semblable,
917 1523 103 40 mais
1041 1523 91 52 plus
1159 1522 154 51 grande
1343 1524 40 38 et
1415 1533 96 29 avec
1540 1522 59 40 les
1632 1521 136 41 taches

522 1593 93 52 plus
628 1595 267 51 prononcées.

578 1677 182 41 Chenille
781 1690 50 29 en
852 1680 81 39 mai
954 1691 72 28 sur
1042 1680 35 40 le
1096 1679 188 41 Phlomis
1306 1680 225 52 Lychnitis.

576 1762 111 41 N'est
705 1774 72 42 pas
799 1776 89 29 rare
909 1764 102 42 dans
1035 1766 56 40 les
1119 1764 209 53 garrigues
1343 1765 48 41 de
1413 1768 266 53 Montpellier.
1704 1771 60 38 En

512 1836 96 50 juin
628 1838 39 38 et
680 1836 151 52 juillet.

517 1946 142 48 SIDAE,
682 1948 96 51 Esp.
802 1948 102 40 God.

570 2052 95 39 33"'.
704 2052 109 40 Ailes
852 2052 152 41 brunes
1037 2054 276 52 saupoudrées
1348 2055 47 40 de
1435 2056 186 50 grisâtre,
1662 2068 94 28 avec

512 2120 212 55 beaucoup
748 2123 50 41 de
818 2123 144 55 petites
982 2124 138 42 taches
1139 2126 195 42 blanches
1361 2128 178 40 formant
1557 2128 71 41 des
1650 2127 104 41 ban-

511 2193 87 42 des.
616 2197 177 39 Dessous
813 2196 69 41 des
899 2197 253 53 supérieures
1167 2199 97 40 d'un
1284 2200 82 51 gris
1382 2200 251 50 blanchâtre,
1654 2201 98 40 d'un

507 2266 107 41 brun
633 2268 100 40 clair
745 2281 71 28 sur
831 2270 36 40 le
887 2269 143 53 disque
1049 2283 95 30 avec
1164 2272 58 41 les
1238 2272 137 42 taches
1396 2272 55 42 du
1471 2273 159 41 dessus.
1657 2276 95 39 Des-

508 2352 96 29 sous
625 2340 71 41 des
716 2342 239 42 inférieures
976 2344 276 52 blanchâtres,
1283 2347 222 42 traversées
1539 2360 72 40 par
1644 2348 105 40 deux

505 2413 153 40 bandes
676 2417 212 50 orangées,
910 2417 171 41 bordées
1103 2417 51 43 de
1173 2420 107 44 noir.

560 2509 23 32 v
608 2499 237 45 semblable.

559 2583 114 41 Cette
699 2584 141 55 espèce
870 2589 60 38 est
948 2598 112 32 assez
1081 2600 107 41 rare;
1225 2602 106 31 nous
1365 2592 154 42 l'avons
1554 2595 107 53 prise
1690 2606 52 31 en
