1728 2996
646 297 51 6 —
730 278 70 36 121
835 297 52 5 —

605 417 307 40 LYC;ENID.<E.

205 563 200 41 Chenilles
438 562 375 47 très-raccourcies,
852 571 47 29 en
935 560 132 40 forme
1097 560 50 40 de
1181 561 200 50 cloporte;

152 634 245 54 chrysalides
413 636 179 39 courtes,
611 633 165 39 obtuses
792 643 75 28 aux
889 632 100 40 deux
1001 630 136 48 bouts,
1156 632 24 39 à
1196 643 189 39 segmens

152 708 245 47 immobiles,
419 704 205 42 attachées
644 716 157 29 comme
822 704 118 40 celles
961 704 69 40 des
1052 704 179 40 Piérides
1246 718 10 38 ;
1274 704 113 51 quel-

153 790 226 41 ques-unes
398 776 224 54 cependant
640 780 192 48 reposant
847 788 69 28 sur
935 776 39 40 la
992 780 116 36 terre.

208 853 80 37 Ins.
312 850 106 40 Parf.
448 850 207 38 Antennes
677 847 169 50 droites,
876 849 79 49 tige
989 848 167 40 annelée
1179 847 45 39 de
1246 848 137 47 blanc,

154 919 196 40 terminée
369 928 72 40 par
458 928 82 28 une
556 927 163 28 massue
739 914 183 50 allongée
943 915 49 40 de
1010 916 127 38 forme
1156 927 74 39 peu
1252 915 131 40 varia-

151 985 89 51 ble;
262 982 139 54 palpes
424 982 214 52 dépassant
657 982 211 50 beaucoup
891 980 39 40 la
949 984 94 45 tête,
1069 980 159 40 dernier
1244 980 141 41 article

153 1050 106 50 grêle
275 1052 41 37 et
335 1049 94 40 bien
441 1048 167 40 distinct
624 1048 68 39 des
709 1048 105 40 deux
833 1051 155 45 autres,
1007 1047 179 41 Corselet
1204 1047 178 40 robuste.

152 1113 209 42 Abdomen
379 1115 90 51 plus
490 1125 53 28 ou
562 1114 133 38 moins
717 1115 115 38 court
853 1112 123 40 caché
997 1124 173 41 presque
1188 1124 50 27 en
1259 1113 127 39 entier

154 1192 72 40 par
242 1180 60 42 les
323 1178 107 41 deux.
442 1179 125 39 bords
588 1179 175 38 internes
782 1177 72 40 des
875 1178 99 39 ailes
998 1178 237 41 inférieures
1256 1177 67 50 qui
1343 1188 43 28 se

151 1246 184 51 joignent
356 1256 49 28 en
426 1244 165 40 dessous
612 1246 38 37 et
668 1243 175 39 forment
869 1243 195 49 gouttière
1090 1243 100 39 dans
1208 1241 111 40 l'état
1338 1241 49 40 de

157 1321 135 41 repos.

558 1445 118 34 Genre
700 1445 182 41 THECLA,
907 1446 86 33 Fab*.

160 1577 211 47 BETULAË,
394 1576 44 38 L.
462 1574 83 53 (Pl.
567 1576 38 46 5,
624 1575 67 50 fig..
717 1579 14 35 1
762 1574 62 49 cf,
849 1575 69 50 fig.
941 1579 24 36 2
985 1574 63 53 o).

212 1666 98 41 36m.
342 1668 43 38 T.
412 1667 25 39 1.
462 1667 63 48 F.,
554 1667 105 47 bois,
682 1678 131 40 parcs,
832 1666 174 52 jardins,
1036 1679 50 28 en
1122 1670 97 36 août
1240 1671 38 34 et
1298 1678 92 40 sep-

158 1733 167 39 tembre.

215 1797 181 41 Chenille
429 1810 50 28 en
514 1799 94 51 juin
638 1804 38 34 et
701 1800 136 51 juillet
863 1812 68 27 sur
958 1800 37 40 le
1025 1799 189 49 bouleau,
1237 1800 36 39 le
1292 1811 100 40 pru-

160 1864 158 48 nellier,
337 1869 92 35 etc..
452 1875 79 40 peu
547 1875 106 28 rare.

160 1955 128 49 SPINI,
312 1956 41 40 S.
376 1957 46 37 V.

213 2046 98 41 i}2m.
342 2046 109 41 Ailes
490 2047 97 40 d'un
616 2048 106 39 brun
757 2048 121 40 foncé
915 2049 232 50 chatoyant,
1187 2060 96 28 avec
1313 2060 81 28 une

130 2139 6 6 •
156 2120 120 40 tache
302 2120 150 40 costale
487 2119 97 40 d'un
618 2120 106 40 brun
757 2123 83 36 mat
872 2132 71 28 sur
974 2120 58 39 les
1065 2120 254 51 supérieures
1357 2123 38 36 et

163 2192 106 40 deux
288 2203 49 29 ou
356 2192 101 39 trois
472 2191 140 40 taches
631 2192 140 40 fauves
786 2203 70 28 sur
867 2192 58 40 les
940 2191 237 40 inférieures
1193 2206 10 36 ;
1227 2191 168 40 dessous

163 2262 97 41 d'un
278 2264 106 39 brun
404 2264 97 40 clair
521 2275 95 36 avpc
642 2276 82 28 une
747 2265 84 39 raie
849 2263 173 41 blanche
1041 2263 139 40 sinuée
1201 2268 36 34 et
1265 2265 129 38 inter-

121 2372 7 2 ,
163 2346 184 41 rompue.
387 2335 242 41 Inférieures
661 2340 123 48 ayant
823 2348 50 27 en
905 2339 116 36 outre
1053 2348 80 28 une
1167 2336 146 51 rangée
1346 2335 49 40 de

164 2408 140 39 taches
323 2408 136 40 fauves
481 2411 39 36 et
538 2420 80 28 une
636 2408 151 50 grande
805 2408 118 40 tache
943 2408 116 40 anale
1078 2407 138 41 carrée
1241 2411 38 36 et
1298 2419 96 28 sau-

165 2478 179 53 poudrée
359 2478 49 41 de
419 2479 110 41 bleu.
