1804 3012
898 334 53 6 —
983 314 78 38 196
1090 334 52 6 —

399 427 162 47 GORGE,
585 428 95 50 Esp.
699 426 100 41 God.

450 525 52 39 35
517 531 41 31 m.
579 523 107 40 Ailes
706 534 56 28 un
784 534 77 40 peu
886 522 240 50 oblongues,
1144 522 96 39 d'un
1264 522 106 40 brun
1393 522 106 46 noir,
1522 520 113 53 supé-

399 596 155 39 rieures
574 606 95 29 avec
698 605 81 29 une
806 594 135 40 bande
960 594 281 50 ferrugineuse
1259 605 111 28 assez
1388 594 102 46 vive,
1514 594 122 49 large,

398 666 414 49 continue,traversée
826 677 74 41 par
916 667 59 39 les
988 677 209 39 nervures,
1217 667 137 39 mieux
1366 665 152 40 arrêtée
1532 664 108 41 exté-

397 740 247 39 rieurement
663 736 404 54 qu'intérieurement
1084 751 11 37 ;
1116 738 196 51 marquée
1332 738 25 40 à
1375 737 149 50 l'angle
1551 738 88 51 api-

397 811 61 40 cal
477 810 49 41 de
546 809 106 42 deux
665 821 104 41 yeux
791 809 244 53 très-petits,
1055 809 247 53 rapprochés
1323 809 104 40 mais
1443 820 83 29 non
1542 820 96 29 con-

398 883 121 50 tigus.
548 881 242 41 Inférieures
812 893 96 28 avec
929 882 38 40 la
987 880 135 42 bande
1144 882 279 50 ferrugineuse
1446 882 193 52 marquée

398 954 254 54 quelquefois
673 953 50 41 de
741 954 102 40 trois
862 954 121 51 petits
998 965 121 40 yeux.
1142 954 176 39 Dessous
1338 953 73 40 des
1426 952 213 53 supérieu-

400 1038 64 28 res
484 1025 259 50 ferrugineux
762 1036 98 29 avec
876 1036 81 29 une
972 1024 176 42 bordure
1168 1025 129 41 brune
1324 1029 40 36 et
1383 1024 57 42 les
1459 1036 105 41 yeux
1584 1024 55 40 du

399 1097 159 41 dessus.
580 1099 176 39 Dessous
793 1095 71 42 des
894 1097 238 40 inférieures
1165 1096 98 41 d'un
1294 1097 104 40 brun
1419 1098 92 39 noir
1543 1096 97 41 strié

399 1170 50 42 de
469 1171 98 50 gris,
584 1181 95 29 avec
702 1169 97 41 trois
819 1169 130 51 lignes
960 1169 91 52 plus
1070 1169 178 48 foncées,
1264 1169 371 41 très-denticulées.

400 1244 58 39 La
474 1241 185 42 médiane
674 1246 40 36 et
732 1239 363 43 l'anté-terminale
1113 1242 171 40 laissant
1300 1246 114 37 entre
1434 1241 98 42 elles
1557 1253 84 29 une

397 1314 134 42 bande
552 1315 91 52 plus
663 1314 139 41 claire.

459 1386 35 56 9
522 1387 93 52 plus
630 1386 105 53 pâle,
757 1387 103 39 ainsi
880 1398 79 40 que
977 1386 39 41 la
1034 1385 135 42 bande
1187 1387 281 52 ferrugineuse
1488 1387 72 41 des
1573 1400 68 28 su-

398 1459 221 54 périeures.
644 1459 179 40 Dessous
851 1458 72 41 des
942 1457 240 43 inférieures
1202 1460 91 52 plus
1311 1461 207 51 jaunâtre,
1540 1472 97 29 avec

399 1532 60 39 les
479 1531 130 49 lignes
628 1530 92 52 plus
739 1530 179 41 visibles.

453 1604 113 39 Cette
587 1603 142 52 espèce
751 1602 138 41 habite
907 1602 59 41 les
980 1607 197 37 sommets
1191 1604 219 40 rocailleux
1431 1603 71 42 des
1520 1616 119 29 mon-

395 1679 159 47 tagnes,
569 1675 76 40 elle
664 1674 103 41 n'est
782 1686 73 41 pas
874 1676 341 40 très-commune.
1238 1676 214 52 Pyrénées,
1475 1677 162 40 Basses-

396 1748 135 52 Alpes,
548 1747 170 48 Larche,
741 1746 191 42 environs
955 1747 55 40 du
1026 1748 62 41 lac
1109 1746 48 42 de
1178 1748 38 40 la
1236 1748 239 49 Madeleine,
1495 1748 144 40 hautes

395 1820 175 52 prairies
583 1818 55 40 du
649 1819 101 40 Pain
766 1818 50 41 de
826 1831 136 39 sucre,
980 1819 122 50 Isère,
1116 1819 194 52 Galibier,
1329 1820 98 41 haut
1443 1819 194 51 Richard,

396 1891 279 48 Mont-Cenis,
697 1902 49 29 en
762 1891 136 52 juillet
917 1895 40 37 et
974 1894 115 38 août.

395 1986 63 39 AB
495 1985 196 52 Erynnis,
714 1986 95 51 Esp.

450 2080 145 40 Diffère
614 2078 50 42 de
684 2080 130 52 Gorge
846 2091 51 30 en
916 2091 46 29 ce
981 2080 99 52 qu'il
1111 2084 62 37 est
1192 2079 206 54 dépourvu
1418 2080 149 53 d'yeux
1585 2092 52 29 en

396 2151 144 41 dessus
560 2155 39 37 et
614 2163 51 29 en
684 2151 171 41 dessous
872 2165 11 38 ;
906 2155 154 37 mêmes
1083 2151 197 42 localités.

394 2247 220 47 GORGONE,
638 2245 99 41 Bdv.

456 2343 99 39 38m.
579 2338 110 43 Ailes
706 2339 99 42 d'un
833 2339 107 42 brun
969 2341 91 41 noir
1078 2340 92 54 plus
1193 2342 115 41 foncé
1329 2354 70 29 sur
1418 2342 38 41 le
1474 2342 160 52 disque,

395 2424 97 28 avec
513 2424 80 29 une
612 2410 134 43 bande
779 2413 283 51 ferrugineuse
1089 2425 80 42 peu
1200 2414 193 53 marquée
1414 2417 39 38 et
1472 2427 43 29 se
1533 2427 102 29 con-

396 2483 170 43 fondant
589 2496 96 31 avec
714 2485 38 41 le
772 2484 114 50 fond,
909 2486 193 53 marquée
1130 2499 72 29 sur
1226 2488 59 41 les
1311 2488 255 56 supérieures
1586 2487 50 42 de
