1764 3008
652 332 49 6 —
736 313 73 38 123
838 333 53 5 —

221 413 33 56 9
281 419 105 34 Avec
405 425 81 28 une
509 413 117 40 tache
647 413 114 39 fauve
793 412 90 52 plus
913 423 51 28 eu
997 413 128 39 moins
1147 412 150 50 grande
1318 424 68 28 sur

156 485 61 41 les
240 483 267 54 supérieures.

213 557 181 40 Chenille
409 568 49 29 en
478 557 81 38 mai
576 568 70 27 sur
666 556 36 40 le
720 556 142 40 chêne.

213 630 45 38 T.
288 629 37 38 la
355 629 63 47 F.,
452 639 189 29 commun
671 640 70 28 sur
771 629 57 39 les
862 628 188 41 buissons
1083 628 49 40 de
1165 639 143 30 ronces
1338 639 49 29 en

152 701 94 51 juin
274 705 40 36 et
332 700 147 51 juillet.

158 800 93 39 Var.
274 797 129 48 Cerri,
425 797 77 42 Hb.

212 894 146 41 Diffère
378 894 48 40 de
446 894 108 40 Ilicis
576 906 48 27 en
644 906 44 28 ce
709 906 77 38 que
806 894 34 40 le
866 893 47 49 cf
933 905 22 28 a
976 905 68 28 sur
1062 894 58 39 les
1135 891 254 53 supérieures

158 978 82 29 une
272 967 117 41 tache
414 967 130 46 fauve,
563 966 92 52 plus
687 965 151 51 grande
866 966 100 39 dans
987 966 37 38 la
1053 964 33 56 9
1116 976 76 38 que
1213 964 94 39 chez
1332 964 57 39 les

123 1064 13 5 -
155 1037 206 41 individus
382 1037 221 40 ordinaires
625 1036 49 40 du
698 1041 91 48 type
829 1039 148 38 Mômes
996 1036 195 40 localités.

158 1134 95 40 Var.
277 1132 172 50 jEsculi,
472 1133 47 39 H.

210 1226 97 40 Plus
331 1226 101 51 petit
461 1237 78 39 que
569 1225 107 39 Ilicis
706 1224 99 40 dont
835 1225 29 39 il
893 1224 139 41 diffère
1065 1237 50 28 en
1145 1237 45 29 ce
1223 1237 77 41 que
1332 1226 58 39 les

157 1298 139 40 taches
327 1298 138 39 fauves
495 1296 53 39 du
577 1296 169 40 dessous
784 1296 72 40 des
889 1297 252 52 supérieures
1171 1305 92 31 sont
1299 1298 92 51 plus

157 1369 145 52 petites
320 1373 39 36 et
373 1369 93 52 plus
486 1367 162 41 isolées.

211 1440 97 40 Midi
328 1441 50 39 de
397 1441 39 39 la
452 1442 168 38 France.

156 1536 184 49 ACACLE,
364 1536 99 40 Fab.

212 1636 95 36 27m.
338 1632 109 40 Ai!es
485 1631 97 39 d'un
616 1629 104 41 brun
750 1632 176 39 noirâtre
945 1662 9 16 ,
989 1642 95 29 avec
1118 1630 104 40 deux
1255 1631 138 39 taches

157 1705 139 39 fauves
325 1705 24 39 à
378 1704 148 49 l'angle
557 1702 108 49 anal,
698 1703 168 39 dessous
900 1702 97 39 d'un
1028 1702 106 39 brun
1168 1701 100 41 clair
1297 1714 95 29 avec

157 1788 80 28 une
268 1776 108 50 ligne
394 1775 172 40 blanche
589 1775 205 39 flexueuse
821 1775 301 50 interrompue;
1154 1774 239 40 inférieures

158 1852 121 49 ayant
307 1848 24 40 à
359 1847 145 50 l'angle
533 1847 91 39 anal
656 1858 76 28 une
761 1846 103 40 série
894 1845 49 40 de
972 1846 137 40 taches
1140 1846 141 40 fauves
1300 1858 93 27 sur-

158 1919 182 40 montées
369 1918 129 40 d'arcs
518 1919 127 48 noirs,
677 1922 39 36 et
746 1917 98 41 dont
874 1918 105 40 celui
1001 1917 50 39 du
1079 1918 136 40 milieu
1237 1918 158 52 appuyé

160 2003 71 28 sur
249 2003 57 28 un
328 1990 112 53 point
459 1992 108 38 noir.

221 2062 35 57 9
282 2063 130 52 Ayant
441 2067 141 46 quatre
612 2063 138 40 taches
785 2063 136 39 fauves
950 2063 23 40 à
997 2063 148 50 l'angle
1177 2062 90 40 anal
1302 2067 38 35 et
1373 2064 23 39 à

158 2135 132 40 l'anus
309 2147 57 28 un
386 2134 203 42 bourrelet
612 2134 47 41 de
680 2133 104 55 poils
804 2135 126 40 noirs.

216 2208 151 40 France
405 2207 174 40 centrale
616 2211 37 35 et
685 2206 281 48 méridionale,
1000 2208 168 49 Vosges,
1209 2217 47 29 en
1286 2207 105 50 juin.

218 2278 183 40 Chenille
417 2280 17 38 ?

164 2376 148 48 PRUN!,
336 2376 57 39 L..

216 2473 94 43 34111.
334 2471 109 43 Ailes
475 2472 96 42 d'un
599 2473 106 40 brun
736 2473 117 41 foncé
886 2484 97 30 avec
1002 2485 80 29 une
1101 2472 145 52 rangée
1277 2473 117 41 anté-
