1752 2996
617 310 41 5 -
693 290 51 38 53
775 308 50 7 —

160 393 75 37 Les
261 390 197 52 Hepialus
497 388 137 41 hectiis
668 392 38 37 et
723 389 208 51 lupulimts
963 399 41 29 se
1032 390 141 49 posent
1193 387 23 39 à
1236 386 98 40 l'ex-

105 463 154 41 trémité
279 463 68 40 des
367 464 167 49 longues
554 461 158 50 herbes,
735 461 99 40 dans
853 461 58 40 les
932 460 120 40 allées
1074 464 38 36 et
1132 459 203 40 clairières

105 536 70 40 des
205 537 88 39 bois
310 535 282 50 marécageux.

158 612 96 38 Vers
283 611 35 38 le
339 608 48 41 10
402 609 50 39 du
475 609 102 39 mois
593 607 49 41 de
658 609 106 51 juin,
789 605 213 54 l'Ophiusa
1014 608 216 50 pastiniim
1249 605 88 40 vole

104 682 100 40 dans
219 683 57 39 les
289 682 88 40 bois
390 681 212 50 ombragés
617 682 49 38 où
681 681 37 39 la
738 679 111 41 Vicia
864 690 139 30 cracca
1016 682 59 36 est
1087 678 249 40 abondante.

106 759 56 38 La
182 755 41 52 M
223 755 231 52 etrocampa
476 757 287 49 margaJitata,
791 753 56 39 l'
847 753 190 39 Hemithea
1054 752 284 53 buplevraria,

105 830 38 39 la
155 828 277 41 Pliorodesma
448 827 205 51 bajularia
675 829 38 36 et
732 826 203 51 plusieurs
956 828 134 36 autres
1114 824 227 40 Phalénites

105 901 180 41 éclosent
305 899 100 40 dans
426 899 56 39 les
503 898 201 40 clairières
725 897 70 40 des
817 898 122 39 forêts
957 911 9 37 ;
996 897 38 39 la
1059 897 160 39 Cabera
1240 896 97 39 stri-

104 973 168 51 gillaria
303 977 58 34 est
392 982 214 29 commune
633 969 100 40 dans
764 969 58 40 les
856 968 181 40 endroits
1056 969 51 39 où
1128 968 158 40 abonde
1307 969 35 39 le

108 1048 115 48 genêt
251 1043 23 41 à
293 1044 120 39 balai.
439 1045 74 37 Les
534 1042 255 52 Xylophasia
814 1039 204 54 polyodon
1058 1044 38 36 et
1125 1040 214 40 lithoxilea

106 1118 154 38 aiment
279 1116 23 40 à
322 1127 41 28 se
382 1126 163 41 reposer
565 1117 139 37 contre
725 1114 58 39 les
804 1112 139 40 arbres
964 1112 100 40 dont
1083 1112 36 40 le
1138 1116 117 36 tronc
1278 1115 63 37 est

106 1187 167 42 entouré
286 1187 192 52 d'épines.
495 1187 61 39 On
568 1199 23 39 y
605 1189 142 37 trouve
761 1185 125 48 aussi,
902 1185 102 39 mais
1018 1184 212 54 beaucoup
1249 1185 91 51 plus

107 1263 216 44 rarement,
352 1260 87 38 leur
475 1257 222 51 congénère
736 1257 218 40 sublustris
986 1257 244 50 (musicalis),
1265 1269 78 38 que

109 1332 194 52 quelques
333 1334 163 37 auteurs
528 1332 232 50 rapportent
782 1329 24 39 à
826 1329 226 51 lith,o.rylea
1084 1340 156 29 comme
1273 1341 69 28 va-

112 1405 113 47 riété,
249 1404 135 40 tandis
402 1414 78 39 que
499 1402 175 40 d'autres
699 1413 53 28 on
771 1401 86 39 font
875 1412 82 28 une
980 1401 141 52 espèce
1138 1401 203 40 distincte.

164 1479 59 37 Du
245 1480 48 35 10
320 1486 51 29 au
401 1476 48 39 15
474 1475 107 51 juin,
613 1473 162 50 lorsque
800 1474 36 39 le
869 1477 131 48 temps
1030 1477 60 36 est
1110 1473 148 48 chaud,
1282 1474 59 40 les

112 1548 178 52 Satyrus
319 1546 277 53 hyperanthus
632 1549 37 36 et
688 1543 151 42 Janira
872 1545 135 40 volent
1040 1557 73 40 par
1144 1544 142 49 nuées,
1309 1546 35 40 le

110 1621 175 53 premier
306 1619 100 40 dans
427 1620 57 38 les
503 1618 104 43 bois,
624 1618 36 39 le
680 1616 151 41 second
851 1616 100 40 dans
972 1618 59 39 les
1049 1617 185 52 prairies.

166 1694 95 39 Plus
282 1691 135 50 tardif,
452 1691 137 51 YArge
626 1691 166 51 galatea
827 1688 146 41 n'éclot
1005 1689 120 50 guère
1160 1692 118 36 avant
1310 1689 36 40 le

115 1769 51 37 20
180 1765 107 52 juin.
311 1764 105 40 C'est
435 1763 185 51 l'époque
656 1763 52 39 où
740 1762 39 39 la
797 1762 164 51 plupart
981 1761 70 40 des
1085 1760 176 51 grandes
1282 1772 64 28 es-

116 1838 116 51 pèces
253 1836 48 40 de
317 1835 294 52 Rhopalocères
630 1837 282 37 commencent
929 1833 23 39 à
973 1836 189 49 paraître.

170 1911 56 37 La
246 1908 214 39 Limenitis
479 1907 146 52 sibylla
650 1907 87 39 vole
754 1905 99 40 dans
874 1906 57 39 les
952 1905 204 40 clairières
1173 1905 69 40 des
1258 1906 89 39 bois

115 1979 237 51 ombragés;
391 1978 74 40 elle
487 1982 59 36 est
566 1978 322 40 très-commune
926 1978 23 39 à
969 1977 192 49 Meudon,
1192 1978 154 52 Bondy,

115 2052 344 48 Saint-Germain,
485 2054 94 44 etc.,
617 2054 76 36 etc.
719 2051 30 38 Il
776 2061 49 29 en
846 2053 60 36 est
938 2049 48 40 de
1007 2052 133 37 même
1162 2049 49 40 de
1232 2050 112 39 l'Ar-

114 2127 147 50 gynnis
276 2124 176 52 paphia,
473 2123 70 40 des
563 2123 104 40 deux
686 2123 201 51 Argynnis
907 2122 161 52 Adippe
1108 2126 39 35 et
1179 2122 169 51 Aglaïa,

115 2197 292 50 vulgairement
428 2195 212 51 désignées
661 2207 94 28 sous
774 2195 36 39 le
825 2206 93 29 nom
936 2193 50 40 de
1007 2194 158 39 Grands
1187 2194 161 41 nacrés.

119 2271 56 37 La
188 2268 193 51 première
404 2267 47 40 de
477 2279 65 28 ces
564 2266 104 40 deux
692 2267 210 51 Argynnes
923 2265 209 53 fréquente
1151 2266 48 40 de
1224 2265 128 53 préfé-

120 2352 117 28 rence
257 2340 57 39 les
336 2339 148 50 grands
511 2339 105 40 bois.
650 2339 84 40 Elle
755 2342 60 37 est
834 2338 316 40 très-commune
1172 2337 100 40 dans
1294 2339 56 39 les

120 2413 122 39 forêts
263 2410 49 41 de
333 2412 333 47 Saint-Germain,
696 2410 48 40 de
765 2410 157 48 Sénart,
946 2409 49 40 de
1015 2411 333 47 Fontainebleau,

119 2483 48 41 de
199 2483 216 52 Chantilly,
456 2486 77 38 etc.
573 2482 85 41 Elle
686 2484 105 39 aime
833 2483 24 41 à
896 2494 41 30 se
973 2494 164 43 reposer
1173 2494 70 29 sur
1291 2483 57 39 les
