1780 3000
896 336 54 7 —
981 316 74 38 128
1084 335 53 8 —

406 410 133 43 moins
571 412 131 51 fauve,
724 414 104 41 ainsi
850 413 150 53 qu'une
1019 414 133 42 bande
1179 416 94 41 anté
1295 418 222 50 marginale
1539 430 75 29 sou
1629 441 10 8 -

406 488 94 37 vent
519 489 139 36 courte
674 497 80 29 aux
773 486 253 42 inférieures.

470 556 33 55 9
527 557 129 41 brune
676 569 95 30 avec
799 559 36 40 le
863 559 143 51 disque
1033 558 69 42 des
1127 560 252 52 supérieures
1399 561 243 51 légèrement

406 630 118 40 fauve
545 635 38 36 et
600 643 80 29 une
700 631 146 40 double
862 630 148 52 rangée
1026 632 49 40 de
1092 633 133 51 points
1242 633 111 39 noirs
1364 633 93 40 bien
1471 634 170 50 alignés,

407 703 237 40 inférieures
669 715 95 29 avec
795 715 82 29 une
905 704 134 41 bande
1068 703 115 42 fauve
1204 705 90 51 plus
1316 704 111 52 large
1449 709 38 37 et
1505 707 135 40 mieux

406 775 193 51 marquée
619 787 77 39 que
717 775 103 41 dans
840 776 36 40 le
895 776 119 41 mâle.

461 847 180 41 Chenille
655 847 20 40 ?

461 920 201 40 Commun
696 920 99 40 dans
827 922 58 40 les
917 922 134 52 Alpes,
1076 922 36 39 le
1145 923 258 47 Mont-Dore,
1435 924 122 39 forêts
1592 923 48 40 de

407 992 259 52 Compiégne,
682 993 213 49 d'Hallate,
918 996 165 48 Vosges,
1107 995 285 40 Sainte-Marie
1407 1007 77 28 aux
1500 995 139 50 Mines,

406 1065 250 40 Ribeauvillû
674 1066 101 41 dans
795 1067 57 40 les
872 1067 180 40 endroits
1082 1067 189 41 humides
1294 1072 38 36 et
1358 1068 281 51 marécageux,

406 1149 51 28 en
469 1139 93 50 juin
577 1143 37 35 et
627 1138 152 52 juillet.

406 1236 92 39 Var.
523 1235 198 52 Eurybia,
745 1236 100 40 Ocli.
873 1236 216 52 Eurydice,
1107 1236 74 39 Hb.

459 1335 146 39 Diffère
639 1334 242 53 d'Eurydice
917 1347 50 27 en
1002 1347 44 28 ce
1079 1346 77 39 que
1180 1335 39 40 la
1251 1335 174 41 bordure
1459 1340 60 36 est
1549 1337 91 52 plus

402 1407 143 40 étroite
567 1414 36 33 et
624 1420 71 39 pas
716 1407 135 51 glacée
871 1407 48 41 de
937 1408 135 48 violet,
1092 1409 115 51 point
1225 1408 194 40 discoïdal
1440 1409 70 40 des
1526 1409 114 52 supé-

402 1482 152 38 rieures
574 1492 77 41 peu
673 1480 190 49 sensible,
886 1484 170 37 souvent
1074 1481 69 39 nul
1162 1494 10 36 ;
1196 1480 168 41 dessous
1382 1493 56 28 un
1457 1493 75 40 peu
1549 1483 90 51 plus

402 1552 161 49 cendré,
599 1564 94 29 sans
723 1554 124 39 teinte
882 1553 117 40 fauve
1040 1552 34 55 9
1119 1554 263 40 entièrement
1421 1552 127 42 brune
1589 1566 50 28 en

401 1625 158 48 dessus,
590 1629 122 48 ayant
732 1626 23 39 à
774 1626 117 52 peine
909 1625 196 51 quelques
1125 1625 142 41 taches
1289 1626 140 40 fauves
1451 1629 20 36 à
1490 1627 148 50 l'angle

401 1698 91 39 anal
514 1710 49 28 en
585 1697 143 41 dessus
749 1701 38 37 et
804 1710 50 28 en
876 1697 184 41 dessous.

454 1772 151 39 Hautes
626 1774 37 37 et
683 1771 282 51 Basses-Alpes
984 1781 50 29 en
1050 1770 149 51 juillet,
1218 1781 111 29 assez
1349 1781 106 30 rare.

399 1874 261 49 ALCIPHRON,
684 1876 108 39 Rott.
816 1875 139 47 Hiere,
973 1874 99 40 Fab.
1093 1872 177 50 God.(Pl
1303 1876 40 46 6,
1369 1874 65 51 fig.
1462 1874 52 52 1).

453 1977 51 41 36
523 1984 39 31 m.
599 1977 106 40 Ailes
730 1976 97 40 d'un
864 1975 242 41 fauve-doré
1144 1987 95 29 avec
1275 1987 81 28 une
1392 1977 123 51 petite
1538 1974 99 42 bor-

398 2050 100 41 dure
528 2050 112 40 noire
662 2055 37 35 et
718 2062 56 27 un
795 2049 124 51 glacis
939 2048 50 41 de
1007 2049 122 40 violet
1158 2047 169 42 très-vif
1340 2063 9 36 ;
1377 2049 260 52 supérieures

398 2123 143 41 ornées
568 2122 48 41 de
637 2122 101 40 neuf
754 2123 133 51 points
907 2122 112 39 noirs
1040 2121 101 40 dont
1163 2120 104 40 deux
1292 2132 70 28 sur
1382 2120 34 40 le
1437 2120 142 51 disque
1599 2125 37 36 et

397 2199 87 48 sept
504 2194 220 41 extérieurs
757 2195 177 40 formant
963 2205 81 28 une
1076 2194 110 50 ligne
1212 2193 221 40 flexueuse.
1460 2194 175 39 Dessous

397 2267 149 40 cendré
579 2267 23 40 à
634 2267 96 40 base
761 2267 181 40 bleuâtre
983 2277 95 30 avec
1108 2266 203 52 plusieurs
1344 2265 121 53 petits
1498 2266 136 52 points

397 2340 145 40 ocellés
575 2343 39 37 et
642 2352 81 28 une
752 2340 101 40 série
883 2339 333 41 anté-terminale
1246 2337 49 41 de
1316 2338 139 40 taches
1479 2339 148 48 fauves,

397 2411 183 41 chacune
600 2417 111 36 entre
727 2412 104 41 deux
848 2413 148 52 points.

460 2483 34 55 9
522 2485 91 51 plus
635 2486 150 51 grande
802 2500 9 36 ;
842 2497 96 29 avec
958 2486 36 40 le
1011 2484 143 42 dessus
1173 2484 69 41 des
1263 2484 253 54 supérieures
1536 2483 96 44 d'un
