1788 2996
682 355 49 6 —
766 335 74 38 195
868 355 50 6 —

186 434 142 40 n'offre
347 435 127 50 qu'un
494 434 205 41 rudiment
710 434 48 41 de
779 436 82 39 raie
881 435 307 47 très-sinueuse,
1205 435 207 47 brunâtre,

185 506 136 39 tandis
341 519 75 40 que
459 507 94 40 chez
577 508 60 39 les
666 509 133 38 MautrJ
829 519 54 28 on
912 519 50 28 en
983 507 83 40 voit
1094 518 96 36 une,
1213 518 53 28 au
1285 509 131 37 même

186 578 174 49 endroit,
382 578 248 42 très-foncée
649 583 41 36 et
708 580 199 40 très-bien
928 579 138 51 écrite,
1090 582 38 37 et
1144 590 79 28 une
1245 577 171 42 seconde

187 650 133 40 moins
337 655 215 47 apparente
576 655 112 36 entre
716 651 36 40 le
772 663 118 41 corps
911 655 39 36 et
969 651 99 40 celle
1098 650 54 40 du
1173 650 154 40 milieu.
1343 650 75 52 (De

187 722 176 47 Graslin,
385 734 95 28 ann.
501 735 83 28 soc.
607 723 194 40 entomol.
827 723 49 40 de
897 722 189 54 France).

241 794 393 52 Hautes-Pyrénées,
654 794 127 41 vallée
802 793 51 42 de
870 797 213 50 Lesponne
1100 806 50 29 en
1161 794 148 52 juillet.

185 884 233 48 TYNDARUS,
438 885 99 51 Esp.
549 885 190 46 Dromus,
763 884 98 40 Fab.
884 884 102 41 God.

240 976 51 39 33
373 975 107 40 Ailes
501 974 93 42 d'un
622 975 106 40 brun
761 977 92 38 noir
880 976 220 51 chatoyant
1124 988 50 28 en
1203 979 100 44 vert,
1326 988 94 31 avec

185 1058 80 28 une
288 1046 132 40 bande
440 1048 296 49 ferrugineuse,
757 1059 76 40 peu
864 1046 169 49 arrêtée,
1057 1047 122 40 ornée
1200 1059 77 28 aux
1299 1047 120 52 supé-

185 1119 154 40 rieures
373 1118 48 40 de
452 1118 104 41 deux
585 1131 101 40 yeux
718 1121 188 50 apicaux,
936 1119 205 50 contigus.
1178 1118 243 41 Inférieures

186 1202 95 29 avec
296 1202 52 28 ou
366 1202 94 28 sans
472 1203 104 39 yeux
593 1203 69 28 sur
676 1191 70 40 des
761 1192 138 39 taches
911 1191 315 49 ferrugineuses.
1245 1192 176 39 Dessous

187 1261 71 41 des
273 1263 257 52 supérieures
542 1262 105 41 brun
666 1275 140 38 rouge,
824 1274 96 29 avec
932 1263 39 39 la
987 1266 89 37 côte
1095 1268 39 35 et
1153 1264 36 39 le
1208 1263 100 41 bord
1325 1263 97 40 d'un

185 1342 83 50 gris
287 1340 161 49 cendré,
470 1341 58 40 les
550 1341 100 40 deux
673 1353 103 40 yeux
796 1341 53 39 du
871 1341 142 40 dessus
1035 1345 39 35 et
1090 1341 195 51 quelques
1307 1343 115 38 traits

185 1411 144 42 bruns.
354 1414 176 39 Dessous
553 1412 69 41 des
642 1412 238 41 inférieures
903 1412 160 45 cendré,
1088 1425 95 28 avec
1213 1425 81 28 une
1312 1414 111 50 large

187 1483 133 42 bande
349 1484 199 49 médiane,
570 1484 153 41 limitée
744 1485 71 40 des
837 1484 106 40 deux
967 1483 109 42 côtés
1103 1496 73 40 par
1199 1497 78 28 une
1315 1486 108 50 ligne

186 1556 224 41 denticulée
430 1557 90 51 plus
540 1557 140 40 foncée
695 1571 10 38 ;
727 1558 92 52 puis
840 1569 80 28 une
948 1561 116 36 autre
1084 1558 107 49 ligne
1211 1558 214 40 terminale

186 1627 48 41 de
265 1629 36 39 la
334 1632 130 37 même
484 1629 181 51 couleur,
695 1630 134 39 moins
853 1628 167 40 arrêtée.
1053 1629 178 39 Dessous
1253 1628 71 41 des
1345 1641 76 28 an-

185 1704 141 37 tennes
345 1701 97 40 d'un
458 1702 83 49 gris
561 1701 138 39 blanc.

250 1771 34 55 9
312 1784 95 28 avec
437 1773 39 39 la
506 1772 132 41 bande
659 1773 281 52 ferrugineuse
961 1772 92 54 plus
1075 1771 91 53 pâle
1186 1777 38 36 et
1243 1773 59 39 les
1320 1784 101 40 yeux

186 1845 90 52 plus
308 1856 109 38 gros.
448 1845 176 39 Dessous
659 1844 70 40 des
762 1844 239 40 inférieures
1030 1843 95 41 d'un
1149 1842 81 52 gris
1252 1849 173 35 souvent

182 1918 211 50 jaunâtre.

242 1989 312 39 Très-commun
575 1987 100 40 dans
707 1989 57 39 les
796 1991 241 46 montagnes
1058 1992 39 36 et
1119 1988 158 39 variant
1294 1987 129 40 beau-

186 2074 104 39 coup
311 2072 103 43 pour
433 2061 220 40 l'intensité
677 2061 49 40 de
746 2062 39 38 la
806 2062 187 41 couleur.

242 2134 135 52 Alpes,
398 2132 216 54 Pyrénées,
636 2134 229 50 Auvergne,
888 2137 76 37 etc.
988 2145 50 28 en
1056 2133 94 51 juin
1168 2136 39 36 et
1219 2133 149 51 juillet.

192 2222 72 42 AB.
288 2223 294 49 Cœcodrornus,
607 2221 177 43 Guéuée.

248 2316 94 40 Plus
372 2315 139 52 petite,
542 2315 89 52 plus
663 2313 157 49 foncée,
856 2317 124 48 ayant
1020 2312 19 38 à
1080 2313 118 51 peine
1233 2314 197 50 quelques

194 2391 129 36 traces
344 2386 50 42 de
427 2387 38 40 la
494 2385 134 42 bande
658 2387 279 50 ferrugineuse
971 2389 38 36 et
1030 2385 308 52 complètement
1359 2385 71 41 dé-

198 2471 180 46 pourvue
396 2459 158 52 d'yeux.
578 2461 179 38 Dessous
772 2459 92 53 plus
884 2457 131 42 foncé.

262 2532 34 58 Y
334 2532 218 42 semblable
570 2531 151 50 (Guénée
721 2531 76 50 et
815 2531 185 51 Villiers).
1024 2529 108 43 Mont
1152 2531 168 40 Talèfre.
