1800 2996
623 582 336 70 PRÉFACE

234 967 60 45 La
321 968 162 44 France
501 974 64 39 est
583 982 59 30 un
671 969 73 44 des
761 981 104 46 pays
883 968 62 44 les
965 967 98 58 plus
1081 966 181 45 avancés
1290 967 108 44 dans

173 1053 42 43 la
249 1052 168 45 science
450 1052 371 58 entomologique,
854 1058 42 38 et
922 1051 242 59 cependant
1190 1051 79 45 elle
1296 1051 105 45 était

175 1136 146 59 privée
354 1137 104 44 d'un
492 1151 189 44 ouvrage
708 1136 76 60 qui
818 1136 145 45 traitât
991 1137 131 44 d'une
1149 1136 123 55 façon
1301 1136 98 58 spé-

174 1221 109 44 ciale
318 1221 74 45 des
434 1220 186 46 insectes
657 1221 75 58 qui
765 1220 241 55 l'habitent,
1052 1220 143 45 tandis
1233 1234 85 45 que
1358 1220 42 44 la

174 1304 168 56 Russie,
377 1306 40 43 la
452 1304 157 54 Suède,
639 1305 302 59 l'Angleterre,
979 1305 41 45 la
1060 1304 163 56 Suisse,
1252 1305 149 44 l'Alle-

174 1403 174 44 magne,
377 1396 101 49 etc.,
511 1389 276 59 possédaient
814 1390 74 44 des
920 1389 154 45 faunes
1099 1390 160 45 locales
1295 1389 110 45 très-

172 1473 252 60 complètes,
459 1481 177 37 travaux
663 1474 105 44 dont
792 1473 302 59 l'importance
1122 1487 54 31 au
1201 1473 122 59 point
1351 1473 53 45 de

170 1572 80 30 vue
284 1557 272 61 scientifique
591 1566 42 38 et
664 1559 204 59 pratique
899 1559 112 45 n'est
1033 1573 78 45 pas
1142 1558 257 46 discutable.

230 1641 96 44 Afin
364 1641 51 45 de
449 1655 55 31 ne
535 1655 76 45 pas
645 1654 111 32 nous
789 1641 157 46 laisser
985 1641 210 60 dépasser
1227 1655 80 45 par
1340 1641 62 46 les

170 1740 106 46 pays
299 1725 162 46 voisins
491 1726 213 59 quelques
732 1726 357 57 entomologistes
1107 1725 191 56 français
1326 1734 76 37 ont

172 1810 251 44 commencé
457 1810 41 44 la
539 1810 129 44 faune
702 1810 75 44 des
809 1810 290 59 Coléoptères.
1145 1809 92 45 MM.
1276 1810 124 44 Fair-

172 1893 138 45 maire
331 1900 42 38 et
396 1894 288 45 Laboublière
703 1901 41 38 et
779 1895 55 45 M.
863 1894 210 55 Mulsant;
1093 1894 104 45 c'est
1223 1894 119 46 aussi
1375 1896 23 44 à

173 1992 47 31 ce
253 1978 176 45 dernier
470 1987 158 37 auteur
654 1994 85 44 que
779 1993 113 32 nous
925 1979 159 46 devons
1115 1979 41 45 la
1183 1980 218 59 première

172 2063 137 59 partie
336 2063 50 45 de
413 2064 105 44 celle
552 2064 74 44 des
659 2063 293 61 Hémiptères;
979 2065 142 59 parmi
1154 2065 62 45 les
1249 2065 151 44 ordres

173 2146 228 46 d'insectes
426 2148 74 59 qui
525 2149 122 44 n'ont
672 2163 77 45 pas
777 2163 159 31 encore
956 2149 66 44 été
1040 2149 151 45 traités
1217 2149 108 45 dans
1353 2163 48 30 ce

172 2239 114 42 sens,
306 2226 61 45 les
384 2226 312 59 Lépidoptères
729 2242 55 31 ne
812 2227 270 45 constituent
1099 2242 78 43 pas
1204 2228 92 43 l'un
1326 2228 74 44 des

174 2309 141 45 moins
347 2310 301 55 intéressants,
680 2318 41 38 et
746 2312 105 45 c'est
882 2326 61 30 un
971 2325 189 44 ouvrage
1183 2311 167 45 destiné
1376 2313 23 42 à

171 2392 40 44 le
238 2392 106 45 faire
370 2398 221 42 connaître
609 2410 86 45 que
720 2410 112 31 nous
851 2397 162 44 offrons
1040 2395 284 60 aujourd'hui
1343 2410 53 31 au

173 2476 160 62 public.
