1800 2996
688 309 50 8 —
766 290 79 38 223
876 308 50 8 —

189 404 72 41 pes
280 390 168 51 écartés,
468 390 233 50 très-velus,
726 402 94 29 avec
841 390 38 40 le
907 388 162 42 dernier
1087 388 139 41 article
1252 399 173 43 presque

187 479 70 35 nu,
283 470 114 36 court
422 470 38 37 et
478 478 78 40 peu
576 467 108 49 aigu.
712 465 178 41 Corselet
928 461 295 54 très-robuste;
1251 466 80 38 tête
1367 475 57 30 un

187 551 78 40 peu
295 539 131 40 moins
445 538 109 51 large
573 550 78 40 que
672 539 71 39 lui.
766 537 212 41 Abdomen
1011 536 91 53 plus
1129 536 98 51 long
1259 549 78 39 que
1365 537 58 40 les

186 611 97 40 ailes
306 610 248 41 inférieures.
578 611 195 40 Celles-ci
793 608 310 55 profondément
1138 607 165 42 dentées
1320 623 11 37 ;
1364 608 59 41 les

188 684 253 53 supérieures
462 687 122 50 ayant
604 683 69 41 des
694 684 137 41 taches
864 686 304 50 transparentes
1188 693 53 30 ou
1260 681 160 49 vitrées,

188 760 38 38 et
245 757 36 40 le
302 757 98 52 repli
415 758 68 50 qui
499 757 128 40 forme
641 757 39 40 la
692 759 88 38 côte
795 756 23 41 à
835 768 75 29 son
925 756 155 51 origine
1093 754 325 54 très-prononcé.

188 831 201 42 Chenilles
409 843 156 29 comme
586 831 118 40 celles
726 830 49 41 de
795 830 39 41 la
854 831 120 40 tribu.

187 947 251 47 MALVARUM,
464 945 60 42 Ill.
549 943 159 51 Malvœ,
726 945 101 41 God.

241 1058 94 39 29m.
365 1055 108 41 Ailes
492 1054 97 42 d'un
609 1055 230 51 gris-brun,
871 1066 96 30 avec
993 1065 80 30 une
1107 1054 123 40 teinte
1256 1066 57 29 un
1343 1065 80 42 peu

185 1131 212 48 rougeàtre
412 1143 10 38 ;
455 1127 256 54 supérieures
730 1128 248 51 légèrement
996 1127 181 49 dentées,
1202 1138 96 31 avec
1317 1127 106 41 deux

185 1201 155 42 bandes
367 1201 151 42 brunes
532 1216 10 38 ;
575 1200 40 42 la
644 1202 197 52 première
870 1201 92 52 près
983 1200 49 41 de
1055 1201 39 40 la
1123 1201 112 48 base,
1271 1199 152 42 coudée

186 1286 97 29 sous
303 1275 38 39 la
360 1265 159 58 cellule,
542 1277 223 38 nettement
785 1273 152 54 coupée
957 1273 353 52 extérieurement,
1331 1274 91 40 fon-

186 1347 77 41 due
283 1346 333 42 intérieurement
633 1362 9 37 ;
680 1347 37 40 la
739 1346 173 42 seconde
941 1346 220 50 flexueuse,
1182 1347 239 48 incertaine,

189 1421 279 51 interrompue
506 1423 38 37 et
574 1418 170 42 éclairée
770 1419 337 41 extérieurement
1137 1418 121 42 d'une
1289 1419 135 41 bande

185 1493 96 39 d'un
302 1491 286 52 gris-verdâtre
603 1507 9 37 ;
639 1494 58 39 les
718 1495 152 38 mêmes
887 1493 99 40 ailes
1007 1495 125 49 ayant
1155 1504 50 28 en
1226 1495 116 38 outre
1362 1493 62 39 six

185 1566 144 52 petites
349 1565 139 41 taches
518 1566 161 47 vitrées,
705 1565 99 41 dont
832 1563 100 43 trois
955 1564 161 41 réunies
1135 1565 91 52 près
1245 1564 50 42 de
1315 1565 106 40 l'an-

185 1639 61 52 gle
266 1639 129 52 apical
410 1642 38 37 et
462 1638 58 41 les
540 1639 100 41 trois
653 1644 135 35 autres
806 1637 198 54 groupées
1024 1638 24 40 à
1061 1636 238 42 l'extrémité
1319 1638 50 41 de
1383 1638 40 40 la

183 1712 156 40 cellule.
382 1711 243 41 Inférieures
655 1710 289 49 très-dentées,
991 1722 95 30 avec
1117 1723 56 28 un
1206 1711 117 52 point
1342 1710 24 41 à
1384 1711 41 40 la

184 1782 112 51 base,
320 1795 79 29 une
435 1783 103 41 série
569 1784 200 48 médiane,
791 1785 91 53 puis
911 1795 81 29 une
1026 1783 325 41 anté-terminale
1371 1783 49 41 de

184 1856 139 41 taches
359 1856 206 50 grisâtres,
600 1856 35 39 le
668 1859 89 37 tout
789 1867 111 32 assez
936 1856 157 40 confus.
1129 1857 176 40 Dessous
1330 1857 92 52 plus

184 1930 97 40 clair
306 1941 78 39 que
403 1929 36 40 le
465 1928 157 49 dessus,
644 1928 91 52 plus
757 1930 85 47 uni,
865 1940 96 30 avec
981 1929 60 41 les
1061 1929 140 41 taches
1222 1929 70 41 des
1312 1929 105 41 infé-

184 2003 154 40 rieures
361 2001 259 40 blanchâtres
641 2006 38 36 et
701 2000 92 54 plus
820 2005 259 49 apparentes,
1117 2003 179 51 quoique
1330 2003 91 52 plus
1464 2035 27 19 m-

184 2073 207 43 rétrécies.
425 2076 158 39 Massue
616 2074 70 41 des
715 2078 199 37 antennes
944 2074 112 41 étant
1087 2075 335 42 intérieurement

183 2148 99 41 d'un
302 2149 263 50 ferrugineux
584 2148 149 41 obscur
751 2152 39 37 et
817 2161 58 28 un
893 2160 80 42 peu
993 2148 172 42 courbée
1185 2161 49 28 en
1254 2149 165 42 crochet

183 2221 20 41 à
221 2221 240 41 l'extrémité
482 2221 173 49 (Guenée
678 2223 44 39 T.
747 2222 55 50 S.)

237 2303 25 36 V
297 2293 235 48 semblable,
564 2292 103 42 mais
688 2295 90 51 plus
799 2293 167 51 grande.

237 2366 182 40 Chenille
440 2379 50 27 en
504 2368 93 50 juin
615 2370 38 37 et
672 2368 226 52 septembre
916 2379 70 28 sur
1001 2366 232 43 différentes
1252 2368 164 53 espèces

183 2438 49 40 de
252 2449 182 38 mauves,
465 2438 57 41 vit
545 2440 200 40 enfermée
766 2440 101 40 dans
882 2452 80 28 une
981 2440 136 41 feuille
1136 2441 146 52 qu'elle
1301 2442 114 42 roule

182 2523 51 29 en
253 2515 155 38 cornet.
