1828 3012
1003 340 46 7 —
1082 321 23 36 8
1135 339 48 7 —

479 419 50 41 de
548 422 112 38 toute
680 432 75 29 son
771 421 221 48 existence,
1016 422 35 39 le
1072 422 189 39 souvenir
1279 420 48 41 de
1346 433 63 29 ses
1425 421 283 53 promenades,

484 491 69 42 des
575 493 103 40 amis
712 494 69 49 qui
808 493 401 54 l'accompagnaient,
1232 493 70 41 des
1330 506 98 41 pays
1456 493 97 52 qu'il
1572 506 23 28 a
1616 506 96 41 par-

483 577 163 37 courus,
669 565 71 42 des
775 568 255 51 espérances,
1052 566 71 42 des
1142 567 217 42 ambitions
1379 567 49 41 de
1448 579 44 29 sa
1507 567 203 54 jeunesse.

481 639 62 39 Au
563 639 115 52 point
701 638 48 41 de
771 650 75 30 vue
869 640 143 48 moral,
1042 651 104 29 nous
1174 651 51 29 ne
1245 652 182 40 pouvons
1460 639 137 42 mieux
1617 640 98 40 faire

482 722 79 39 que
580 710 49 41 de
651 711 99 41 citer
769 711 57 40 les
848 712 159 52 paroles
1028 724 77 39 que
1125 713 241 52 prononçait
1391 713 27 39 il
1437 725 24 39 y
1480 724 23 28 a
1524 713 192 51 quelques

483 781 151 42 années
683 784 52 39 M.
782 782 159 41 Guénée
989 787 23 36 à
1057 784 39 40 la
1147 783 155 42 Société
1342 785 337 51 Entomologique
1706 801 9 24 :

486 868 21 24 «
530 856 385 48 Souvenons-nous,
956 855 189 49 disait-il,
1185 868 79 40 que
1302 860 115 38 notre
1450 856 269 51 entomologie

485 925 153 43 fournit
672 939 57 29 un
762 928 147 52 emploi
941 928 222 41 honorable
1183 932 38 37 et
1241 929 129 40 moral
1403 930 23 39 à
1457 928 187 42 l'activité
1673 928 48 41 de

485 999 284 51 l'intelligence
814 1000 192 41 humaine
1024 1015 10 37 ;
1084 1001 145 51 qu'elle
1260 1013 122 29 ouvre
1421 1013 77 29 aux
1541 1002 182 52 passions

489 1083 79 29 une
605 1072 88 40 voie
741 1072 191 41 salutaire
975 1072 49 41 de
1069 1072 223 42 dérivation
1311 1088 10 37 ;
1364 1072 142 53 qu'elle
1564 1074 161 50 grandit

487 1142 194 42 l'homme
702 1155 49 29 en
785 1142 157 43 élevant
975 1156 74 29 son
1082 1145 148 51 esprit,
1262 1149 38 36 et
1333 1144 141 52 qu'elle
1508 1144 218 41 l'améliore

492 1227 50 29 en
571 1216 200 52 polissant
804 1228 63 29 ses
907 1228 166 29 mœurs.
1109 1218 181 40 Pensons
1325 1228 79 30 aux
1438 1218 202 40 blessures
1672 1216 55 41 du

494 1300 111 29 cœur
626 1288 143 52 qu'elle
788 1299 23 29 a
831 1287 181 52 guéries,
1035 1300 78 29 aux
1134 1290 186 40 illusions
1337 1289 134 53 prêtes
1490 1290 24 40 à
1534 1289 197 41 s'envoler

496 1360 146 53 qu'elle
661 1372 24 29 a
704 1364 202 46 retenues,
929 1373 78 28 aux
1028 1361 248 53 mécomptes
1296 1361 98 42 dont
1413 1363 75 40 elle
1507 1373 23 29 a
1551 1361 178 50 consolé,

495 1445 81 29 aux
595 1434 189 50 chagrins
813 1432 198 52 légitimes
1040 1433 96 43 dont
1157 1435 74 40 elle
1251 1446 23 28 a
1291 1434 147 41 adouci
1462 1434 266 49 l'amertume,

495 1517 80 29 aux
590 1505 104 54 joies
725 1505 237 52 tranquilles
993 1505 99 42 dont
1131 1506 74 40 elle
1243 1506 108 41 sème
1384 1506 39 41 la
1459 1508 75 39 vie.
1575 1508 158 51 Soyons

499 1578 92 41 fiers
620 1578 56 41 du
716 1577 186 42 bonheur
939 1578 144 52 qu'elle
1119 1578 134 41 donne
1290 1590 52 29 au
1380 1590 150 41 pauvre
1575 1589 159 30 comme

498 1662 52 29 au
583 1650 125 49 riche,
738 1650 24 41 à
781 1650 192 41 l'homme
1005 1662 78 40 que
1108 1651 36 40 le
1172 1651 142 41 travail
1340 1662 24 29 a
1392 1650 150 51 fatigué
1576 1662 159 29 comme

499 1724 25 40 à
553 1722 104 41 celui
688 1734 78 40 que
787 1722 194 42 l'oisiveté
1000 1724 274 49 tourmentait,
1310 1726 38 37 et
1365 1722 139 41 disons
1524 1734 104 29 nous
1657 1734 79 39 que

501 1800 112 38 toute
633 1807 142 30 source
806 1795 95 42 d'où
927 1795 158 41 coulent
1117 1795 49 41 de
1193 1796 146 52 pareils
1358 1795 204 50 bienfaits,
1599 1796 135 41 n'eût-

503 1869 76 41 elle
592 1880 73 41 pas
681 1868 177 41 d'autres
878 1869 114 40 titres
1006 1868 24 40 à
1043 1868 40 41 la
1099 1869 334 40 reconnaissance
1448 1867 70 42 des
1534 1868 201 48 hommes,

504 1941 140 41 mérite
665 1941 100 40 dans
786 1944 93 38 tous
897 1942 58 40 les
988 1945 130 48 temps
1139 1940 122 41 d'être
1281 1940 203 53 respectée
1504 1944 38 37 et
1560 1940 131 41 bénie.
1720 1955 17 23 J)

558 2018 61 37 Au
640 2014 115 53 point
774 2012 49 42 de
854 2025 76 29 vue
950 2012 205 50 matériel,
1175 2011 149 42 l'étude
1356 2011 70 41 des
1457 2011 284 52 Lépidoptères

504 2090 96 50 peut
637 2086 145 41 rendre
814 2085 260 41 d'immenses
1113 2086 172 41 services
1302 2099 10 38 ;
1354 2084 74 41 elle
1460 2095 104 30 nous
1596 2095 24 28 a
1650 2082 88 53 déjà

507 2158 135 41 donné
659 2160 36 39 le
712 2170 69 30 ver
800 2158 24 41 à
836 2158 84 41 soie
936 2157 54 41 du
1009 2159 152 39 mûrier
1176 2158 203 54 (Bombix
1394 2155 126 54 mon)
1537 2154 68 53 qui
1622 2159 61 37 est
1703 2155 38 40 la

507 2232 96 40 base
623 2231 120 41 d'une
765 2230 69 41 des
853 2229 199 42 branches
1082 2230 57 40 les
1159 2230 90 52 plus
1270 2231 266 51 importantes
1568 2228 47 40 de
1646 2227 95 41 l'in-

509 2304 156 40 dustrie
681 2318 10 37 ;
727 2304 97 40 c'est
861 2315 50 29 en
941 2302 179 41 étudiant
1145 2302 50 40 de
1232 2302 90 52 près
1350 2302 58 40 les
1443 2301 194 41 maladies
1673 2300 70 51 qui

509 2376 198 41 sévissent
739 2377 33 39 si
803 2375 212 41 durement
1043 2387 69 28 sur
1145 2378 62 37 cet
1237 2375 99 39 utile
1365 2375 151 40 insecte
1549 2385 77 39 (lue
1662 2373 83 40 l'on

509 2450 177 40 arrivera
705 2449 24 40 à
748 2449 58 40 les
826 2448 134 51 guérir
975 2462 10 39 ;
1008 2460 49 28 en
1077 2447 224 48 attendant,
1321 2447 116 50 grâce
1458 2447 24 40 à
1500 2446 38 40 la
1559 2444 185 54 persévé-

509 2533 120 30 rance
651 2521 49 42 de
719 2524 118 39 notre
858 2524 141 39 savant
1029 2519 196 53 collègue,
1249 2521 49 42 M,
1329 2519 153 45 Gutrin
1514 2517 227 49 ltleneville,
