1828 3012
914 311 52 7 —
996 289 81 43 234
1107 311 52 7 —

416 395 167 48 GOMMA,
606 395 46 38 L.
672 392 103 43 God.

471 496 94 38 28ni.
590 491 276 42 Très-voisine
887 490 49 42 de
955 491 39 39 la
1017 488 257 54 précédente,
1299 489 100 40 ailes
1420 487 92 41 d'un
1528 489 127 50 jaune

416 567 131 47 fauve,
570 576 96 30 avec
680 567 99 39 'une
804 564 179 40 bordure
1002 563 147 49 brune,
1173 565 38 37 et
1230 573 80 30 une
1330 561 102 41 série
1452 562 204 40 flexueuse

416 638 333 44 anté-terminale
778 637 48 40 de
859 638 145 51 petites
1042 636 139 41 taches
1214 635 157 41 carrées
1405 634 96 40 d'un
1531 636 124 50 jaune

416 714 113 48 clair,
549 712 256 53 supérieures
819 712 92 52 plus
926 711 141 51 aigues
1085 722 53 29 au
1163 715 188 42 sommet,
1374 719 96 30 avec
1486 720 56 29 un
1562 708 95 40 trait

416 797 110 28 a?scz
547 784 111 53 épais
676 795 71 29 sur
765 785 37 40 le
817 782 142 53 disque
980 796 10 36 ;
1011 795 45 29 ce
1078 782 95 41 trait
1200 786 59 37 est
1279 781 126 41 divisé
1429 780 224 51 longitudi-

418 856 206 42 nalement
640 865 73 45 par
727 867 81 30 une
829 857 110 51 ligne
956 855 199 55 plombée,
1172 855 205 40 brillante.
1395 857 177 38 Dessous
1588 854 70 40 des

415 930 242 42 inférieures
676 930 202 49 verdâtre,
899 941 96 30 avec
1023 929 107 41 deux
1149 930 130 50 lignes
1311 928 48 40 de
1391 928 140 41 taches
1565 939 91 29 car-

418 1003 103 49 rées,
562 1003 275 48 blanchâtres,
870 1002 174 42 bordées
1081 1002 49 41 de
1169 1001 93 42 noir
1298 1001 349 41 extérieurement.

416 1078 208 39 Antennes
666 1077 24 41 à
733 1087 163 31 massue
936 1075 255 52 globuleuse,
1229 1075 218 41 terminées
1486 1087 73 41 par
1600 1086 57 30 un

417 1150 101 52 petit
537 1150 181 40 crochet.

480 1221 34 56 9
543 1223 93 52 plus
656 1222 168 52 grande,
847 1223 92 52 plus
959 1220 188 43 arrondie
1169 1226 39 36 et
1229 1232 95 30 sans
1345 1222 96 40 trait
1459 1222 92 40 noir
1572 1220 85 42 dis-

419 1295 148 40 coïdal.

473 1367 180 40 Chenille
674 1379 50 29 en
737 1367 132 53 juillet
890 1378 70 30 sur
989 1368 38 39 la
1049 1366 212 42 Coronilla
1283 1369 137 38 varia.

472 1441 46 39 T.
540 1440 38 40 la
599 1441 43 39 F.
668 1442 104 39 mais
792 1440 91 53 plus
904 1438 192 43 localisée
1115 1452 78 40 que
1214 1439 216 53 Sylvanus.
1448 1440 84 39 Elle
1553 1441 105 39 aime

417 1512 61 40 les
498 1511 91 42 bois
610 1524 88 30 secs
731 1516 40 37 et
802 1513 59 41 les
896 1513 186 41 chemins
1109 1516 121 37 verts.
1269 1513 129 48 Paris,
1430 1512 230 41 Saint-Ger-

418 1586 126 47 main,
580 1585 89 41 bois
712 1585 54 41 du
800 1586 180 51 Vésinet,
1021 1586 331 47 Fontainebleau,
1394 1586 144 52 Lardy,
1574 1587 84 40 Au-

418 1672 162 39 vergne,
604 1662 152 50 Vosges
777 1665 38 37 et
836 1665 136 37 autres
993 1661 184 41 contrées
1190 1662 50 40 de
1254 1663 34 39 la
1309 1663 153 40 France
1478 1675 50 27 en
1546 1667 110 37 août.

774 1830 122 35 Genre
922 1830 289 43 CYCLOPIDES,
1237 1831 68 34 Hb.

864 1925 221 40 tSTEROPES,
1111 1923 107 41 Bdv.).

473 2066 159 40 Massue
656 2062 71 41 des
748 2066 200 37 antennes
970 2066 156 45 courte,
1150 2064 163 48 ovoïde,
1338 2075 172 40 presque
1532 2065 129 41 droite

418 2142 40 35 et
479 2148 95 29 sans
604 2136 164 40 crochet
795 2147 53 28 au
884 2135 116 40 bout.
1040 2137 144 52 Palpes
1218 2136 167 50 écartés,
1423 2137 233 49 très-velus,

419 2222 95 29 avec
533 2210 36 40 le
588 2209 160 41 dernier
768 2207 140 44 article
934 2210 93 52 plus
1047 2210 150 47 mince,
1221 2209 265 41 très-distinct
1506 2214 38 36 et
1564 2212 95 38 très-

416 2284 110 49 aigu.
565 2285 92 38 Tète
686 2286 112 38 aussi
819 2283 112 51 large
962 2295 78 39 que
1060 2284 35 38 le
1118 2283 186 40 corselet.
1329 2283 213 40 Abdomen
1563 2285 92 51 plus

415 2356 97 50 long
531 2368 78 39 que
629 2357 57 39 les
706 2357 99 40 ailes
820 2357 253 47 inférieures,
1092 2356 209 50 très-grêle
1329 2360 160 36 surtout
1504 2356 102 40 dans
1622 2358 35 40 le

418 2429 116 40 mâle.
560 2429 109 40 Ailes
682 2430 92 51 plus
794 2430 156 52 amples
970 2434 37 35 et
1027 2430 133 39 moins
1178 2428 181 54 épaisses
1380 2439 79 41 que
1477 2427 102 43 dans
1597 2428 58 41 les

417 2505 136 37 autres
573 2513 143 39 genres
738 2502 49 40 de
807 2502 39 41 la
865 2505 131 38 même
1020 2502 124 41 tribu.
