1716 2984
608 289 52 10 —
692 267 75 41 107
795 287 53 9 —

112 378 113 42 noire
251 388 49 28 au
327 372 102 43 bord
457 375 177 47 externe,
658 370 148 42 divisée
832 382 72 42 par
921 382 81 30 une
1035 370 102 42 série
1168 370 48 43 de
1247 369 90 44 huit

112 449 137 42 taches
258 449 162 50 jaunes;
435 444 252 48 inférieures,
706 442 143 41 offrant
869 441 108 42 aussi
996 454 49 29 au
1065 442 99 41 bord
1179 447 162 37 externe

114 534 79 30 une
218 520 131 41 bande
383 518 113 40 noire
529 516 121 41 ornée
682 515 49 41 de
758 516 137 40 taches
923 515 151 49 bleues,
1103 516 117 50 angle
1249 516 92 40 anal

116 594 141 42 décoré
279 593 120 41 d'une
418 591 116 40 tache
567 590 96 39 d'un
695 590 117 40 fauve
830 600 139 40 rouge,
992 589 232 40 surmontée
1242 589 97 40 d'un

116 669 193 41 croissant
346 665 121 40 violet
502 662 237 41 blanchâtre
756 677 10 38 ;
807 674 149 41 queues
1000 662 70 41 des
1107 661 234 43 inférieures

116 742 133 40 noires
269 740 23 39 à
312 735 250 49 l'extrémité,
593 734 33 57 Y
656 736 231 40 semblable.

170 815 44 38 T.
235 813 39 39 la
294 813 62 46 F.,
373 821 188 30 commun
581 821 50 28 en
649 810 80 38 mai
750 812 38 37 et
805 809 148 51 juillet.

171 885 178 41 Chenille
365 896 50 28 en
428 883 76 39 mai
519 885 38 37 et
572 882 224 52 septembre
810 893 69 28 sur
891 881 37 40 le
941 880 181 50 Fenouil,
1139 880 202 42 Anetll111n

115 959 232 54 feniculum,
369 958 38 39 la
426 959 148 38 carotte
596 954 161 41 Daucus
778 959 157 36 carota.

536 1104 120 35 Genre
676 1104 143 41 THAIS,
843 1103 85 34 Fab.

171 1223 200 41 Chenilles
403 1220 286 55 cylindroïdes,
730 1222 175 49 courtes,
940 1218 190 52 chargées
1164 1219 178 53 d'épines

119 1296 215 46 charnues,
350 1293 194 41 hérissées
565 1293 24 40 à
607 1291 238 42 l'extrémité
865 1291 49 40 de
932 1289 120 55 petits
1070 1292 103 51 poils
1193 1291 148 48 raides,

121 1374 52 37 1er
185 1381 156 29 anneau
357 1379 152 42 pourvu
532 1367 94 40 d'un
649 1366 203 40 tentacule
874 1365 152 40 charnu
1042 1376 49 29 en
1111 1366 126 39 forme
1257 1364 86 41 d'Y.

173 1444 81 38 Ins.
276 1440 92 54 parf
401 1441 93 39 Tête
525 1438 136 54 petite,
684 1439 98 40 ailes
815 1437 200 41 dentelées
1041 1437 24 40 à
1084 1437 98 40 fond
1202 1438 139 50 jaune,

118 1514 141 43 ornées
281 1514 49 40 de
345 1514 258 40 nombreuses
624 1513 137 39 taches
781 1513 136 39 noires
937 1514 38 37 et
994 1522 160 39 rouges.
1177 1509 168 53 Chrysa-

117 1586 100 41 lides
247 1585 170 49 effilées,
453 1586 214 50 coniques,
702 1585 243 50 anguleuses
978 1582 364 49 antérieurement,

118 1660 79 38 tête
216 1657 150 53 coupée
387 1670 50 28 en
454 1656 155 42 biseau.

118 1755 202 48 POLIXENA,
320 1755 81 48 S.
415 1755 46 39 V.
475 1755 89 39 Var.
582 1750 339 52 Cassandra,llb.
943 1751 70 50 (Pl.
1040 1755 37 45 1,
1109 1751 68 51 fig.
1198 1750 57 53 2.)

173 1851 167 49 France,
380 1862 99 38 mer,
511 1850 185 40 environs
728 1848 208 52 d'Ilyères,
975 1859 49 28 en
1062 1858 108 29 mars
1189 1853 39 35 et
1246 1847 96 41 avril

119 1935 78 41 peu
221 1934 103 29 rare.

173 1995 174 40 Chenille
367 2006 49 29 en
438 1996 79 38 mai
544 2006 69 28 sur
631 1992 301 42 VAristolochia
952 1993 256 52 pistolochia.

173 2069 55 39 Le
248 2068 98 52 type
346 2068 198 52 P01ixena
563 2079 50 28 ne
633 2078 43 29 se
695 2070 141 36 trouve
856 2076 72 41 pas
948 2076 49 28 en
1018 2066 166 40 France.

119 2164 179 48 RUMINA,
317 2164 64 49 L.,
404 2164 90 40 Var.
517 2162 275 48 Medesicaste,
816 2160 104 51 Illig.

174 2260 91 39 45m.
298 2259 106 41 Ailes
424 2272 55 27 un
498 2271 76 41 peu
603 2256 225 50 arrondies,
850 2257 97 40 d'un
965 2257 102 41 beau
1083 2259 140 51 jaune,
1244 2259 101 41 bord

120 2331 197 49 marginal
347 2332 104 49 noir,
474 2330 124 41 divisé
624 2342 73 41 par
717 2330 70 40 des
816 2328 162 41 lunules
997 2330 146 51 jaunes
1164 2336 38 35 et
1221 2331 124 41 beau-

121 2414 103 40 coup
253 2402 48 41 de
328 2403 136 40 taches
495 2403 133 40 noires
662 2404 38 38 et
725 2412 146 40 rouges
891 2413 68 28 sur
985 2401 58 41 les
1064 2406 140 47 quatre
1231 2403 115 50 ailes,

122 2474 102 42 deux
255 2486 50 31 ou
338 2476 99 41 trois
469 2474 137 43 taches
637 2474 175 54 apicales
841 2473 190 43 blanches
1059 2486 69 29 sur
1147 2475 58 41 les
1224 2475 122 54 supé-
