1752 3008
713 343 56 7 —
800 319 74 42 159
902 343 54 7 —

216 408 60 42 du
296 409 155 42 dessus.
484 411 239 42 Inférieures
747 424 95 30 avec
868 413 40 40 la
933 413 97 40 base
1056 416 39 37 et
1123 413 37 40 le
1183 413 103 40 bord
1317 413 129 41 abdo-

218 482 126 41 minal
365 483 97 41 d'un
484 484 95 40 bleu
599 484 145 41 cendré
763 489 39 36 et
820 486 98 40 trois
938 484 122 41 séries
1081 485 363 51 anté-marginales

221 554 49 40 de
287 555 135 52 points
455 557 126 49 noirs,
616 557 98 41 dont
738 557 105 41 deux
869 569 52 29 ou
945 558 97 40 trois
1062 557 166 41 éclairés
1249 557 49 41 de
1328 558 119 41 blanc

218 627 91 52 près
331 627 48 42 de
391 628 147 51 l'angle
557 631 106 39 anal.

239 731 7 2 -
272 695 27 46 9
331 695 91 52 plus
457 697 165 49 grande,
653 698 91 51 plus
776 698 203 48 arrondie,
1031 702 36 37 et
1102 699 23 39 à
1157 699 139 39 taches
1325 699 119 39 blan-

219 765 95 42 ches
337 768 135 39 mieux
493 769 225 50 marquées.
745 770 125 50 Angle
887 771 92 39 anal
1001 770 315 40 ordinairement
1334 782 109 28 mar-

219 837 78 52 qué
315 838 49 41 de
378 839 102 40 deux
500 841 134 50 points
656 843 112 38 noirs
782 842 145 40 bordés
944 841 47 41 de
1012 843 271 49 ferrugineux.

273 910 181 42 Chenille
474 924 50 28 en
543 914 81 38 mai
641 925 70 29 sur
736 915 36 39 le
793 915 279 40 chèvrefeuille
1093 915 69 40 des
1179 914 104 41 bois.

274 983 109 40 Nord
418 987 38 37 et
485 989 136 36 centre
651 985 50 41 de
730 986 38 39 la
801 988 171 46 France,
1006 999 216 28 commune
1255 987 100 40 dans
1387 987 57 40 les

219 1060 149 50 grands
386 1061 105 49 bois,
513 1062 188 41 environs
722 1060 50 42 de
789 1064 126 47 Paris,
937 1064 157 47 Alsace,
1110 1065 168 49 Vosges,
1299 1062 145 53 dépar-

216 1135 153 39 tement
388 1132 54 41 du
462 1133 124 50 Nord,
603 1138 94 45 etc.,
719 1146 50 28 en
782 1135 94 51 juin
896 1139 39 37 et
948 1136 146 51 juillet.

603 1296 120 34 Genre
745 1296 217 42 VANESSA,
985 1297 86 34 Fab.

275 1434 201 41 Antennes
496 1436 111 39 aussi
624 1435 170 51 longues
813 1448 78 39 que
911 1435 36 42 le
968 1448 133 40 corps,
1122 1437 166 50 rigides,
1305 1436 141 39 termi-

216 1506 100 41 nées
339 1517 74 42 par
434 1519 80 28 une
542 1518 162 29 massue
732 1508 196 50 allongée,
953 1508 160 48 ovoïde,
1130 1509 150 50 jamais
1300 1509 148 51 aplatie

217 1574 44 39 ni
273 1573 168 41 creusée
457 1585 50 28 en
527 1574 178 41 cuillière
726 1586 50 29 en
796 1575 184 41 dessous.
1003 1576 142 52 Palpes
1163 1587 79 28 une
1260 1575 77 39 fois
1356 1574 92 53 plus

216 1645 115 50 longs
352 1656 78 40 que
457 1646 41 39 la
524 1648 92 48 tête,
640 1659 260 39 cOllvergens,
921 1649 113 39 velus
1055 1648 193 51 jusqu'au
1272 1647 115 49 bout,
1410 1651 39 36 et

219 1728 42 29 se
279 1718 219 40 terminant
515 1730 50 29 en
584 1720 139 51 pointe
738 1720 94 52 plus
850 1732 53 29 ou
923 1721 132 39 moins
1075 1721 138 48 aiguë.
1237 1721 93 39 Tète
1355 1720 92 51 plus

217 1790 142 45 étroite
388 1803 78 39 que
491 1792 38 40 le
559 1794 183 51 corselet,
783 1794 166 41 celui-ci
976 1794 264 40 très-robuste
1269 1798 39 36 et
1340 1795 110 39 aussi

218 1861 96 52 long
333 1874 78 39 que
425 1863 228 42 l'abdomen
667 1867 68 51 qui
756 1870 60 36 est
836 1866 210 53 beaucoup
1064 1867 92 51 plus
1172 1870 116 36 court
1303 1878 77 39 que
1392 1866 57 39 les

218 1935 98 40 ailes
329 1935 237 42 inférieures
581 1941 38 37 et
633 1937 121 42 caché
766 1939 263 40 entièrement
1040 1950 73 41 par
1130 1939 40 39 la
1189 1938 172 40 réunion
1376 1937 72 41 des

217 2006 124 41 bords
356 2009 192 51 internes,
569 2010 178 41 formant
766 2012 195 50 gouttière
984 2011 100 40 dans
1112 2010 111 41 l'état
1242 2011 49 39 de
1311 2023 134 40 repos.

219 2080 150 40 Cellule
391 2081 220 41 discoïdale
631 2083 69 40 des
719 2083 101 41 dites
836 2085 97 39 ailes
954 2088 179 36 ouverte.

274 2153 179 40 Chenille
472 2158 123 54 ayant
613 2155 39 39 la
669 2158 79 43 tête
763 2155 220 41 échancrée
1004 2168 46 28 en
1069 2167 111 28 cœur
1199 2154 248 40 antérieure-

218 2228 125 46 ment,
367 2229 40 36 et
427 2226 37 40 le
495 2238 117 41 corps
642 2229 113 48 garni
782 2227 178 53 d'épines
987 2228 137 40 velues
1156 2238 51 28 ou
1238 2238 210 28 rameuses

220 2295 151 52 d'égale
397 2297 213 51 longueur,
634 2299 163 52 excepté
826 2311 70 28 sur
920 2299 36 40 le
984 2300 174 51 premier
1177 2302 39 36 et
1234 2298 35 39 le
1290 2297 160 40 dernier

219 2382 183 39 anneau,
434 2375 70 49 qui
533 2386 50 28 en
615 2379 93 36 sont
738 2374 242 52 dépourvus.
1021 2374 257 52 Chrysalides
1322 2387 126 37 angu-

220 2443 146 49 leuses,
389 2449 121 48 ayant
530 2447 38 39 la
586 2448 127 50 partie
729 2447 229 40 antérieure
977 2446 49 40 de
1047 2447 36 39 la
1102 2449 76 38 tête
1196 2447 252 51 quelquefois

221 2516 209 50 arrondie,
471 2519 103 41 mais
604 2520 37 40 le
672 2519 91 53 plus
802 2523 170 37 souvent
1004 2519 194 41 terminée
1233 2530 74 43 par
1343 2519 103 44 deux
