1792 2988
930 329 50 8 —
1013 308 77 42 174
1120 329 50 6 —

431 408 172 41 térieure
638 407 233 43 surmontée
907 407 49 42 de
991 407 198 41 chevrons
1226 406 134 50 noirs,
1400 408 39 40 la
1477 407 186 42 médiane

430 479 276 54 interrompue
724 493 91 28 vers
835 481 37 40 le
892 479 154 50 milieu,
1070 480 38 40 la
1131 481 200 40 troisième
1351 480 246 52 rapprochée
1618 480 47 41 de

428 554 40 39 la
484 554 98 39 base
609 558 38 36 et
677 553 152 40 formée
850 552 48 41 de
922 554 100 43 trois
1041 553 154 49 taches,
1222 552 198 54 séparées,
1438 556 113 37 entre
1570 553 95 40 elles

427 637 73 41 par
514 625 105 41 deux
637 626 138 41 taches
794 624 96 41 d'un
905 625 126 53 jaune
1047 626 97 40 clair
1157 638 9 36 ;
1184 625 23 40 à
1225 626 36 38 la
1278 625 116 48 base,
1413 626 99 39 trois
1532 629 133 36 autres

427 698 139 41 taches
584 699 91 52 plus
701 697 143 53 petites
862 700 39 38 et
922 697 98 41 dont
1051 698 37 40 la
1112 698 90 53 plus
1221 697 245 53 rapprochée
1487 696 53 41 du
1563 697 101 40 bord

426 775 160 40 interne
608 777 61 37 est
687 772 237 43 faiblement
942 773 158 42 nacrée.

479 847 29 46 9
529 846 233 49 semblable,
777 858 57 28 un
853 858 78 41 peu
948 847 91 52 plus
1058 845 146 52 grande
1224 849 37 38 et
1278 846 92 53 plus
1389 849 127 38 terne.

482 919 179 40 Chenille
682 931 50 28 en
753 920 99 40 avril
873 924 39 36 et
931 918 229 53 septembre
1178 931 69 28 sur
1267 919 38 40 la
1323 920 175 40 violette.

482 991 305 42 Généralement
814 990 134 44 moins
967 990 204 54 répandue
1202 1002 77 40 que
1300 992 268 52 Euphrosine,
1589 992 75 40 elle

428 1076 43 29 se
492 1067 141 38 trouve
652 1063 237 42 néanmoins
909 1064 101 40 dans
1022 1067 111 38 toute
1150 1064 38 40 la
1200 1065 168 49 France,
1388 1064 97 41 dans
1505 1063 58 42 les
1573 1064 89 40 bois

428 1141 39 36 et
485 1137 58 40 les
563 1137 158 40 vallons
741 1148 51 29 en
811 1137 98 48 mai,
931 1138 96 39 août
1047 1139 39 37 et
1105 1136 238 53 septembre.

428 1226 288 48 EUPIIROSINE,
735 1227 45 38 L.
805 1225 101 41 God.

482 1314 103 39 40m.
611 1312 109 42 Ailes
741 1314 96 40 d'un
857 1315 116 40 fauve
1002 1316 135 39 moins
1171 1313 60 42 vif
1252 1326 78 40 que
1349 1314 94 41 chez
1466 1312 40 41 la
1525 1311 138 55 précé-

427 1385 117 41 dente
564 1397 95 30 avec
679 1387 38 39 la
736 1387 96 40 base
852 1390 38 37 et
910 1387 70 40 des
1008 1387 136 40 taches
1174 1388 133 39 noires
1337 1386 99 40 dont
1464 1387 56 39 les
1548 1384 114 41 anté-

427 1459 232 39 terminales
678 1470 172 40 presque
872 1458 181 54 toujours
1073 1459 161 40 isolées.
1266 1460 175 39 Dessous
1462 1459 71 40 des
1556 1458 106 43 infé-

424 1532 154 40 rieures
598 1532 193 40 n'offrant
811 1533 151 51 qu'une
984 1534 110 40 seule
1113 1533 133 41 bande
1269 1532 48 41 de
1336 1533 136 41 taches
1492 1534 167 42 nacrées

424 1604 192 51 longeant
635 1605 36 39 le
690 1604 101 41 bord
810 1604 241 53 postérieur,
1073 1617 66 29 ces
1161 1606 135 40 taches
1314 1618 83 27 non
1413 1608 248 41 surmontées

425 1675 50 41 de
490 1676 198 41 chevrons
701 1675 125 42 noirs.
847 1678 110 39 Deux
972 1678 138 40 taches
1126 1677 179 50 nacrées,
1322 1677 108 41 l'une
1443 1690 51 28 au
1508 1685 151 44 centre,

423 1748 144 41 l'autre
581 1750 91 51 près
693 1748 47 42 de
761 1749 39 40 la
820 1750 112 40 base.

475 1833 29 30 o
525 1826 88 53 plus
634 1825 166 53 grande,
823 1826 90 53 plus
929 1824 189 43 arrondie
1137 1838 95 29 avec
1251 1826 41 41 la
1312 1825 96 42 base
1430 1825 226 43 ordinaire-

423 1903 113 37 ment
554 1900 91 51 plus
665 1899 132 40 noire.

477 1969 183 42 Chenille
680 1983 48 28 en
742 1970 93 53 juin
856 1974 39 37 et
914 1971 228 52 septembre
1163 1983 70 28 sur
1253 1971 39 40 la
1313 1972 172 40 violette.

477 2044 46 38 T.
549 2044 38 39 la
608 2045 64 47 F.,
694 2055 217 29 commune
944 2043 102 41 dans
1077 2044 60 39 les
1163 2044 202 40 clairières
1396 2044 69 41 des
1494 2045 88 40 bois
1613 2057 46 28 en

423 2114 97 52 mai,
536 2117 135 52 juillet
692 2120 37 37 et
750 2119 111 37 août.

420 2207 149 49 PALES,
590 2206 39 40 S.
655 2207 46 39 V.
720 2206 103 41 God.
844 2205 75 55 (pl.
946 2210 65 46 13,
1033 2206 67 53 fig".
1120 2206 62 53 3.)

473 2296 111 41 Cette
600 2296 140 53 espèce
760 2296 104 41 n'est
884 2308 71 41 pas
969 2307 87 30 rare
1077 2308 48 29 en
1139 2296 137 52 juillet
1288 2299 35 37 et
1342 2299 112 46 août,
1476 2296 101 40 dans
1598 2297 58 39 les

416 2368 121 52 Alpes
553 2373 38 35 et
606 2369 59 41 les
685 2368 200 53 Pyrénées
897 2381 10 38 ;
922 2369 73 40 elle
1011 2368 136 40 habite
1162 2368 23 40 à
1201 2380 78 29 une
1294 2367 151 52 grande
1464 2368 195 40 élévation

417 2444 40 36 et
475 2440 105 41 n'est
595 2452 74 41 pas
689 2441 161 41 difficile
865 2442 23 40 à
903 2441 172 53 prendre
1097 2452 68 29 car
1180 2441 74 40 elle
1268 2452 43 29 se
1325 2452 98 41 pose
1440 2441 217 39 volontiers

416 2524 70 31 sur
503 2513 59 41 les
582 2513 137 42 fleurs.
