1764 3008
664 338 48 6 —
744 316 52 40 33
824 338 52 6 —

160 420 222 39 renfermer
405 418 100 40 dans
525 429 79 29 une
629 420 123 50 petite
783 429 95 38 cage
907 416 49 41 de
976 427 92 40 gaze
1087 416 93 41 bien
1196 419 187 51 transpa-

161 494 124 47 rente,
306 495 37 36 et
356 489 195 53 l'exposer
565 489 100 41 dans
680 502 80 28 une
783 489 112 49 allée,
914 501 50 29 ou
982 489 99 40 dans
1101 501 80 29 une
1203 490 179 40 clairière

159 563 94 41 bien
287 562 236 41 découverte
539 577 9 37 ;
572 574 52 28 on
650 574 50 28 ne
719 561 161 42 tardera
899 574 72 40 pas
991 562 23 39 à
1033 562 86 40 voir
1135 573 81 29 une
1237 562 150 51 grande

160 635 179 52 quantité
354 635 47 40 de
420 636 126 40 mâles
557 635 167 50 voltiger
739 636 21 39 à
773 634 188 53 l'entour,
975 638 38 36 et
1023 635 83 40 l'on
1121 646 149 41 pourra
1284 636 104 39 ainsi

160 722 49 28 en
224 710 169 53 prendre
410 722 53 28 un
486 710 129 51 grand
634 710 183 50 nombre,
838 721 94 28 sans
945 709 153 51 bouger
1118 709 49 40 de
1187 710 128 51 place.

213 784 57 38 La
289 783 160 52 plupart
475 783 69 40 des
559 786 133 37 autres
712 782 271 52 Bombycites,
1006 785 37 37 et
1063 793 56 28 un
1139 781 125 51 grand
1280 793 110 28 nom.

157 855 72 40 bre
264 854 47 41 de
352 854 260 50 Noctuélites,
652 854 182 41 dorment
865 853 244 52 immobiles,
1143 853 180 53 pendant
1354 854 36 39 le

153 927 110 52 jour,
293 930 138 37 contre
450 928 37 39 le
508 931 112 36 tronc
643 926 70 41 des
741 926 137 40 arbres
906 927 227 51 forestiers;
1158 927 97 39 c'est
1282 926 108 39 alors

160 1010 102 40 que,
295 1010 102 41 pour
430 999 57 40 les
530 1011 49 28 en
611 999 99 40 faire
739 998 181 48 tomber,
957 998 152 51 l'usage
1151 997 52 41 du
1240 998 151 39 maillet

161 1070 158 41 devient
337 1070 311 53 indispensable.
674 1072 62 39 On
755 1070 210 40 ébranlera
986 1070 104 41 donc
1107 1069 58 42 les
1182 1070 137 40 arbres
1338 1081 51 28 au

161 1154 146 41 moyen
341 1143 95 40 d'un
472 1155 102 41 coup
609 1155 65 29 sec
707 1155 70 29 sur
803 1144 36 38 le
874 1147 128 48 tronc,
1026 1143 23 39 à
1081 1155 77 40 peu
1187 1142 92 53 près
1300 1144 22 38 à
1353 1142 39 40 la

160 1215 173 41 hauteur
354 1216 48 40 de
426 1216 38 39 la
484 1217 110 38 main
612 1232 9 36 ;
646 1227 50 29 en
713 1218 131 37 même
864 1220 128 48 temps
1013 1227 78 39 que
1109 1215 83 40 l'on
1213 1214 179 41 donnera

161 1287 35 40 le
217 1299 117 41 coup,
358 1299 52 29 on
439 1288 234 52 promènera
698 1299 65 29 ses
783 1287 192 51 regards,
999 1287 101 41 dans
1120 1299 56 28 un
1197 1299 125 41 rayon
1343 1286 48 41 de

163 1358 105 41 deux
297 1360 23 39 à
339 1361 99 39 trois
460 1360 161 48 mètres,
645 1365 145 36 autour
818 1359 49 40 de
886 1360 161 49 l'arbre,
1079 1372 104 41 pour
1203 1373 24 39 y
1248 1358 146 42 décou-

161 1432 81 39 vrir
261 1431 57 40 les
339 1432 162 51 espèces
525 1444 77 39 que
624 1436 102 36 cette
746 1433 248 40 commotion
1021 1432 130 40 subite
1172 1433 132 39 aurait
1324 1432 70 39 fait

160 1503 159 40 tomber
338 1503 343 41 immédiatement
703 1516 68 29 sur
789 1505 38 39 le
849 1505 75 40 sol.

216 1575 144 49 Quand
389 1576 36 40 le
449 1579 131 49 temps
601 1581 59 35 est
687 1577 198 40 nébuleux
916 1581 39 36 et
988 1577 119 48 froid,
1130 1580 103 38 cette
1254 1578 141 39 chasse

162 1650 96 49 peut
277 1646 111 42 avoir
417 1648 80 40 lieu
517 1649 24 39 à
560 1652 133 37 toutes
725 1650 57 39 les
802 1648 177 53 époques
1005 1649 48 40 de
1081 1649 38 40 la
1133 1649 173 53 journée
1324 1663 10 37 ;
1363 1649 27 39 il

162 1719 93 40 n'en
276 1723 60 36 est
360 1731 73 41 pas
454 1720 50 41 de
524 1723 129 38 même
672 1721 180 52 pendant
880 1721 59 40 les
959 1721 147 41 heures
1134 1720 186 41 ardentes
1343 1721 49 39 de

160 1794 90 41 l'été
266 1809 10 37 ;
298 1795 23 39 à
339 1798 100 38 cette
455 1794 154 54 époque
624 1795 49 41 de
693 1795 168 46 l'année,
884 1796 57 40 les
961 1796 256 52 Bombycites
1237 1799 37 37 et
1293 1797 102 39 Noc-

161 1865 159 42 tuélites
340 1867 235 53 s'envolent,
597 1880 51 28 au
669 1869 81 39 lieu
785 1868 49 40 de
856 1869 157 40 tomber
1034 1869 24 40 à
1078 1872 119 44 terre,
1232 1869 163 50 lorsque

164 1939 36 40 le
217 1950 104 41 coup
343 1938 47 41 de
410 1940 150 40 maillet
591 1951 23 29 a
635 1939 62 42 été
716 1940 147 41 donné.
886 1941 128 49 Ainsi,
1039 1942 21 39 à
1081 1942 126 52 partir
1226 1940 53 40 du
1302 1952 90 29 mo-

164 2015 111 36 ment
306 2013 52 38 où
390 2012 54 40 les
465 2023 146 41 rayons
640 2012 53 40 du
728 2012 112 41 soleil
862 2016 145 38 auront
1039 2014 140 50 acquis
1210 2024 110 29 assez
1349 2012 48 40 de

164 2084 122 48 force,
305 2096 52 28 ou
376 2086 130 38 même
532 2085 176 51 lorsque,
724 2096 71 42 par
815 2097 55 28 un
893 2089 129 49 temps
1039 2089 179 45 couvert,
1241 2086 38 39 la
1299 2085 96 40 cha-

164 2156 86 39 leur
272 2167 88 29 sera
392 2168 110 29 assez
521 2157 158 41 intense
699 2169 104 40 pour
821 2157 190 53 produire
1032 2157 123 41 l'effet
1176 2157 98 41 dont
1292 2169 104 28 nous

164 2239 152 29 venons
337 2228 48 41 de
409 2229 146 52 parler,
574 2233 100 37 cette
695 2230 140 40 chasse
852 2231 121 40 devra
989 2233 83 37 être
1092 2230 95 40 faite
1208 2229 47 40 de
1271 2229 126 51 grand

166 2300 145 50 matin,
350 2300 141 53 depuis
530 2308 142 44 quatre
711 2302 147 40 heures
893 2302 169 52 jusqu'à
1097 2306 86 49 sept
1223 2314 51 28 ou
1311 2301 89 40 huit

169 2372 146 40 heures
334 2384 51 28 au
402 2373 106 52 plus.

221 2446 110 38 Nous
350 2456 123 29 avons
488 2446 57 40 dit
558 2449 89 37 tout
661 2446 19 41 à
694 2447 153 41 l'heure
862 2458 78 40 que
951 2448 58 39 les
1025 2447 156 52 Sphinx
1199 2448 195 40 aimaient

168 2517 23 41 à
218 2517 161 40 butiner
417 2530 68 28 sur
515 2519 58 40 les
597 2519 137 50 fleurs,
765 2531 52 29 au
848 2523 181 38 moment
1062 2520 54 41 du
1142 2520 253 54 crépuscule.
