1804 3000
906 304 47 8 —
987 282 79 40 220
1116 306 26 4 -

460 383 318 44 Très-commun
811 389 177 49 partout,
1030 382 100 43 dans
1167 383 57 41 les
1259 383 106 54 bois,
1404 396 50 30 en
1478 386 91 51 juin
1609 391 39 37 et

402 456 151 52 juillet.

409 543 175 48 PHILEA,
609 542 76 40 Hb.
708 542 101 40 God.

464 624 94 38 32m.
577 621 107 40 Ailes
714 621 97 39 d'un
827 620 103 40 brun
950 618 119 54 clair;
1092 616 254 56 supérieures
1365 625 121 48 ayant
1508 618 36 44 le
1565 618 85 45 dis-

411 705 78 40 que
511 693 124 41 teinté
656 692 49 42 de
722 693 131 48 fauve,
878 705 94 28 sans
1002 692 67 41 œil
1103 694 143 52 apical.
1286 693 239 42 Inférieures
1557 706 94 30 avec

412 778 57 28 un
488 767 94 39 trait
600 766 118 40 fauve
739 766 24 40 à
783 766 148 50 l'angle
952 766 108 40 anal.

466 839 178 40 Dessous
664 838 72 41 des
756 838 255 53 supérieures
1042 839 118 40 fauve
1180 843 130 45 terne,
1345 851 94 29 avec
1473 840 36 40 le
1545 852 108 29 som-

415 914 80 37 met
515 911 308 50 gris-verdâtre.
845 912 178 40 Dessous
1038 911 71 40 des
1126 910 239 42 inférieures
1384 912 48 41 de
1447 916 101 38 cette
1569 912 88 42 der-

415 984 109 39 nière
540 984 181 48 couleur,
745 983 257 52 quelquefois
1036 984 118 40 fauve
1174 987 113 37 terne
1302 985 168 51 jusqu'à
1489 986 39 38 la
1549 984 108 52 ligne

415 1055 201 49 médiane,
640 1057 92 51 puis
756 1068 80 28 une
854 1056 132 40 bande
1008 1056 97 40 d'un
1125 1056 345 52 blanc-jaunàtre,
1490 1057 108 51 large
1618 1062 40 36 et

416 1129 191 51 marquée
628 1129 49 40 de
698 1130 60 39 six
779 1140 104 41 yeux
915 1129 93 40 bien
1028 1128 171 51 alignés,
1220 1128 102 41 bord
1343 1130 189 39 terminal
1560 1130 96 40 d'un

417 1201 246 41 fauve-roux
684 1200 175 41 traversé
881 1211 73 42 par
979 1212 83 28 une
1082 1201 108 50 ligne
1211 1200 201 53 plombée.

477 1271 35 56 Y
541 1276 123 48 ayant
680 1272 57 41 les
758 1271 255 54 supérieures
1026 1273 139 41 fauves
1184 1272 171 41 bordées
1375 1273 50 41 de
1441 1273 216 51 gris-brun

415 1356 53 28 au
486 1344 103 41 bord
615 1345 205 40 terminal.
853 1344 241 42 Inférieures
1115 1345 94 41 d'un
1230 1346 213 50 gris-brun
1463 1357 96 31 avec
1578 1358 80 29 une

417 1418 109 49 ligne
542 1416 338 42 anté-terminale
897 1418 133 41 fauve.

472 1490 130 40 Moins
623 1489 182 52 répandu
826 1502 78 39 que
924 1490 36 41 le
995 1490 233 53 précédent.
1266 1491 213 53 B.-Alpes,
1514 1491 146 43 hautes

419 1563 169 51 prairies
608 1560 57 42 du
685 1562 219 41 Godessart
925 1569 37 34 et
984 1564 52 40 du
1062 1564 346 52 Pain-de-Sucre;
1431 1566 227 50 Auvergne,

419 1635 133 52 Alpes,
573 1638 76 38 etc.
672 1637 62 39 En
747 1636 149 51 juillet.

421 1724 157 47 DORUS,
596 1723 98 52 Esp.
726 1722 100 41 God.
851 1722 109 54 (Fig.
980 1723 40 48 4,
1044 1723 59 53 pl.
1123 1727 77 47 17).

479 1808 28 40 Il
527 1810 61 38 est
605 1818 112 30 assez
737 1819 193 30 commun
951 1811 39 38 et
1009 1809 108 40 varie
1137 1808 213 53 beaucoup
1370 1819 104 42 pour
1493 1808 38 42 la
1546 1821 120 39 gran-

422 1880 101 41 deur
543 1879 70 42 des
632 1881 138 52 points
790 1880 69 52 qui
892 1883 93 38 sont
1004 1885 171 37 souvent
1192 1882 81 41 très
1299 1883 122 52 petits
1452 1885 39 38 et
1511 1882 153 43 réduits

423 1958 22 37 à
465 1954 99 41 trois
587 1965 71 29 sur
678 1954 56 40 les
756 1952 254 42 inférieures.

478 2026 92 40 Midi
608 2026 48 41 de
692 2026 39 41 la
768 2027 168 48 France,
979 2025 91 53 dép.
1113 2026 54 41 du
1207 2029 93 48 Var,
1336 2027 49 42 de
1423 2029 40 41 la
1502 2030 162 53 Lozère,

423 2099 265 54 Montpellier,
711 2100 211 52 Pyr.-Or.,
956 2099 36 39 le
1011 2100 164 50 Vernet,
1211 2100 201 54 B.-Alpes,
1445 2102 219 42 Barcelon-

423 2177 123 46 nette,
571 2179 75 36 etc.
671 2174 61 39 En
747 2173 155 52 juillet.

425 2258 256 53 PAMPHILUS,
705 2260 44 39 L.
778 2256 102 43 God.
903 2256 107 55 (Fig.
1033 2259 37 46 5,
1095 2258 54 53 pl.
1176 2261 79 47 17).

479 2349 96 39 29m.
600 2347 108 41 Ailes
728 2346 97 41 d'un
838 2346 289 53 jaune-fauve,
1158 2357 96 31 avec
1274 2358 79 29 une
1374 2347 177 42 bordure
1571 2348 99 41 bru-

426 2423 116 38 nâtre
573 2421 91 53 plus
695 2419 233 54 prononcée
949 2431 69 29 sur
1051 2420 58 40 les
1139 2419 240 42 inférieures
1399 2425 38 36 et
1478 2433 57 29 un
1572 2423 100 51 petit

426 2493 114 55 point
560 2493 24 43 à
597 2492 147 53 l'angle
763 2489 147 57 apical,
934 2492 252 55 quelquefois
1200 2505 176 42 presque
1386 2494 86 42 nul.
1492 2496 177 41 Dessous
