1764 2996
616 356 54 7 —
702 332 69 40 141
805 355 49 7 —

124 440 90 35 sant
246 447 68 28 sur
341 448 55 27 un
428 436 112 51 point
570 440 38 36 et
638 435 251 40 surmontées
920 435 48 40 de
1000 435 197 40 chevrons
1218 435 128 47 noirs,

123 507 94 40 base
243 507 181 40 verdâtre
442 522 9 36 ;
484 520 79 27 une
594 509 108 50 ligne
722 508 170 40 blanche
911 508 120 39 allant
1057 507 53 39 du
1136 507 115 51 point
1271 506 81 40 dis-

124 579 130 40 coïdal
291 579 69 40 des
401 580 235 40 inférieures
668 581 165 51 jusqu'à
867 580 38 40 la
954 578 132 41 bande
1126 579 47 40 de
1211 579 139 40 taches

125 651 149 39 fauves.

179 728 26 28 o
246 723 239 49 Semblable,
518 725 102 39 mais
650 729 121 47 ayant
803 726 23 38 à
858 724 143 50 l'angle
1033 724 91 39 anal
1154 725 194 49 quelques

125 795 136 39 taches
297 796 164 48 fauves,
501 796 250 50 quelquefois
788 799 130 36 même
965 808 79 27 aux
1080 795 265 52 supérieures.

126 866 126 40 Celles
273 866 51 40 du
347 867 166 41 dessous
528 869 135 39 mieux
684 868 224 53 marquées.

180 940 179 40 Chenille
375 943 17 37 ?

180 1011 304 51 Pyrénées-Or.,
511 1012 35 40 le
577 1014 161 45 Vernct,
760 1013 89 47 Aix,
879 1012 296 51 Basses-Alpes,
1207 1014 145 37 Barce-

126 1082 189 50 lonnette,
336 1084 223 50 Auvergne,
574 1088 113 36 mont
704 1085 118 48 Dore,
835 1085 270 47 Chaudefour,
1121 1086 109 47 Jura,
1244 1086 107 38 Pon-

126 1156 137 40 tarlier
283 1157 255 51 (Guillemot),
560 1169 73 40 pas
654 1169 87 29 rare
763 1170 50 28 en
831 1159 93 51 juin
945 1162 37 36 et
998 1159 149 51 juillet.

125 1270 191 48 AMANDA,
339 1270 218 41 Schneider
578 1271 176 49 Icarius,
772 1271 97 54 Esp.
893 1274 102 51 Dup.

129 1379 11 11 '
180 1372 94 38 35m.
307 1371 103 39 Ailes
435 1371 95 40 d'un
558 1372 90 40 bleu
676 1372 132 48 azuré,
842 1373 163 46 luisant,
1034 1384 95 30 avec
1162 1385 79 28 une
1273 1374 80 39 fine

125 1441 174 40 bordure
318 1446 36 36 et
381 1443 232 40 l'extrémité
635 1443 70 41 des
724 1456 190 28 nervures
933 1446 148 44 noires,
1104 1446 249 52 quelquefois

125 1524 56 28 un
202 1525 99 39 rang
334 1515 48 39 de
413 1516 133 51 points
575 1517 110 39 noirs
720 1528 50 27 au
800 1516 101 39 bord
933 1519 195 50 marginal
1158 1518 69 39 des
1247 1517 105 39 infé-

126 1585 164 40 rieures.
332 1588 174 56 Dessous
552 1587 95 40 d'un
691 1588 81 49 gris
809 1588 144 40 cendré
991 1600 93 29 avec
1119 1589 70 39 des
1218 1590 134 50 points

127 1657 145 40 ocellés
299 1658 315 40 ordinairement
634 1670 110 28 assez
762 1660 134 50 petits,
918 1660 100 39 mais
1032 1661 114 50 point
1161 1660 23 39 à
1203 1660 37 38 la
1259 1660 96 39 base

126 1727 70 41 des
218 1730 253 51 supérieures
487 1735 38 35 et
540 1743 78 27 une
637 1731 103 39 série
757 1732 221 49 marginale
998 1731 48 40 de
1063 1732 137 39 taches
1216 1733 137 38 fauves

126 1801 124 51 pâles,
272 1802 162 39 visibles
454 1803 223 39 seulement
695 1813 80 29 aux
806 1803 249 48 inférieures,
1078 1804 137 50 frange
1234 1804 120 40 blan-

128 1872 73 40 che
222 1884 81 27 non
327 1873 279 52 entrecoupée.

189 1945 33 55 9
251 1948 147 44 Brune,
421 1956 93 29 avec
541 1958 56 27 un
615 1958 67 29 arc
708 1945 195 42 discoïdal
923 1948 89 39 noir
1026 1959 78 29 aux
1124 1948 231 52 supérieurs

129 2023 38 35 et
186 2031 78 27 une
286 2019 103 40 série
405 2020 207 40 terminale
632 2020 48 40 de
690 2021 159 41 lunules
864 2023 136 39 fauves
1019 2034 75 29 aux
1116 2023 238 40 inférieures

129 2094 37 36 et
186 2090 252 51 quelquefois
458 2101 78 29 aux
555 2091 264 51 supérieures.
840 2094 175 39 Dessous
1036 2094 97 39 d'un
1163 2095 80 49 gris
1264 2094 90 51 plus

123 2162 202 52 jaunâtre,
354 2175 94 29 avec
480 2176 65 28 ces
570 2167 150 37 mêmes
744 2166 159 39 lunules
931 2166 162 40 visibles
1125 2178 77 28 aux
1233 2167 121 52 supé-

130 2237 166 39 rieures.

184 2309 180 40 Chenille
378 2311 17 36 ?

184 2382 200 50 Pyr.-Or.,
415 2381 36 39 le
481 2383 158 47 Vernet,
675 2384 254 49 Hautes-Pyr
953 2413 9 15 ,
996 2383 187 49 Barèges,
1220 2383 137 50 Alpes,

132 2460 113 33 mont
265 2453 132 47 Cenis,
416 2465 46 28 en
477 2453 131 53 juillet
628 2458 38 36 et
685 2458 109 44 août,
821 2466 75 42 peu
917 2466 207 29 commun.
