1752 2996
641 315 44 5 —
720 294 43 37 51
802 313 45 5 —

135 397 38 39 la
198 398 109 39 forêt
328 395 50 40 de
411 394 155 53 Bondy,
608 394 100 40 dans
741 394 56 39 les
817 391 215 41 bas-fonds
1069 390 187 40 humides
1294 389 71 41 des

132 471 91 40 bois
252 468 49 41 de
322 468 171 41 Meudon
509 482 10 37 ;
553 468 37 39 la
629 465 122 43 Siona
771 466 201 47 clealbata,
996 464 98 41 dont
1127 465 37 38 la
1195 463 169 40 chenille

133 544 59 39 vit
210 553 81 29 sur
310 542 36 39 la
367 540 163 41 Bétoine
550 539 214 41 officinale.
783 538 196 40 L'insecte
1001 537 146 52 parfait
1171 536 192 47 n'habite,

135 626 83 28 aux
240 614 191 40 environs
465 612 49 40 de
544 613 127 47 Paris,
707 623 76 39 que
816 610 197 41 certaines
1037 608 195 49 localités,
1254 608 112 40 telles

134 698 82 40 que
240 687 61 39 les
320 686 124 40 forêts
464 684 49 41 de
532 684 141 41 Sénait
699 688 37 35 et
757 683 47 40 de
826 683 256 51 Compiègne,
1122 682 57 39 les
1208 680 89 41 bois
1317 680 48 40 de

132 757 296 48 Notre-Dame,
458 757 90 52 près
570 756 47 40 de
637 756 39 39 la
697 755 345 49 Queue-en-Brie,
1066 756 37 38 et
1122 755 159 38 surtout
1299 753 58 39 les

135 831 92 41 bois
248 829 48 41 de
314 830 144 51 Fleury
473 833 38 36 et
531 828 48 41 de
608 826 391 50 Sainte-Geneviève,
1026 827 52 40 où
1095 837 102 30 nous
1214 825 154 41 l'avons

134 903 107 51 prise
264 913 72 40 par
352 902 217 40 centaines.

193 976 56 37 La
272 973 232 52 l1fenalippe
526 974 168 39 tristata
714 972 86 40 vole
820 983 49 28 en
889 982 111 29 assez
1019 969 150 52 grande
1188 970 180 51 quantité

139 1046 98 40 dans
271 1046 58 39 les
372 1044 170 51 grandes
580 1045 122 39 forêts
733 1044 48 40 de
802 1043 242 53 Compiègne
1077 1046 38 37 et
1136 1042 48 40 dè
1204 1042 165 40 Villers-

138 1120 213 39 Cotterets.
376 1119 55 37 La
461 1115 233 54 Melanippe
726 1117 185 40 luctuata
942 1115 105 41 n'est
1067 1126 72 41 pas
1158 1126 89 29 rare
1269 1115 100 41 dans

140 1195 102 37 cette
262 1190 181 41 dernière
463 1190 173 40 localité.

192 1265 176 48 Presque
405 1275 50 27 en
486 1264 127 38 même
636 1265 130 48 temps
802 1273 77 39 que
913 1262 38 39 la
990 1261 220 52 Nymphale
1243 1259 128 51 grand

144 1334 156 52 sylvain
323 1339 37 35 et
379 1335 36 38 le
441 1334 277 51 Polyommate
740 1333 53 40 du
812 1333 180 52 prunier,
1020 1345 53 28 on
1095 1333 80 40 voit
1195 1335 176 49 paraître

140 1407 37 39 le
197 1406 176 52 Satyrus
393 1406 202 51 dejanira.
619 1406 110 39 Cette
749 1405 139 51 espèce
908 1405 134 40 habite
1065 1416 49 29 en
1135 1403 160 52 général
1314 1404 57 39 les

140 1478 151 53 grands
323 1478 104 47 bois,
465 1477 74 40 elle
572 1488 50 29 ne
646 1489 41 28 se
714 1477 98 52 plaît
842 1489 78 39 que
951 1476 103 41 dans
1074 1477 56 40 les
1150 1476 108 41 lieux
1279 1488 90 28 om-

139 1549 160 53 bragés.
322 1549 84 40 Elle
428 1553 60 36 est
508 1549 322 40 très-commune
850 1549 102 40 dans
968 1550 39 39 la
1027 1549 103 40 forêt
1146 1549 48 40 de
1216 1547 154 53 Bondy,

141 1626 158 37 surtout
319 1621 104 41 dans
437 1623 36 38 le
490 1622 202 49 voisinage
713 1622 48 39 de
777 1622 133 52 Livry,
929 1622 101 40 dans
1047 1622 96 40 celle
1165 1623 49 39 de
1234 1622 136 40 Saint-

141 1695 201 48 Germain,
378 1694 100 40 dans
498 1694 38 39 la
556 1694 101 40 forêt
679 1693 377 51 d'Armainvilliers,
1080 1694 99 40 dans
1202 1695 55 39 les
1282 1695 90 39 bois

143 1767 48 39 de
213 1766 395 49 Sainte-Geneviève,
643 1770 75 36 etc.
739 1780 9 36 ;
785 1778 51 28 on
874 1767 39 39 la
945 1770 137 37 trouve
1119 1765 252 52 quelquefois

143 1840 110 39 aussi
271 1838 99 39 dans
393 1838 55 40 les
462 1849 101 41 pans
585 1838 49 41 de
654 1839 224 40 Yincenncs
901 1842 38 36 et
956 1839 49 39 de
1024 1839 220 50 Boulogne.

204 1909 55 41 Le
279 1910 275 52 Polyommate
592 1909 185 53 Chryseis
797 1922 230 29 commence
1061 1911 20 39 à
1113 1910 132 41 éclore
1273 1911 101 39 dans

145 1983 58 40 les
222 1984 194 50 premiers
430 1984 115 49 jours
566 1983 48 43 de
626 1982 105 53 juin.
753 1984 110 39 Nous
877 1983 152 40 l'avons
1048 1985 84 50 pris
1153 1996 50 27 en
1223 1983 150 50 grande

144 2054 236 41 abondance
413 2054 99 40 dans
533 2054 57 40 les
621 2053 201 42 clairières
855 2055 48 40 de
931 2056 39 40 la
1007 2056 101 39 foret
1130 2055 48 40 de
1211 2057 163 49 Royau-

144 2130 129 44 mont,
312 2127 90 51 près
438 2126 49 40 de
508 2128 255 50 Lamorlaye,
799 2127 23 40 à
857 2139 81 28 une
966 2128 105 39 lieue
1093 2131 38 35 et
1166 2126 130 40 demie
1326 2127 48 39 de

146 2199 215 50 Chantilly.
386 2198 32 39 Il
437 2210 43 28 se
499 2201 140 38 trouve
659 2200 109 39 aussi
795 2200 102 39 mais
928 2199 90 52 plus
1049 2203 203 35 rarement
1273 2198 100 40 dans

147 2271 57 39 les
222 2271 148 50 parties
384 2270 138 40 basses
544 2270 47 40 de
611 2272 38 38 la
665 2272 102 39 forêt
787 2270 53 40 du
859 2273 94 50 Lys,
975 2274 111 36 entre
1106 2271 34 39 le
1158 2271 140 49 village
1319 2271 53 39 du

148 2341 80 52 Lys
249 2346 38 35 et
319 2343 103 39 celui
446 2342 48 40 de
521 2344 238 51 Lamorlaye
776 2358 9 36 ;
827 2354 104 28 nous
954 2343 153 40 l'avons
1137 2344 83 51 pris
1239 2342 135 52 égale-

149 2418 111 36 ment
280 2413 101 41 dans
396 2415 38 39 la
451 2415 101 40 forêt
567 2414 48 40 de
634 2414 218 52 Chantilly,
866 2415 334 51 principalement
1220 2415 101 40 dans
1335 2416 38 38 la

148 2485 103 41 belle
272 2488 112 38 route
405 2485 53 40 du
480 2486 246 40 Connétable
743 2499 9 35 ;
772 2499 51 27 on
842 2487 50 39 l'a
912 2487 209 40 rencontré
1142 2488 107 40 aussi
1271 2487 100 40 dans
