1792 2988
942 323 53 8 —
1025 298 77 44 172
1131 322 53 8 —

497 391 180 42 Chenille
696 403 50 30 en
762 391 80 42 mai
858 403 70 30 sur
946 392 38 41 le
1003 391 196 53 plantain.

496 465 120 40 Assez
634 477 215 29 commune
868 464 100 41 dans
988 466 174 51 prèsque
1182 468 110 38 toute
1313 465 39 40 la
1373 466 171 47 France,
1566 466 108 39 Fon-

440 537 245 50 tainebleau,
719 539 174 49 Vernon,
924 539 159 48 Rouen,
1115 538 304 53 Basses-Alpes,
1451 538 224 51 Auvergne,

442 609 168 53 Vosges,
628 614 76 36 etc.

493 680 79 43 Les
602 681 204 42 individus
839 681 70 43 des
941 683 212 53 B.-Alpes,
1178 686 92 38 sont
1299 682 87 53 plus
1415 686 149 45 ternes,
1586 682 90 52 plus

438 753 257 42 blanchâtres
728 766 95 29 avec
850 755 60 41 les
942 755 311 52 lignes-noires,
1276 756 137 40 mieux
1444 754 230 52 marquées,

438 828 104 39 mais
574 828 313 51 interrompues.
912 829 76 39 Les
1009 828 237 41 inférieures
1267 832 172 37 souvent
1457 828 219 50 largement

438 899 136 40 noires
593 899 23 40 à
632 899 39 40 la
688 898 116 51 base,
822 911 50 29 en
886 901 147 51 juillet.

439 996 344 51 PARTHENOIDES,
804 997 88 40 Kef.

492 1095 56 39 De
565 1094 39 40 la
624 1092 109 42 taille
757 1093 48 40 de
823 1093 215 41 Parthenie
1060 1094 102 40 mais
1198 1093 93 53 plus
1310 1093 104 53 pâle,
1436 1093 90 53 plus
1547 1097 127 36 terne,

438 1176 99 30 avec
559 1165 58 41 les
645 1166 130 50 lignes
810 1166 135 40 noires
977 1167 136 39 mieux
1142 1164 230 53 marquées,
1386 1165 134 41 moins
1550 1165 127 39 inter-

435 1249 203 42 rompues,
663 1238 58 40 les
741 1237 238 42 inférieures
1011 1239 90 52 plus
1129 1239 222 50 largement
1378 1238 198 41 noirâtres
1597 1238 23 40 à
1640 1237 38 40 la

437 1309 113 42 base.

493 1391 27 44 9
541 1382 233 41 semblable.

492 1456 307 52 Basses-Alpes,
822 1454 142 43 Lozère
984 1467 50 30 en
1049 1456 148 52 juillet.

494 1530 110 39 Celte
638 1528 139 53 espèce
810 1529 105 40 n'est
936 1531 205 49 peut-être
1170 1528 149 52 qu'une
1350 1538 84 30 var.
1469 1527 132 53 alpine
1631 1526 48 41 de

440 1601 232 50 Parthenie,
697 1600 96 42 c'est
827 1613 45 29 ce
903 1613 78 40 que
1012 1602 36 39 la
1081 1600 238 45 découverte
1353 1600 48 41 de
1430 1611 44 29 sa
1507 1599 173 43 chenille

441 1685 105 30 nous
567 1673 242 54 apprendra.

811 1812 121 34 Genre
956 1811 244 42 ARGYNNIS,
1226 1811 86 35 Fab.

498 1937 202 42 Chenilles
730 1939 159 50 garnies
923 1938 178 53 d'épines
1120 1938 90 53 plus
1246 1949 52 29 ou
1332 1938 133 40 moins
1484 1937 170 50 longues
1670 1949 10 39 ;

444 2012 120 40 celles
597 2010 55 41 du
683 2012 175 51 premier
888 2022 157 30 anneau
1067 2010 317 42 ordinairement
1404 2011 90 52 plus
1514 2010 168 50 longues

447 2096 78 40 que
540 2084 59 41 les
617 2086 148 38 autres.
790 2082 254 54 Chrysalides
1065 2084 242 50 anguleuses
1320 2082 141 41 ornées
1479 2081 49 41 de
1546 2082 137 41 taches

447 2155 88 43 d'or
555 2168 52 30 ou
629 2156 196 52 d'argent,
839 2159 40 38 et
893 2157 160 50 garnies
1074 2155 50 43 de
1145 2155 105 42 deux
1270 2155 164 52 rangées
1455 2155 49 40 de
1523 2153 159 55 pointes

447 2229 197 41 dorsales.

501 2304 68 38 Ins
606 2302 102 56 parf.
734 2304 93 39 Tête
846 2313 153 41 grosse,
1022 2314 49 29 au
1094 2303 134 41 moins
1251 2302 110 41 aussi
1392 2301 109 51 large
1532 2312 77 40 que
1646 2299 38 41 le

447 2374 170 42 corselet
634 2387 11 38 ;
675 2379 198 37 antennes
893 2387 109 29 assez
1031 2375 185 52 longues,
1248 2373 215 43 terminées
1482 2373 201 51 brusque-

448 2451 113 37 ment
579 2458 74 42 par
670 2459 58 29 un
755 2447 156 42 bouton
940 2452 113 37 court
1085 2449 122 53 aplati
1239 2460 50 28 en
1322 2446 168 41 dessous
1505 2458 11 37 ;
1546 2446 137 53 palpes

448 2519 237 51 très-velus,
712 2530 58 31 un
794 2531 79 43 peu
893 2520 169 50 écartés,
1086 2521 37 41 le
1143 2521 173 53 premier
1331 2519 138 41 article
1489 2518 121 51 grêle,
1627 2529 56 29 nu
