1780 2988
883 278 51 8 -
971 259 74 38 138
1074 280 51 6 -

444 360 144 51 Alpes,
624 358 223 54 Pyrénées,
884 361 221 46 Lautaret,
1141 361 142 40 Savoie
1300 392 10 17 ,
1333 366 115 36 mont
1485 363 136 48 Cenis,

392 432 174 48 Larche,
599 431 305 40 Barcelonnctte
951 432 345 53 (Basses-Alpes),
1332 444 49 28 en
1414 434 135 51 juillet
1587 436 40 38 et

389 507 111 44 aoùt,
517 514 72 41 pas
609 514 105 29 rare.

390 602 93 38 Var.
503 601 239 51 Pyrenaica,
760 599 100 40 Bdv.

446 691 124 40 Taille
584 690 48 41 de
645 690 254 48 l'Orbitulus,
917 691 99 40 ailes
1037 691 98 40 d'un
1154 691 148 41 cendré
1318 692 90 52 plus
1423 693 89 51 pâle
1532 704 96 31 avec

388 775 58 27 un
465 762 113 40 reflet
597 762 200 50 argentin,
824 773 58 28 un
902 762 118 40 liseré
1040 763 91 40 noir
1151 765 39 37 et
1214 763 39 39 la
1273 763 141 51 frange
1434 763 189 51 blanche,

390 834 141 40 lunule
551 833 176 40 centrale
747 834 170 40 souvent
936 835 106 39 nulle
1062 846 77 29 aux
1161 834 239 41 inférieures
1416 850 9 24 :
1446 836 181 43 celles-ci

394 917 96 29 sans
510 907 137 51 points
674 906 111 40 noirs
808 917 53 29 au
880 906 102 40 bord
1006 906 236 52 postérieur.
1267 908 177 40 Dessous
1465 908 69 41 des
1556 921 72 29 su-

391 977 205 53 périeures
617 988 96 30 avec
739 976 57 41 les
816 978 134 51 points
970 978 110 39 noirs
1110 978 92 52 plus
1228 990 106 38 gros.
1359 980 176 41 Dessous
1557 981 69 41 des

391 1050 240 40 inférieures
662 1050 92 52 plus
776 1050 99 40 clair
902 1061 96 29 avec
1022 1051 58 39 les
1105 1050 139 41 taches
1273 1051 192 41 blanches
1495 1054 133 40 moins

392 1124 224 38 nettement
646 1123 282 39 circonscrites
953 1126 38 36 et
1019 1134 42 29 se
1086 1123 172 41 fondant
1277 1128 171 37 souvent
1464 1137 98 29 avec
1590 1125 39 41 la

393 1193 167 41 couleur
580 1192 54 40 du
657 1192 115 42 fond.

446 1264 216 52 Pyrénées,
684 1266 189 39 environs
894 1265 50 41 de
965 1266 198 44 Gavarnie
1184 1278 51 29 en
1257 1271 111 38 août.

391 1356 168 47 MEDON,
583 1355 124 40 Hufn.
729 1356 178 50 Agestis,
928 1356 40 40 S.
993 1358 47 39 V.
1060 1357 103 41 God.

445 1443 96 40 26m.
563 1443 110 41 Ailes
691 1444 98 40 d'un
802 1444 105 40 brun
921 1446 177 40 noirâtre
1113 1457 96 31 avec
1220 1458 59 28 un
1297 1448 115 51 point
1429 1446 199 42 discoïdal

388 1514 92 40 noir
505 1518 39 36 et
563 1526 80 29 une
663 1514 146 51 rangée
837 1515 222 50 marginale
1080 1515 48 40 de
1146 1516 161 40 lunules
1336 1517 139 40 fauves
1504 1528 123 32 man-

391 1591 126 44 quant
555 1585 251 51 quelquefois
844 1597 79 28 aux
961 1585 270 52 supérieures.
1273 1588 175 39 Dessous
1481 1586 147 41 cendré

389 1668 96 29 avec
510 1656 208 53 beaucoup
751 1657 50 40 de
824 1658 134 51 points
987 1658 112 40 noirs
1119 1657 149 42 cerclés
1299 1657 48 42 de
1366 1659 135 48 blanc,
1523 1661 105 40 mais

389 1729 116 51 point
523 1729 22 39 à
562 1729 39 39 la
628 1729 98 40 base
745 1728 71 40 des
836 1729 270 52 supérieures.
1139 1731 56 38 La
1216 1729 145 51 rangée
1390 1729 50 42 de
1467 1731 161 41 lunules

388 1800 139 40 fauves
556 1799 139 40 diffère
724 1800 49 40 de
805 1801 98 39 celle
935 1800 52 40 du
1014 1800 159 49 dessus,
1195 1813 51 28 en
1275 1813 45 29 ce
1348 1802 145 51 qu'elle
1516 1815 25 39 y
1568 1807 61 36 est

391 1871 90 53 plus
514 1872 229 52 prononcée
772 1877 39 36 et
839 1873 144 51 qu'elle
1011 1873 183 53 s'appuie
1224 1874 331 41 intérieurement
1586 1879 41 37 et

389 1945 336 41 extérieurement
757 1958 70 28 sur
859 1946 70 40 des
957 1947 136 52 points
1125 1947 128 49 noirs,
1283 1947 141 51 frange
1458 1949 169 49 grisâtre

389 2029 76 29 aux
488 2017 254 53 supérieures
764 2021 38 38 et
821 2018 171 41 blanche
1013 2029 79 29 aux
1112 2018 253 41 inférieures.

443 2091 27 46 9
505 2090 227 41 Semblable
752 2122 10 17 ,
814 2092 103 38 mais
956 2102 94 29 avec
1086 2091 56 40 les
1184 2091 138 40 taches
1357 2092 139 39 fauves
1534 2092 93 52 plus

386 2163 173 50 grandes
590 2166 39 37 et
657 2174 52 29 ne
740 2166 226 48 manquant
992 2163 150 52 jamais
1179 2174 80 29 aux
1287 2162 254 54 supérieures
1575 2167 71 37 en-

388 2234 160 42 dessus.

442 2308 183 41 Chenille
641 2310 18 38 ?

438 2381 45 38 T.
506 2381 38 39 la
564 2379 66 50 F.,
652 2392 194 30 commun
867 2381 99 40 dans
986 2383 55 39 les
1058 2382 104 47 bois,
1186 2383 57 39 les
1264 2382 182 52 champs,
1472 2383 35 39 le
1528 2382 97 50 long

385 2451 71 41 des
471 2453 199 50 chemins,
694 2466 50 28 en
767 2455 94 48 mai,
878 2453 137 53 juillet
1035 2459 37 36 et
1094 2458 109 37 août.
