1792 3000
974 395 53 7 —
1059 374 76 39 188
1168 395 44 6 -

476 487 244 48 MELAMPUS,
745 487 180 53 Fuessly.
949 485 194 55 God.(pl.
1172 486 62 44 14,
1258 486 67 50 fig.
1350 487 53 47 3).

530 582 175 40 Prairies
727 580 153 41 élevées
900 580 71 41 des
991 581 120 52 Alpes
1141 579 49 42 de
1219 580 38 40 la
1285 581 154 39 France
1458 582 39 37 et
1515 577 48 41 de
1582 578 39 40 la
1640 578 72 40 Sa-

474 655 105 48 voie,
596 654 271 47 Mont-Cenis,
883 656 242 48 montagnes
1140 653 54 39 du
1208 654 94 47 Var,
1318 652 209 51 B.-Alpes,
1545 649 170 50 Larche,

478 726 62 39 lac
566 726 49 40 de
644 727 38 38 la
711 724 239 42 Madeleine.
981 727 75 38 Pas
1087 736 88 29 rare
1204 732 37 33 et
1262 724 117 40 facile
1399 724 22 40 à
1443 722 184 53 prendre.
1653 723 62 40 En

473 805 149 51 juillet.
938 827 46 24 u.»

481 903 187 47 PHARTE,
691 902 97 52 Esp.
808 903 103 52 Dup.

536 995 52 43 37
601 1004 39 33 m.
664 998 63 40 Un
747 1009 77 40 peu
851 997 91 52 plus
963 995 127 54 grand
1111 1008 80 39 que
1217 996 242 51 Melampus,
1481 994 99 42 dont
1600 995 27 40 il
1649 995 75 40 dif-

484 1071 81 40 fère
585 1083 49 28 en
656 1083 44 28 ce
729 1083 78 39 que
827 1071 59 40 les
910 1071 139 40 taches
1068 1071 301 49 ferrugineuses
1391 1072 92 38 sont
1505 1072 86 37 tout
1608 1069 24 40 à
1651 1069 74 39 fait

484 1143 255 53 dépourvues
758 1143 49 41 de
826 1144 137 52 points
981 1144 129 51 noirs,
1127 1143 120 40 celles
1269 1141 71 42 des
1361 1142 255 54 supérieures
1634 1143 92 51 plus

485 1216 331 52 rectangulaires,
854 1216 121 41 celles
1014 1215 72 41 des
1124 1214 241 41 inférieures
1392 1225 57 29 un
1469 1224 76 42 peu
1572 1214 150 48 ovales,

483 1286 148 42 l'anale
650 1288 91 52 plus
757 1289 123 51 petite
896 1292 38 36 et
954 1291 170 38 souvent
1144 1287 124 41 nulle.

543 1360 33 39 Il
595 1371 23 29 a
632 1360 58 41 les
706 1363 153 38 mêmes
875 1372 152 29 mœurs
1047 1372 78 39 que
1146 1360 224 51 Melampus
1385 1362 38 37 et
1442 1370 42 30 se
1501 1364 137 36 trouve
1656 1358 23 41 à
1692 1358 38 40 la

488 1434 131 39 même
639 1431 158 54 époque
812 1437 38 36 et
870 1445 80 28 aux
969 1435 151 38 mêmes
1140 1432 195 42 localités.

492 1528 199 41 MNESTRA
709 1531 98 50 Esp.
825 1530 101 51 Dup.

546 1627 104 40 34m.
677 1626 108 40 Ailes
807 1625 97 41 d'un
934 1625 105 40 brun
1067 1627 105 46 noir,
1205 1626 236 49 arrondies;
1478 1625 256 53 supérieures

492 1710 97 29 avec
616 1710 80 28 une
716 1698 133 40 bande
868 1697 279 51 ferrugineuse
1167 1698 150 41 fondue
1337 1711 70 28 sur
1424 1699 38 40 le
1487 1698 161 54 disque,
1671 1697 62 40 di-

492 1768 108 42 visée
620 1782 73 40 par
710 1771 59 39 les
789 1781 196 30 nervures
1006 1782 50 29 en
1076 1768 139 43 tacher
1229 1771 334 50 rectangulaires,
1577 1771 39 39 la
1638 1769 40 39 2e
1697 1773 39 36 et

496 1842 40 39 la
554 1845 40 38 3e
613 1848 171 34 souvent
814 1841 212 52 marquées
1051 1843 181 40 chacune
1263 1842 97 40 d'un
1390 1842 206 52 très-petit
1623 1842 115 51 point

498 1914 105 40 noir.
630 1914 243 41 Inférieures
887 1926 95 29 avec
993 1926 80 29 une
1085 1914 133 41 bande
1233 1914 335 51 semblable,plus
1582 1917 157 42 courte,

500 1992 40 33 el
568 1998 95 29 sans
690 1987 136 51 points
855 1988 128 39 noirs.
1007 1988 176 39 Dessous
1215 1986 71 41 des
1313 1985 256 53 supérieures
1588 1996 96 29 avec
1706 1984 35 40 le

504 2058 146 51 disque
684 2059 275 50 ferrugineux,
986 2059 38 39 la
1044 2062 105 44 côte,
1172 2063 38 37 et
1236 2070 80 30 une
1338 2057 134 42 bande
1502 2056 238 51 marginale,

500 2129 98 41 d'un
617 2130 106 40 brun
744 2133 224 38 roussàtre.
992 2131 177 40 Dessous
1186 2130 73 41 des
1280 2130 237 41 inférieures
1536 2129 56 40 du
1612 2131 130 38 même

505 2202 105 40 brun
625 2214 95 29 avec
740 2214 81 29 une
839 2201 133 41 bande
993 2201 334 42 anté-terminale
1347 2214 76 40 peu
1445 2201 190 41 sensible.

566 2273 34 56 Y
630 2274 97 41 d'un
727 2274 118 41 brun
866 2274 92 53 plus
976 2273 114 50 clair,
1108 2286 96 29 avec
1220 2275 38 40 la
1277 2273 130 42 bande
1420 2273 91 53 plus
1530 2272 105 53 pâle,
1652 2284 93 28 sou-

503 2351 93 36 vent
616 2347 192 51 marquée
835 2359 79 28 aux
935 2345 256 54 supérieures
1209 2346 50 41 de
1279 2346 105 40 deux
1406 2357 94 39 gros
1518 2346 135 51 points
1675 2355 69 29 or-

505 2418 272 42 dinairement
794 2419 149 41 ocellés
958 2423 39 37 et
1025 2419 254 51 quelquefois
1299 2418 51 41 de
1362 2417 102 42 trois
1483 2418 134 53 points
1635 2427 109 30 sem-

507 2491 155 42 blables
683 2503 50 28 au
751 2491 144 41 dessus
916 2491 70 41 des
1008 2490 253 42 inférieures.

563 2565 150 38 Hautes
728 2563 169 53 prairies
917 2563 73 41 des
1005 2568 238 48 montagnes
1264 2562 48 42 de
1338 2562 39 41 la
1404 2559 159 54 Savoie,
1578 2561 169 40 Basses-
