1824 2984
360 406 64 56 FA
432 406 136 56 IRMA
578 406 94 56 IRE
712 402 102 72 (L.)
850 404 34 56 &
920 390 370 70 LABOULBÈNE

210 592 230 70 FAUNE
466 590 564 74 ENTOMOLOGIQUE
1052 590 392 70 FRANCAISE

1254 662 25 16 O

538 710 574 53 COLÉOPTÈRES

375 836 59 38 Ou
450 834 235 48 Description
702 834 69 38 des
790 834 160 39 insectes
963 834 67 48 qui
1048 844 39 28 se
1107 839 179 34 trouvent

724 904 47 28 en
790 895 146 38 France

245 988 106 26 Par
387 987 57 26 L.
485 984 361 30 FAIRMAIRE
886 985 53 27 et
980 974 432 39 LABOULBÈNE

296 1064 76 32 Cet
391 1072 195 33 ouvrage
604 1065 148 40 parait
777 1073 84 31 par
880 1064 239 32 livraisons
1140 1064 224 31 d'environ

619 1129 98 50 200
737 1144 140 51 pages
894 1129 159 62 in-12;

210 1220 112 38 Trois
341 1218 205 40 livraisons
563 1218 208 38 formeront
788 1227 56 28 un
859 1217 150 38 volume
1022 1229 10 34 ;
1061 1217 54 38 les
1138 1216 229 48 coléoptères
1386 1227 59 28 se-

260 1278 88 33 ront
363 1272 292 48 probablement
681 1271 181 48 complets
895 1281 48 28 en
968 1271 96 38 trois
1080 1271 170 38 volumes
1278 1281 50 27 ou
1358 1271 94 37 neuf

262 1327 213 41 livraisons.
488 1327 50 36 Le
553 1326 87 47 prix
656 1327 48 36 de
723 1327 148 47 chaque
891 1325 183 38 livraison
1096 1331 54 32 est
1167 1325 44 38 de
1227 1329 26 33 5
1273 1325 50 37 fr.
1344 1325 106 47 prise

262 1381 23 38 à
303 1381 124 43 Paris,
450 1384 36 34 et
502 1383 27 34 5
549 1380 49 38 fr.
615 1382 54 36 50
685 1389 96 38 pour
796 1384 102 33 toute
914 1379 37 39 la
970 1381 165 45 France,
1157 1379 145 39 rendue
1317 1379 132 46 franco

263 1433 24 40 à
304 1434 191 41 domicile.

289 1518 54 35 LE
365 1518 207 35 PREMIER
591 1517 184 36 VOLUME
797 1517 81 35 EST
899 1517 301 36 PARU....
1244 1517 45 35 i5
1312 1518 67 34 FR.

472 1678 720 90 L'ABEILLE

221 1849 322 43 NOUVEAU
601 1848 278 42 RECUEIL
929 1848 526 43 D'ENTOMOLOGIE

482 1940 85 32 Sous
586 1938 34 33 la
640 1938 160 34 direction
819 1938 40 34 de
876 1940 45 32 M.
941 1940 53 33 DE
1014 1939 195 34 MARSEUL

256 2032 182 29 RECUEILS
463 2033 49 27 DE
538 2032 294 28 MONOGRAPHIES
856 2033 47 27 DE
932 2024 261 38 COLÉOPTÈRES
1215 2024 218 38 EUROPÉENS

571 2098 47 27 ET
642 2098 70 27 DES
738 2097 94 30 PAYS
856 2097 249 31 LIMITROPHES

312 2185 71 37 Les
402 2183 96 39 trois
527 2183 187 47 premiers
730 2183 172 39 volumes
923 2188 84 34 sont
1026 2194 118 37 parus
1160 2189 203 35 contenant

516 2254 109 33 entre
642 2253 130 35 autres
788 2249 54 38 les
860 2251 297 48 monographies

283 2350 80 35 DES
400 2349 347 43 TELEPHORIDES,
782 2351 257 40 APIONIDES,
1074 2352 316 45 BUPRESTIDES,

472 2416 349 45 GALLERUCIDES,
844 2418 244 43 ALTISIDES,
1112 2419 91 35 ETC.

223 2531 90 29 PRIX
343 2530 51 29 DE
428 2528 152 33 CHAQUE
606 2528 80 28 VOL.
714 2520 106 36 IN-12
851 2530 48 26 DE
934 2520 72 39 500
1038 2531 134 38 PAGES,
1211 2527 41 34 12
1286 2535 63 28 FR.
1386 2527 70 45 50,

494 2600 99 29 POUR
619 2598 69 30 LES
714 2599 318 41 SOUSCRIPTEURS,
1063 2596 41 37 10
1129 2605 61 28 FR.
