1828 3000
964 322 200 38 PRÉFACE.
1654 327 39 30 VI

525 418 60 44 La
612 415 224 47 rédaction
854 415 58 45 du
940 421 111 39 texte
1077 429 25 30 a
1129 414 67 46 été
1214 414 164 46 confiée
1402 414 24 45 à
1452 413 53 45 M.
1535 412 158 58 Berce,

465 499 226 45 Président
711 499 53 45 de
785 500 40 44 la
850 498 167 46 Société
1039 497 367 60 Entomologique
1434 497 52 45 de
1512 497 181 56 France,

466 598 48 31 ce
541 598 102 31 nom
672 584 94 45 seul
798 584 119 45 suffit
946 597 115 45 pour
1094 596 191 45 prouver
1315 582 40 44 le
1385 580 154 46 mérite
1573 582 52 44 de
1649 595 48 31 ce

465 667 170 45 travail.
663 668 64 44 En
756 681 111 31 nous
900 667 178 59 prêtant
1104 680 78 31 son
1221 679 214 32 concours
1463 665 236 59 complète-

468 757 120 39 ment
626 750 304 56 désintéressé,
969 751 28 45 il
1032 764 114 32 nous
1183 765 25 30 a
1238 750 168 60 permis
1441 750 52 45 de
1526 749 173 60 publier

468 849 61 31 un
556 849 190 45 ouvrage
772 836 24 44 à
826 837 42 43 la
902 835 82 45 fois
1014 835 315 46 sérieusement
1361 834 76 46 fait
1462 840 43 39 et
1529 834 106 45 dont
1659 835 39 43 le

467 918 95 61 prix
595 925 65 40 est
694 933 119 32 assez
852 918 209 60 modique
1093 932 115 46 pour
1249 918 109 60 qu'il
1400 926 152 38 trouve
1578 919 121 58 place

469 1002 107 45 dans
596 1008 145 39 toutes
768 1003 62 44 les
857 1001 345 61 bibliothèques.

522 1087 119 45 Nous
668 1086 306 46 n'insisterons
990 1100 79 46 pas
1096 1100 77 31 sur
1199 1085 173 47 l'utilité
1394 1086 73 45 des
1493 1087 208 57 planches

472 1170 210 46 coloriées
723 1170 76 60 qui
845 1177 344 53 accompagnent
1229 1171 242 58 l'ouvrage;
1519 1178 96 38 tout
1664 1172 40 45 le

470 1254 158 45 monde
651 1256 291 58 comprendra
969 1255 180 59 qu'elles
1190 1261 100 39 sont
1323 1254 351 59 indispensables
1689 1271 11 40 ;

470 1345 138 53 quant
625 1354 54 30 au
697 1339 122 60 point
846 1339 52 45 de
924 1354 82 31 vue
1025 1339 215 56 matériel,
1260 1353 112 32 nous
1390 1339 210 59 espérons
1618 1354 85 45 que

470 1437 48 32 ce
543 1423 107 46 livre
686 1437 56 33 ne
766 1424 181 46 laissera
976 1424 93 45 rien
1097 1425 23 44 à
1149 1424 188 57 désirer;
1374 1425 330 58 entomologiste

470 1521 113 32 nous
612 1508 159 56 même,
812 1522 113 31 nous
959 1508 284 46 connaissons
1281 1516 98 52 trop
1414 1509 62 45 les
1519 1508 185 60 qualités

470 1592 269 46 nécessaires
766 1594 24 43 à
816 1607 61 30 un
905 1593 152 45 travail
1085 1593 237 45 semblable
1347 1607 115 45 pour
1483 1607 56 31 ne
1574 1605 78 46 pas
1681 1608 24 44 y

470 1676 120 46 avoir
616 1678 181 58 apporté
816 1684 97 39 tous
935 1693 78 30 nos
1042 1679 134 44 soins.

532 1762 118 47 Nous
677 1776 133 32 avons
849 1777 75 31 cru
962 1763 108 44 utile
1099 1765 52 44 de
1174 1763 177 60 joindre
1375 1764 24 44 à
1425 1769 66 38 cet
1518 1777 189 45 ouvrage

475 1850 75 43 des
596 1847 173 46 notions
806 1862 76 31 sur
919 1848 40 45 la
995 1848 181 56 chasse,
1212 1848 41 44 la
1290 1847 283 61 préparation
1601 1855 41 37 et
1667 1847 41 44 la

475 1932 305 46 conservation
815 1931 76 46 des
931 1932 244 60 papillons,
1204 1946 86 46 que
1318 1946 110 31 nous
1456 1946 130 31 avons
1614 1946 92 31 em-

475 2017 211 60 pruntées
713 2031 52 31 au
798 2015 137 47 Guide
961 2018 49 43 de
1037 2017 234 46 l'amatettr
1297 2016 246 45 d'Insectes.

533 2102 76 45 Cet
655 2116 192 44 ouvrage
895 2114 99 33 sera
1037 2101 332 60 probablement
1421 2100 188 59 complet
1654 2113 53 32 en

478 2193 157 53 quatre
669 2187 211 55 volumes,
910 2186 61 46 les
1004 2201 209 44 gravures
1241 2187 58 44 du
1329 2186 158 45 second
1521 2192 99 38 sont
1655 2199 53 30 en

477 2271 135 45 main.
637 2270 143 54 Quant
806 2286 52 30 au
891 2278 111 39 texte
1035 2271 29 44 il
1098 2277 65 39 est
1188 2273 23 43 à
1237 2270 298 60 l'impression
1551 2285 11 41 ;
1596 2283 113 32 nous

476 2356 212 60 espérons
714 2357 40 45 le
779 2357 93 44 voir
898 2356 187 45 terminé
1114 2369 54 32 en
1196 2369 87 31 une
1303 2355 155 45 année.

1165 2494 278 47 DEYROLLE
1478 2506 109 33 FILS.
