1792 3012
937 338 51 10 —
1023 318 74 40 110
1125 335 53 13 —

908 510 289 42 PIERIDÆ.

488 657 201 40 Chenilles
718 657 268 51 pubescentes
1025 656 23 39 à
1083 658 78 38 tête
1194 658 122 50 petite
1348 665 38 33 et
1418 660 249 50 globuleuse,

431 741 120 41 corps
573 728 174 50 allongé,
777 728 151 39 aminci
957 739 79 28 aux
1056 727 103 41 deux
1179 729 118 40 bouts
1315 743 8 34 ;
1354 732 134 40 vivant
1515 746 68 27 sur
1609 734 58 40 les

429 802 159 52 plantes
612 800 155 48 basses,
799 800 163 52 excepté
995 800 97 40 celle
1122 800 53 40 du
1211 802 46 39 G.
1288 804 211 40 Leuconea
1520 807 68 49 qui
1610 809 57 37 vit

430 886 70 28 sur
520 873 57 41 les
598 873 154 40 arbres.
781 872 256 52 Chrysalides
1064 873 91 52 plus
1181 885 52 28 ou
1255 874 131 41 moins
1408 878 255 50 anguleuses,

428 950 173 37 souvent
621 944 191 42 carénées
844 956 69 28 sur
933 945 36 40 le
990 944 72 41 dos
1090 950 39 35 et
1161 958 69 27 sur
1248 946 57 41 les
1325 948 123 49 côtés,
1472 950 79 40 tête
1581 954 84 36 ter-

428 1019 132 40 minée
580 1031 74 40 par
679 1030 81 28 une
781 1018 136 52 pointe
938 1018 131 50 aigue,
1091 1018 202 41 attachées
1313 1032 72 40 par
1410 1022 38 39 la
1469 1034 129 39 queue
1627 1029 39 35 et

426 1103 74 42 par
518 1104 57 28 un
596 1093 80 39 lien
704 1090 258 41 transversal.

483 1167 82 38 Ins.
600 1164 102 53 parf.
739 1164 206 39 Antennes
979 1175 170 41 presque
1187 1165 108 39 aussi
1326 1165 168 51 longues
1524 1180 77 38 que
1626 1169 35 41 le

426 1249 135 40 corps,
583 1237 23 39 à
624 1238 80 49 tige
734 1235 173 41 annulée
928 1235 48 40 de
997 1237 90 39 noir
1106 1241 39 35 et
1165 1236 48 40 de
1238 1237 117 40 blanc
1388 1243 36 35 et
1445 1241 215 41 terminées

421 1321 75 41 par
513 1321 82 28 une
613 1320 163 28 massue
803 1309 219 51 pyriforme
1043 1322 10 38 ;
1084 1309 139 52 palpes
1250 1310 126 49 grêles
1397 1311 48 40 de
1465 1312 196 51 longueur

423 1382 220 41 médiocre.

758 1530 120 35 Genre
902 1530 241 42 LEUCONEA,
1169 1531 148 35 Donzel.

418 1658 229 49 CRATAEGI,
669 1659 48 39 L.

469 1756 94 42 65m.
593 1757 108 40 Ailes
736 1756 193 41 blanches
965 1757 237 49 arrondies,
1246 1771 190 31 nervures
1465 1762 184 54 élargies,

414 1829 152 49 noires,
588 1828 252 53 dépourvues
870 1828 199 42 d'écaillés
1090 1831 23 40 à
1139 1831 250 52 l'extrémité,
1413 1840 194 37 antennes
1626 1839 24 40 à

412 1902 82 49 tige
514 1902 130 40 noire.
677 1900 34 56 Y
743 1901 244 41 Semblable.

466 1975 45 38 T.
540 1974 38 39 la
600 1975 29 38 F
653 2004 10 17 ,
693 1985 192 29 commun
916 1974 102 41 dans
1051 1976 57 39 les
1138 1976 107 53 prés,
1267 1979 57 40 les
1352 1979 104 50 bois,
1479 1984 61 38 etc
1564 2014 9 17 ,
1596 1993 50 29 en

402 2046 93 51 juin
530 2050 38 36 et
588 2046 148 51 juillet.
762 2044 181 42 Chenille
963 2046 134 41 vivant
1129 2060 47 28 en
1197 2051 159 49 société,
1387 2064 70 27 sur
1475 2053 36 39 le
1546 2065 100 41 pru-

408 2118 157 47 nellier,
582 2118 227 53 l'aubépine
830 2122 39 37 et
883 2119 56 40 les
959 2119 138 41 arbres
1112 2120 177 44 fruitiers
1305 2135 50 29 en
1374 2123 98 41 avril
1489 2129 39 36 et
1545 2128 96 40 mai.

771 2272 119 36 Genre
915 2274 159 34 PIERIS.
1099 2274 178 36 Schrank.

403 2410 230 50 BLUSSITLE,
658 2412 44 39 L.

454 2507 94 39 65m.
582 2506 108 41 Ailes
710 2504 208 54 blanches,
948 2508 95 43 base
1064 2514 39 38 et
1132 2514 89 41 côte
1249 2525 57 30 un
1326 2526 79 42 peu
1425 2516 209 53 obscures,
