<?xml version="1.0" encoding="utf-8"?>
<alto SCHEMAVERSION="alto_bnf-v2_0" xmlns="http://www.loc.gov/standards/alto/ns-v3#" xmlns:xlink="http://www.w3.org/TR/xlink" xmlns:xsi="http://www.w3.org/2001/XMLSchema-instance" xsi:schemaLocation="http://www.loc.gov/standards/alto/ns-v3# http://bibnum.bnf.fr/schema/alto_bnf-v2_0.xsd">
  <Description>
    <MeasurementUnit>pixel</MeasurementUnit>
    <sourceImageInformation>
      <fileName>00000120.jp2</fileName>
      <documentIdentifier documentIdentifierLocation="IFN">9612399</documentIdentifier>
    </sourceImageInformation>
    <OCRProcessing ID="OCR_1">
      <ocrProcessingStep>
        <processingDateTime>2015-10-09</processingDateTime>
        <processingStepDescription>[001_OCR_BRUT]OCR BRUT 98.14 %</processingStepDescription>
        <processingStepDescription>[002_CHARS]{1114}</processingStepDescription>
        <processingStepDescription>[003_CHARS_USED]{1029}</processingStepDescription>
        <processingStepDescription>[004_CHARS_SUSPECTS_USED]{0}</processingStepDescription>
        <processingStepDescription>[005_CHARS_UNUSED]{85}</processingStepDescription>
        <processingStepDescription>[006_CHARS_SUSPECTS_UNUSED]{0}</processingStepDescription>
        <processingStepDescription>[007_STRINGS]{229}</processingStepDescription>
        <processingStepDescription>[008_STRINGS_USED]{229}</processingStepDescription>
        <processingStepDescription>[009_STRINGS_SUSPECTS_UNUSED]{0}</processingStepDescription>
        <processingStepDescription>[010_CHARS_LETTERS]{1029}</processingStepDescription>
        <processingStepDescription>[011_CHARS_PUNCTUATION]{68}</processingStepDescription>
        <processingStepDescription>[012_CHARS_DIGITS]{15}</processingStepDescription>
        <processingStepDescription>[013_CHARS_SUSPECT]{0}</processingStepDescription>
        <processingStepDescription>[022_CHARS_UNUSED_BY_BLOCK]{0}</processingStepDescription>
        <processingStepDescription>[023_BLOCKS_SUSPECTS]{0}</processingStepDescription>
        <processingStepDescription>[111_LIGS_DETECTED_CURV]{0}</processingStepDescription>
      </ocrProcessingStep>
    </OCRProcessing>
  </Description>
  <Styles>
    <TextStyle FONTFAMILY="Times" FONTSIZE="9" ID="TXT_5"/>
    <TextStyle FONTFAMILY="Times" FONTSIZE="8" ID="TXT_7"/>
  </Styles>
  <Tags>
    <OtherTag ID="TAG_importantEN" LABEL="important" TYPE="EN"/>
    <OtherTag ID="TAG_important" LABEL="important"/>
  </Tags>
  <Layout>
    <Page ACCURACY="98.14" HEIGHT="3000" ID="PAG_00000120" PHYSICAL_IMG_NR="120" PRINTED_IMG_NR="114" QUALITY="OK" WIDTH="1756">
      <TopMargin HEIGHT="429" HPOS="0" ID="PAG_00000120_TopMargin" VPOS="0" WIDTH="1756">
        <TextBlock HEIGHT="40" HPOS="936" ID="PAG_00000120_TB000001" LANG="fr" STYLEREFS="TXT_5" VPOS="329" WIDTH="240">
          <TextLine HEIGHT="40" HPOS="936" ID="PAG_00000120_TL000001" STYLEREFS="TXT_5" VPOS="329" WIDTH="240">
            <String CONTENT="—" HEIGHT="9" HPOS="936" ID="PAG_00000120_ST000001" STYLEREFS="TXT_5" VPOS="350" WC="1" WIDTH="53"/>
            <SP HPOS="989" ID="PAG_00000120_SP000001" VPOS="329" WIDTH="30"/>
            <String CONTENT="114" HEIGHT="40" HPOS="1019" ID="PAG_00000120_ST000002" STYLEREFS="TXT_5" VPOS="329" WC="1" WIDTH="79"/>
            <SP HPOS="1098" ID="PAG_00000120_SP000002" VPOS="350" WIDTH="27"/>
            <String CONTENT="—" HEIGHT="9" HPOS="1125" ID="PAG_00000120_ST000003" STYLEREFS="TXT_5" VPOS="350" WC="1" WIDTH="51"/>
          </TextLine>
        </TextBlock>
      </TopMargin>
      <PrintSpace HEIGHT="2159" HPOS="435" ID="PAG_00000120_PrintSpace" VPOS="429" WIDTH="1270">
        <TextBlock HEIGHT="343" HPOS="437" ID="PAG_00000120_TB000002" LANG="fr" STYLEREFS="TXT_5" VPOS="429" WIDTH="1268">
          <TextLine HEIGHT="55" HPOS="439" ID="PAG_00000120_TL000002" STYLEREFS="TXT_5" VPOS="429" WIDTH="1264">
            <String CONTENT="dies" HEIGHT="41" HPOS="439" ID="PAG_00000120_ST000004" STYLEREFS="TXT_5" VPOS="432" WC="1" WIDTH="86"/>
            <SP HPOS="525" ID="PAG_00000120_SP000003" VPOS="443" WIDTH="19"/>
            <String CONTENT="avec" HEIGHT="30" HPOS="544" ID="PAG_00000120_ST000005" STYLEREFS="TXT_5" VPOS="443" WC="1" WIDTH="97"/>
            <SP HPOS="641" ID="PAG_00000120_SP000004" VPOS="432" WIDTH="21"/>
            <String CONTENT="la" HEIGHT="40" HPOS="662" ID="PAG_00000120_ST000006" STYLEREFS="TXT_5" VPOS="432" WC="1" WIDTH="41"/>
            <SP HPOS="703" ID="PAG_00000120_SP000005" VPOS="434" WIDTH="18"/>
            <String CONTENT="côte" HEIGHT="39" HPOS="721" ID="PAG_00000120_ST000007" STYLEREFS="TXT_5" VPOS="434" WC="1" WIDTH="90"/>
            <SP HPOS="811" ID="PAG_00000120_SP000006" VPOS="431" WIDTH="24"/>
            <String CONTENT="fortement" HEIGHT="41" HPOS="835" ID="PAG_00000120_ST000008" STYLEREFS="TXT_5" VPOS="431" WC="1" WIDTH="219"/>
            <SP HPOS="1054" ID="PAG_00000120_SP000007" VPOS="429" WIDTH="18"/>
            <String CONTENT="piquée" HEIGHT="55" HPOS="1072" ID="PAG_00000120_ST000009" STYLEREFS="TXT_5" VPOS="429" WC="1" WIDTH="144"/>
            <SP HPOS="1216" ID="PAG_00000120_SP000008" VPOS="430" WIDTH="21"/>
            <String CONTENT="de" HEIGHT="42" HPOS="1237" ID="PAG_00000120_ST000010" STYLEREFS="TXT_5" VPOS="430" WC="1" WIDTH="49"/>
            <SP HPOS="1286" ID="PAG_00000120_SP000009" VPOS="432" WIDTH="26"/>
            <String CONTENT="noir," HEIGHT="50" HPOS="1312" ID="PAG_00000120_ST000011" STYLEREFS="TXT_5" VPOS="432" WC="1" WIDTH="103"/>
            <SP HPOS="1415" ID="PAG_00000120_SP000010" VPOS="431" WIDTH="26"/>
            <String CONTENT="tache" HEIGHT="43" HPOS="1441" ID="PAG_00000120_ST000012" STYLEREFS="TXT_5" VPOS="431" WC="1" WIDTH="119"/>
            <SP HPOS="1560" ID="PAG_00000120_SP000011" VPOS="444" WIDTH="20"/>
            <String CONTENT="cos-" HEIGHT="30" HPOS="1580" ID="PAG_00000120_ST000013" STYLEREFS="TXT_5" SUBS_CONTENT="costale" SUBS_TYPE="HypPart1" VPOS="444" WC="1" WIDTH="93"/>
            <HYP CONTENT="-" HPOS="1673" VPOS="474" WIDTH="30"/>
          </TextLine>
          <TextLine HEIGHT="55" HPOS="438" ID="PAG_00000120_TL000003" STYLEREFS="TXT_5" VPOS="502" WIDTH="1241">
            <String CONTENT="tale" HEIGHT="40" HPOS="438" ID="PAG_00000120_ST000014" STYLEREFS="TXT_5" SUBS_CONTENT="costale" SUBS_TYPE="HypPart2" VPOS="505" WC="1" WIDTH="78"/>
            <SP HPOS="516" ID="PAG_00000120_SP000012" VPOS="505" WIDTH="19"/>
            <String CONTENT="plus" HEIGHT="52" HPOS="535" ID="PAG_00000120_ST000015" STYLEREFS="TXT_5" VPOS="505" WC="1" WIDTH="91"/>
            <SP HPOS="626" ID="PAG_00000120_SP000013" VPOS="505" WIDTH="27"/>
            <String CONTENT="petite," HEIGHT="52" HPOS="653" ID="PAG_00000120_ST000016" STYLEREFS="TXT_5" VPOS="505" WC="1" WIDTH="138"/>
            <SP HPOS="791" ID="PAG_00000120_SP000014" VPOS="503" WIDTH="27"/>
            <String CONTENT="lunulée" HEIGHT="41" HPOS="818" ID="PAG_00000120_ST000017" STYLEREFS="TXT_5" VPOS="503" WC="1" WIDTH="163"/>
            <SP HPOS="981" ID="PAG_00000120_SP000015" VPOS="503" WIDTH="29"/>
            <String CONTENT="dans" HEIGHT="41" HPOS="1010" ID="PAG_00000120_ST000018" STYLEREFS="TXT_5" VPOS="503" WC="1" WIDTH="103"/>
            <SP HPOS="1113" ID="PAG_00000120_SP000016" VPOS="504" WIDTH="23"/>
            <String CONTENT="le" HEIGHT="40" HPOS="1136" ID="PAG_00000120_ST000019" STYLEREFS="TXT_5" VPOS="504" WC="1" WIDTH="36"/>
            <SP HPOS="1172" ID="PAG_00000120_SP000017" VPOS="502" WIDTH="24"/>
            <String CONTENT="cr," HEIGHT="53" HPOS="1196" ID="PAG_00000120_ST000020" STYLEREFS="TXT_5" VPOS="502" WC="0.76" WIDTH="63"/>
            <SP HPOS="1259" ID="PAG_00000120_SP000018" VPOS="505" WIDTH="21"/>
            <String CONTENT="plus" HEIGHT="51" HPOS="1280" ID="PAG_00000120_ST000021" STYLEREFS="TXT_5" VPOS="505" WC="1" WIDTH="91"/>
            <SP HPOS="1371" ID="PAG_00000120_SP000019" VPOS="505" WIDTH="29"/>
            <String CONTENT="grande" HEIGHT="51" HPOS="1400" ID="PAG_00000120_ST000022" STYLEREFS="TXT_5" VPOS="505" WC="1" WIDTH="152"/>
            <SP HPOS="1552" ID="PAG_00000120_SP000020" VPOS="506" WIDTH="21"/>
            <String CONTENT="dans" HEIGHT="41" HPOS="1573" ID="PAG_00000120_ST000023" STYLEREFS="TXT_5" VPOS="506" WC="1" WIDTH="106"/>
          </TextLine>
          <TextLine HEIGHT="58" HPOS="437" ID="PAG_00000120_TL000004" STYLEREFS="TXT_5" VPOS="574" WIDTH="1268">
            <String CONTENT="la" HEIGHT="40" HPOS="437" ID="PAG_00000120_ST000024" STYLEREFS="TXT_5" VPOS="576" WC="1" WIDTH="40"/>
            <SP HPOS="477" ID="PAG_00000120_SP000021" VPOS="575" WIDTH="38"/>
            <String CONTENT="9," HEIGHT="57" HPOS="515" ID="PAG_00000120_ST000025" STYLEREFS="TXT_5" VPOS="575" WC="0.80" WIDTH="58"/>
            <SP HPOS="573" ID="PAG_00000120_SP000022" VPOS="577" WIDTH="23"/>
            <String CONTENT="atteignant" HEIGHT="50" HPOS="596" ID="PAG_00000120_ST000026" STYLEREFS="TXT_5" VPOS="577" WC="1" WIDTH="225"/>
            <SP HPOS="821" ID="PAG_00000120_SP000023" VPOS="575" WIDTH="19"/>
            <String CONTENT="le" HEIGHT="40" HPOS="840" ID="PAG_00000120_ST000027" STYLEREFS="TXT_5" VPOS="575" WC="1" WIDTH="37"/>
            <SP HPOS="877" ID="PAG_00000120_SP000024" VPOS="574" WIDTH="31"/>
            <String CONTENT="pointillé" HEIGHT="53" HPOS="908" ID="PAG_00000120_ST000028" STYLEREFS="TXT_5" VPOS="574" WC="1" WIDTH="180"/>
            <SP HPOS="1088" ID="PAG_00000120_SP000025" VPOS="574" WIDTH="22"/>
            <String CONTENT="de" HEIGHT="41" HPOS="1110" ID="PAG_00000120_ST000029" STYLEREFS="TXT_5" VPOS="574" WC="1" WIDTH="49"/>
            <SP HPOS="1159" ID="PAG_00000120_SP000026" VPOS="576" WIDTH="17"/>
            <String CONTENT="la" HEIGHT="40" HPOS="1176" ID="PAG_00000120_ST000030" STYLEREFS="TXT_5" VPOS="576" WC="1" WIDTH="40"/>
            <SP HPOS="1216" ID="PAG_00000120_SP000027" VPOS="578" WIDTH="20"/>
            <String CONTENT="côte," HEIGHT="48" HPOS="1236" ID="PAG_00000120_ST000031" STYLEREFS="TXT_5" VPOS="578" WC="1" WIDTH="103"/>
            <SP HPOS="1339" ID="PAG_00000120_SP000028" VPOS="576" WIDTH="22"/>
            <String CONTENT="base" HEIGHT="41" HPOS="1361" ID="PAG_00000120_ST000032" STYLEREFS="TXT_5" VPOS="576" WC="1" WIDTH="98"/>
            <SP HPOS="1459" ID="PAG_00000120_SP000029" VPOS="576" WIDTH="20"/>
            <String CONTENT="des" HEIGHT="41" HPOS="1479" ID="PAG_00000120_ST000033" STYLEREFS="TXT_5" VPOS="576" WC="1" WIDTH="70"/>
            <SP HPOS="1549" ID="PAG_00000120_SP000030" VPOS="575" WIDTH="17"/>
            <String CONTENT="infé-" HEIGHT="44" HPOS="1566" ID="PAG_00000120_ST000034" STYLEREFS="TXT_5" SUBS_CONTENT="inférieurs" SUBS_TYPE="HypPart1" VPOS="575" WC="0.90" WIDTH="109"/>
            <HYP CONTENT="-" HPOS="1675" VPOS="619" WIDTH="30"/>
          </TextLine>
          <TextLine HEIGHT="57" HPOS="437" ID="PAG_00000120_TL000005" STYLEREFS="TXT_5" VPOS="646" WIDTH="1241">
            <String CONTENT="rieurs" HEIGHT="39" HPOS="437" ID="PAG_00000120_ST000035" STYLEREFS="TXT_5" SUBS_CONTENT="inférieurs" SUBS_TYPE="HypPart2" VPOS="649" WC="1" WIDTH="131"/>
            <SP HPOS="568" ID="PAG_00000120_SP000031" VPOS="649" WIDTH="21"/>
            <String CONTENT="plus" HEIGHT="52" HPOS="589" ID="PAG_00000120_ST000036" STYLEREFS="TXT_5" VPOS="649" WC="1" WIDTH="91"/>
            <SP HPOS="680" ID="PAG_00000120_SP000032" VPOS="649" WIDTH="19"/>
            <String CONTENT="noire," HEIGHT="47" HPOS="699" ID="PAG_00000120_ST000037" STYLEREFS="TXT_5" VPOS="649" WC="1" WIDTH="130"/>
            <SP HPOS="829" ID="PAG_00000120_SP000033" VPOS="647" WIDTH="24"/>
            <String CONTENT="dessous" HEIGHT="40" HPOS="853" ID="PAG_00000120_ST000038" STYLEREFS="TXT_5" VPOS="647" WC="1" WIDTH="169"/>
            <SP HPOS="1022" ID="PAG_00000120_SP000034" VPOS="646" WIDTH="19"/>
            <String CONTENT="des" HEIGHT="41" HPOS="1041" ID="PAG_00000120_ST000039" STYLEREFS="TXT_5" VPOS="646" WC="1" WIDTH="70"/>
            <SP HPOS="1111" ID="PAG_00000120_SP000035" VPOS="651" WIDTH="21"/>
            <String CONTENT="mêmes" HEIGHT="37" HPOS="1132" ID="PAG_00000120_ST000040" STYLEREFS="TXT_5" VPOS="651" WC="1" WIDTH="152"/>
            <SP HPOS="1284" ID="PAG_00000120_SP000036" VPOS="648" WIDTH="27"/>
            <String CONTENT="ailes" HEIGHT="41" HPOS="1311" ID="PAG_00000120_ST000041" STYLEREFS="TXT_5" VPOS="648" WC="1" WIDTH="99"/>
            <SP HPOS="1410" ID="PAG_00000120_SP000037" VPOS="649" WIDTH="19"/>
            <String CONTENT="plus" HEIGHT="54" HPOS="1429" ID="PAG_00000120_ST000042" STYLEREFS="TXT_5" VPOS="649" WC="1" WIDTH="93"/>
            <SP HPOS="1522" ID="PAG_00000120_SP000038" VPOS="654" WIDTH="11"/>
            <String CONTENT="vert" HEIGHT="37" HPOS="1533" ID="PAG_00000120_ST000043" STYLEREFS="TXT_5" VPOS="654" WC="1" WIDTH="87"/>
            <SP HPOS="1620" ID="PAG_00000120_SP000039" VPOS="655" WIDTH="18"/>
            <String CONTENT="et" HEIGHT="37" HPOS="1638" ID="PAG_00000120_ST000044" STYLEREFS="TXT_5" VPOS="655" WC="1" WIDTH="40"/>
          </TextLine>
          <TextLine HEIGHT="53" HPOS="438" ID="PAG_00000120_TL000006" STYLEREFS="TXT_5" VPOS="719" WIDTH="594">
            <String CONTENT="moins" HEIGHT="40" HPOS="438" ID="PAG_00000120_ST000045" STYLEREFS="TXT_5" VPOS="721" WC="1" WIDTH="133"/>
            <SP HPOS="571" ID="PAG_00000120_SP000040" VPOS="719" WIDTH="15"/>
            <String CONTENT="saupoudré" HEIGHT="53" HPOS="586" ID="PAG_00000120_ST000046" STYLEREFS="TXT_5" VPOS="719" WC="1" WIDTH="229"/>
            <SP HPOS="815" ID="PAG_00000120_SP000041" VPOS="719" WIDTH="18"/>
            <String CONTENT="de" HEIGHT="40" HPOS="833" ID="PAG_00000120_ST000047" STYLEREFS="TXT_5" VPOS="719" WC="1" WIDTH="48"/>
            <SP HPOS="881" ID="PAG_00000120_SP000042" VPOS="720" WIDTH="9"/>
            <String CONTENT="jaune." HEIGHT="51" HPOS="890" ID="PAG_00000120_ST000048" STYLEREFS="TXT_5" VPOS="720" WC="1" WIDTH="142"/>
          </TextLine>
        </TextBlock>
        <TextBlock HEIGHT="258" HPOS="437" ID="PAG_00000120_TB000003" LANG="fr" STYLEREFS="TXT_5" VPOS="791" WIDTH="1239">
          <TextLine HEIGHT="54" HPOS="492" ID="PAG_00000120_TL000007" STYLEREFS="TXT_5" VPOS="791" WIDTH="1073">
            <String CONTENT="Savoie," HEIGHT="47" HPOS="492" ID="PAG_00000120_ST000049" STYLEREFS="TXT_5" VPOS="793" WC="1" WIDTH="157"/>
            <SP HPOS="649" ID="PAG_00000120_SP000043" VPOS="791" WIDTH="23"/>
            <String CONTENT="Larche," HEIGHT="49" HPOS="672" ID="PAG_00000120_ST000050" STYLEREFS="TXT_5" TAGREFS="TAG_importantEN" VPOS="791" WC="1" WIDTH="169"/>
            <SP HPOS="841" ID="PAG_00000120_SP000044" VPOS="791" WIDTH="26"/>
            <String CONTENT="Basses-Alpes," HEIGHT="53" HPOS="867" ID="PAG_00000120_ST000051" STYLEREFS="TXT_5" VPOS="791" WC="1" WIDTH="301"/>
            <SP HPOS="1168" ID="PAG_00000120_SP000045" VPOS="803" WIDTH="22"/>
            <String CONTENT="en" HEIGHT="29" HPOS="1190" ID="PAG_00000120_ST000052" STYLEREFS="TXT_5" VPOS="803" WC="1" WIDTH="51"/>
            <SP HPOS="1241" ID="PAG_00000120_SP000046" VPOS="792" WIDTH="10"/>
            <String CONTENT="juin" HEIGHT="51" HPOS="1251" ID="PAG_00000120_ST000053" STYLEREFS="TXT_5" VPOS="792" WC="1" WIDTH="93"/>
            <SP HPOS="1344" ID="PAG_00000120_SP000047" VPOS="796" WIDTH="17"/>
            <String CONTENT="et" HEIGHT="37" HPOS="1361" ID="PAG_00000120_ST000054" STYLEREFS="TXT_5" VPOS="796" WC="1" WIDTH="40"/>
            <SP HPOS="1401" ID="PAG_00000120_SP000048" VPOS="793" WIDTH="13"/>
            <String CONTENT="juillet." HEIGHT="52" HPOS="1414" ID="PAG_00000120_ST000055" STYLEREFS="TXT_5" VPOS="793" WC="0.99" WIDTH="151"/>
          </TextLine>
          <TextLine HEIGHT="54" HPOS="493" ID="PAG_00000120_TL000008" STYLEREFS="TXT_5" VPOS="864" WIDTH="1183">
            <String CONTENT="Chenille" HEIGHT="41" HPOS="493" ID="PAG_00000120_ST000056" STYLEREFS="TXT_5" VPOS="865" WC="1" WIDTH="180"/>
            <SP HPOS="673" ID="PAG_00000120_SP000049" VPOS="875" WIDTH="33"/>
            <String CONTENT="sur" HEIGHT="29" HPOS="706" ID="PAG_00000120_ST000057" STYLEREFS="TXT_5" VPOS="875" WC="1" WIDTH="70"/>
            <SP HPOS="776" ID="PAG_00000120_SP000050" VPOS="865" WIDTH="20"/>
            <String CONTENT="les" HEIGHT="39" HPOS="796" ID="PAG_00000120_ST000058" STYLEREFS="TXT_5" VPOS="865" WC="1" WIDTH="56"/>
            <SP HPOS="852" ID="PAG_00000120_SP000051" VPOS="864" WIDTH="20"/>
            <String CONTENT="crucifères" HEIGHT="40" HPOS="872" ID="PAG_00000120_ST000059" STYLEREFS="TXT_5" VPOS="864" WC="1" WIDTH="216"/>
            <SP HPOS="1088" ID="PAG_00000120_SP000052" VPOS="876" WIDTH="21"/>
            <String CONTENT="en" HEIGHT="28" HPOS="1109" ID="PAG_00000120_ST000060" STYLEREFS="TXT_5" VPOS="876" WC="1" WIDTH="51"/>
            <SP HPOS="1160" ID="PAG_00000120_SP000053" VPOS="865" WIDTH="24"/>
            <String CONTENT="juillet." HEIGHT="51" HPOS="1184" ID="PAG_00000120_ST000061" STYLEREFS="TXT_5" VPOS="865" WC="1" WIDTH="151"/>
            <SP HPOS="1335" ID="PAG_00000120_SP000054" VPOS="866" WIDTH="27"/>
            <String CONTENT="La" HEIGHT="39" HPOS="1362" ID="PAG_00000120_ST000062" STYLEREFS="TXT_5" VPOS="866" WC="1" WIDTH="57"/>
            <SP HPOS="1419" ID="PAG_00000120_SP000055" VPOS="864" WIDTH="21"/>
            <String CONTENT="Chrysalide" HEIGHT="54" HPOS="1440" ID="PAG_00000120_ST000063" STYLEREFS="TXT_5" TAGREFS="TAG_importantEN" VPOS="864" WC="1" WIDTH="236"/>
          </TextLine>
          <TextLine HEIGHT="52" HPOS="437" ID="PAG_00000120_TL000009" STYLEREFS="TXT_5" VPOS="936" WIDTH="1238">
            <String CONTENT="passe" HEIGHT="40" HPOS="437" ID="PAG_00000120_ST000064" STYLEREFS="TXT_5" VPOS="948" WC="1" WIDTH="119"/>
            <SP HPOS="556" ID="PAG_00000120_SP000056" VPOS="937" WIDTH="26"/>
            <String CONTENT="l'hiver" HEIGHT="40" HPOS="582" ID="PAG_00000120_ST000065" STYLEREFS="TXT_5" VPOS="937" WC="1" WIDTH="143"/>
            <SP HPOS="725" ID="PAG_00000120_SP000057" VPOS="940" WIDTH="27"/>
            <String CONTENT="et" HEIGHT="36" HPOS="752" ID="PAG_00000120_ST000066" STYLEREFS="TXT_5" VPOS="940" WC="1" WIDTH="39"/>
            <SP HPOS="791" ID="PAG_00000120_SP000058" VPOS="936" WIDTH="34"/>
            <String CONTENT="n'éclot" HEIGHT="40" HPOS="825" ID="PAG_00000120_ST000067" STYLEREFS="TXT_5" VPOS="936" WC="1" WIDTH="149"/>
            <SP HPOS="974" ID="PAG_00000120_SP000059" VPOS="936" WIDTH="27"/>
            <String CONTENT="quelquefois" HEIGHT="52" HPOS="1001" ID="PAG_00000120_ST000068" STYLEREFS="TXT_5" VPOS="936" WC="1" WIDTH="253"/>
            <SP HPOS="1254" ID="PAG_00000120_SP000060" VPOS="948" WIDTH="28"/>
            <String CONTENT="que" HEIGHT="40" HPOS="1282" ID="PAG_00000120_ST000069" STYLEREFS="TXT_5" VPOS="948" WC="1" WIDTH="78"/>
            <SP HPOS="1360" ID="PAG_00000120_SP000061" VPOS="936" WIDTH="33"/>
            <String CONTENT="la" HEIGHT="41" HPOS="1393" ID="PAG_00000120_ST000070" STYLEREFS="TXT_5" VPOS="936" WC="1" WIDTH="41"/>
            <SP HPOS="1434" ID="PAG_00000120_SP000062" VPOS="937" WIDTH="30"/>
            <String CONTENT="deuxième" HEIGHT="42" HPOS="1464" ID="PAG_00000120_ST000071" STYLEREFS="TXT_5" VPOS="937" WC="1" WIDTH="211"/>
          </TextLine>
          <TextLine HEIGHT="41" HPOS="438" ID="PAG_00000120_TL000010" STYLEREFS="TXT_5" VPOS="1008" WIDTH="142">
            <String CONTENT="année." HEIGHT="41" HPOS="438" ID="PAG_00000120_ST000072" STYLEREFS="TXT_5" VPOS="1008" WC="1" WIDTH="142"/>
          </TextLine>
        </TextBlock>
        <TextBlock HEIGHT="56" HPOS="438" ID="PAG_00000120_TB000004" LANG="fr" STYLEREFS="TXT_5" VPOS="1099" WIDTH="1114">
          <TextLine HEIGHT="56" HPOS="438" ID="PAG_00000120_TL000011" STYLEREFS="TXT_5" VPOS="1099" WIDTH="1114">
            <String CONTENT="TAGIS," HEIGHT="47" HPOS="438" ID="PAG_00000120_ST000073" STYLEREFS="TXT_7" VPOS="1102" WC="1" WIDTH="139"/>
            <SP HPOS="577" ID="PAG_00000120_SP000063" VPOS="1101" WIDTH="23"/>
            <String CONTENT="Hb.," HEIGHT="49" HPOS="600" ID="PAG_00000120_ST000074" STYLEREFS="TXT_5" VPOS="1101" WC="1" WIDTH="96"/>
            <SP HPOS="696" ID="PAG_00000120_SP000064" VPOS="1103" WIDTH="23"/>
            <String CONTENT="Var." HEIGHT="39" HPOS="719" ID="PAG_00000120_ST000075" STYLEREFS="TXT_5" VPOS="1103" WC="1" WIDTH="93"/>
            <SP HPOS="812" ID="PAG_00000120_SP000065" VPOS="1101" WIDTH="23"/>
            <String CONTENT="Bellezina," HEIGHT="51" HPOS="835" ID="PAG_00000120_ST000076" STYLEREFS="TXT_5" TAGREFS="TAG_importantEN" VPOS="1101" WC="0.99" WIDTH="224"/>
            <SP HPOS="1059" ID="PAG_00000120_SP000066" VPOS="1101" WIDTH="31"/>
            <String CONTENT="Bdv." HEIGHT="40" HPOS="1090" ID="PAG_00000120_ST000077" STYLEREFS="TXT_5" TAGREFS="TAG_important" VPOS="1101" WC="1" WIDTH="99"/>
            <SP HPOS="1189" ID="PAG_00000120_SP000067" VPOS="1099" WIDTH="33"/>
            <String CONTENT="(PI" HEIGHT="56" HPOS="1222" ID="PAG_00000120_ST000078" STYLEREFS="TXT_5" VPOS="1099" WC="0.88" WIDTH="65"/>
            <SP HPOS="1287" ID="PAG_00000120_SP000068" VPOS="1104" WIDTH="37"/>
            <String CONTENT="3," HEIGHT="46" HPOS="1324" ID="PAG_00000120_ST000079" STYLEREFS="TXT_7" VPOS="1104" WC="1" WIDTH="40"/>
            <SP HPOS="1364" ID="PAG_00000120_SP000069" VPOS="1101" WIDTH="32"/>
            <String CONTENT="fig." HEIGHT="51" HPOS="1396" ID="PAG_00000120_ST000080" STYLEREFS="TXT_5" VPOS="1101" WC="0.99" WIDTH="68"/>
            <SP HPOS="1464" ID="PAG_00000120_SP000070" VPOS="1100" WIDTH="24"/>
            <String CONTENT="1.)" HEIGHT="54" HPOS="1488" ID="PAG_00000120_ST000081" STYLEREFS="TXT_7" VPOS="1100" WC="0.99" WIDTH="64"/>
          </TextLine>
        </TextBlock>
        <TextBlock HEIGHT="488" HPOS="435" ID="PAG_00000120_TB000005" LANG="fr" STYLEREFS="TXT_5" VPOS="1190" WIDTH="1268">
          <TextLine HEIGHT="50" HPOS="492" ID="PAG_00000120_TL000012" STYLEREFS="TXT_5" VPOS="1190" WIDTH="1183">
            <String CONTENT="34m." HEIGHT="41" HPOS="492" ID="PAG_00000120_ST000082" STYLEREFS="TXT_5" VPOS="1190" WC="0.97" WIDTH="92"/>
            <SP HPOS="584" ID="PAG_00000120_SP000071" VPOS="1192" WIDTH="33"/>
            <String CONTENT="Dessus" HEIGHT="39" HPOS="617" ID="PAG_00000120_ST000083" STYLEREFS="TXT_5" VPOS="1192" WC="1" WIDTH="153"/>
            <SP HPOS="770" ID="PAG_00000120_SP000072" VPOS="1191" WIDTH="31"/>
            <String CONTENT="des" HEIGHT="40" HPOS="801" ID="PAG_00000120_ST000084" STYLEREFS="TXT_5" VPOS="1191" WC="1" WIDTH="70"/>
            <SP HPOS="871" ID="PAG_00000120_SP000073" VPOS="1192" WIDTH="29"/>
            <String CONTENT="ailes" HEIGHT="44" HPOS="900" ID="PAG_00000120_ST000085" STYLEREFS="TXT_5" VPOS="1192" WC="1" WIDTH="98"/>
            <SP HPOS="998" ID="PAG_00000120_SP000074" VPOS="1203" WIDTH="27"/>
            <String CONTENT="comme" HEIGHT="29" HPOS="1025" ID="PAG_00000120_ST000086" STYLEREFS="TXT_5" VPOS="1203" WC="1" WIDTH="159"/>
            <SP HPOS="1184" ID="PAG_00000120_SP000075" VPOS="1190" WIDTH="32"/>
            <String CONTENT="dans" HEIGHT="41" HPOS="1216" ID="PAG_00000120_ST000087" STYLEREFS="TXT_5" VPOS="1190" WC="1" WIDTH="100"/>
            <SP HPOS="1316" ID="PAG_00000120_SP000076" VPOS="1192" WIDTH="20"/>
            <String CONTENT="Belia," HEIGHT="48" HPOS="1336" ID="PAG_00000120_ST000088" STYLEREFS="TXT_5" TAGREFS="TAG_importantEN" VPOS="1192" WC="1" WIDTH="125"/>
            <SP HPOS="1461" ID="PAG_00000120_SP000077" VPOS="1192" WIDTH="31"/>
            <String CONTENT="mais" HEIGHT="40" HPOS="1492" ID="PAG_00000120_ST000089" STYLEREFS="TXT_5" VPOS="1192" WC="1" WIDTH="100"/>
            <SP HPOS="1592" ID="PAG_00000120_SP000078" VPOS="1203" WIDTH="26"/>
            <String CONTENT="un" HEIGHT="29" HPOS="1618" ID="PAG_00000120_ST000090" STYLEREFS="TXT_5" VPOS="1203" WC="1" WIDTH="57"/>
          </TextLine>
          <TextLine HEIGHT="54" HPOS="435" ID="PAG_00000120_TL000013" STYLEREFS="TXT_5" VPOS="1262" WIDTH="1238">
            <String CONTENT="peu" HEIGHT="40" HPOS="435" ID="PAG_00000120_ST000091" STYLEREFS="TXT_5" VPOS="1274" WC="1" WIDTH="80"/>
            <SP HPOS="515" ID="PAG_00000120_SP000079" VPOS="1263" WIDTH="20"/>
            <String CONTENT="plus" HEIGHT="53" HPOS="535" ID="PAG_00000120_ST000092" STYLEREFS="TXT_5" VPOS="1263" WC="1" WIDTH="91"/>
            <SP HPOS="626" ID="PAG_00000120_SP000080" VPOS="1263" WIDTH="21"/>
            <String CONTENT="arrondies," HEIGHT="49" HPOS="647" ID="PAG_00000120_ST000093" STYLEREFS="TXT_5" VPOS="1263" WC="1" WIDTH="225"/>
            <SP HPOS="872" ID="PAG_00000120_SP000081" VPOS="1267" WIDTH="30"/>
            <String CONTENT="sommet" HEIGHT="37" HPOS="902" ID="PAG_00000120_ST000094" STYLEREFS="TXT_5" VPOS="1267" WC="1" WIDTH="174"/>
            <SP HPOS="1076" ID="PAG_00000120_SP000082" VPOS="1264" WIDTH="23"/>
            <String CONTENT="noir," HEIGHT="48" HPOS="1099" ID="PAG_00000120_ST000095" STYLEREFS="TXT_5" VPOS="1264" WC="1" WIDTH="107"/>
            <SP HPOS="1206" ID="PAG_00000120_SP000083" VPOS="1263" WIDTH="33"/>
            <String CONTENT="marqué" HEIGHT="52" HPOS="1239" ID="PAG_00000120_ST000096" STYLEREFS="TXT_5" VPOS="1263" WC="1" WIDTH="167"/>
            <SP HPOS="1406" ID="PAG_00000120_SP000084" VPOS="1262" WIDTH="15"/>
            <String CONTENT=".-de" HEIGHT="42" HPOS="1421" ID="PAG_00000120_ST000097" STYLEREFS="TXT_5" VPOS="1262" WC="0.59" WIDTH="53"/>
            <SP HPOS="1474" ID="PAG_00000120_SP000085" VPOS="1264" WIDTH="28"/>
            <String CONTENT="trois" HEIGHT="40" HPOS="1502" ID="PAG_00000120_ST000098" STYLEREFS="TXT_5" VPOS="1264" WC="1" WIDTH="101"/>
            <SP HPOS="1603" ID="PAG_00000120_SP000086" VPOS="1275" WIDTH="20"/>
            <String CONTENT="ou" HEIGHT="29" HPOS="1623" ID="PAG_00000120_ST000099" STYLEREFS="TXT_5" VPOS="1275" WC="1" WIDTH="50"/>
          </TextLine>
          <TextLine HEIGHT="52" HPOS="437" ID="PAG_00000120_TL000014" STYLEREFS="TXT_5" VPOS="1334" WIDTH="1236">
            <String CONTENT="quatre" HEIGHT="47" HPOS="437" ID="PAG_00000120_ST000100" STYLEREFS="TXT_5" VPOS="1339" WC="1" WIDTH="143"/>
            <SP HPOS="580" ID="PAG_00000120_SP000087" VPOS="1336" WIDTH="31"/>
            <String CONTENT="taches" HEIGHT="40" HPOS="611" ID="PAG_00000120_ST000101" STYLEREFS="TXT_5" VPOS="1336" WC="1" WIDTH="139"/>
            <SP HPOS="750" ID="PAG_00000120_SP000088" VPOS="1335" WIDTH="23"/>
            <String CONTENT="blanches," HEIGHT="49" HPOS="773" ID="PAG_00000120_ST000102" STYLEREFS="TXT_5" VPOS="1335" WC="0.99" WIDTH="211"/>
            <SP HPOS="984" ID="PAG_00000120_SP000089" VPOS="1336" WIDTH="22"/>
            <String CONTENT="tache" HEIGHT="40" HPOS="1006" ID="PAG_00000120_ST000103" STYLEREFS="TXT_5" VPOS="1336" WC="1" WIDTH="117"/>
            <SP HPOS="1123" ID="PAG_00000120_SP000090" VPOS="1334" WIDTH="20"/>
            <String CONTENT="costale" HEIGHT="42" HPOS="1143" ID="PAG_00000120_ST000104" STYLEREFS="TXT_5" VPOS="1334" WC="1" WIDTH="151"/>
            <SP HPOS="1294" ID="PAG_00000120_SP000091" VPOS="1336" WIDTH="20"/>
            <String CONTENT="étroite," HEIGHT="48" HPOS="1314" ID="PAG_00000120_ST000105" STYLEREFS="TXT_5" VPOS="1336" WC="1" WIDTH="158"/>
            <SP HPOS="1472" ID="PAG_00000120_SP000092" VPOS="1336" WIDTH="21"/>
            <String CONTENT="lunulée," HEIGHT="47" HPOS="1493" ID="PAG_00000120_ST000106" STYLEREFS="TXT_5" VPOS="1336" WC="1" WIDTH="180"/>
          </TextLine>
          <TextLine HEIGHT="54" HPOS="437" ID="PAG_00000120_TL000015" STYLEREFS="TXT_5" VPOS="1407" WIDTH="1239">
            <String CONTENT="ne" HEIGHT="29" HPOS="437" ID="PAG_00000120_ST000107" STYLEREFS="TXT_5" VPOS="1419" WC="1" WIDTH="51"/>
            <SP HPOS="488" ID="PAG_00000120_SP000093" VPOS="1409" WIDTH="16"/>
            <String CONTENT="joignant" HEIGHT="50" HPOS="504" ID="PAG_00000120_ST000108" STYLEREFS="TXT_5" VPOS="1409" WC="1" WIDTH="190"/>
            <SP HPOS="694" ID="PAG_00000120_SP000094" VPOS="1419" WIDTH="17"/>
            <String CONTENT="pas" HEIGHT="41" HPOS="711" ID="PAG_00000120_ST000109" STYLEREFS="TXT_5" VPOS="1419" WC="1" WIDTH="72"/>
            <SP HPOS="783" ID="PAG_00000120_SP000095" VPOS="1409" WIDTH="21"/>
            <String CONTENT="la" HEIGHT="39" HPOS="804" ID="PAG_00000120_ST000110" STYLEREFS="TXT_5" VPOS="1409" WC="1" WIDTH="39"/>
            <SP HPOS="843" ID="PAG_00000120_SP000096" VPOS="1411" WIDTH="20"/>
            <String CONTENT="côte" HEIGHT="38" HPOS="863" ID="PAG_00000120_ST000111" STYLEREFS="TXT_5" VPOS="1411" WC="1" WIDTH="87"/>
            <SP HPOS="950" ID="PAG_00000120_SP000097" VPOS="1407" WIDTH="22"/>
            <String CONTENT="qui" HEIGHT="54" HPOS="972" ID="PAG_00000120_ST000112" STYLEREFS="TXT_5" VPOS="1407" WC="1" WIDTH="68"/>
            <SP HPOS="1040" ID="PAG_00000120_SP000098" VPOS="1415" WIDTH="22"/>
            <String CONTENT="est" HEIGHT="34" HPOS="1062" ID="PAG_00000120_ST000113" STYLEREFS="TXT_5" VPOS="1415" WC="1" WIDTH="59"/>
            <SP HPOS="1121" ID="PAG_00000120_SP000099" VPOS="1407" WIDTH="20"/>
            <String CONTENT="piquée" HEIGHT="52" HPOS="1141" ID="PAG_00000120_ST000114" STYLEREFS="TXT_5" VPOS="1407" WC="1" WIDTH="146"/>
            <SP HPOS="1287" ID="PAG_00000120_SP000100" VPOS="1407" WIDTH="25"/>
            <String CONTENT="de" HEIGHT="41" HPOS="1312" ID="PAG_00000120_ST000115" STYLEREFS="TXT_5" VPOS="1407" WC="1" WIDTH="50"/>
            <SP HPOS="1362" ID="PAG_00000120_SP000101" VPOS="1408" WIDTH="17"/>
            <String CONTENT="noir," HEIGHT="48" HPOS="1379" ID="PAG_00000120_ST000116" STYLEREFS="TXT_5" VPOS="1408" WC="1" WIDTH="108"/>
            <SP HPOS="1487" ID="PAG_00000120_SP000102" VPOS="1408" WIDTH="21"/>
            <String CONTENT="dessous" HEIGHT="40" HPOS="1508" ID="PAG_00000120_ST000117" STYLEREFS="TXT_5" VPOS="1408" WC="1" WIDTH="168"/>
          </TextLine>
          <TextLine HEIGHT="53" HPOS="438" ID="PAG_00000120_TL000016" STYLEREFS="TXT_5" VPOS="1480" WIDTH="1237">
            <String CONTENT="des" HEIGHT="41" HPOS="438" ID="PAG_00000120_ST000118" STYLEREFS="TXT_5" VPOS="1480" WC="1" WIDTH="71"/>
            <SP HPOS="509" ID="PAG_00000120_SP000103" VPOS="1480" WIDTH="23"/>
            <String CONTENT="inférieures" HEIGHT="42" HPOS="532" ID="PAG_00000120_ST000119" STYLEREFS="TXT_5" VPOS="1480" WC="1" WIDTH="240"/>
            <SP HPOS="772" ID="PAG_00000120_SP000104" VPOS="1481" WIDTH="21"/>
            <String CONTENT="d'un" HEIGHT="40" HPOS="793" ID="PAG_00000120_ST000120" STYLEREFS="TXT_5" VPOS="1481" WC="1" WIDTH="97"/>
            <SP HPOS="890" ID="PAG_00000120_SP000105" VPOS="1486" WIDTH="18"/>
            <String CONTENT="vert" HEIGHT="36" HPOS="908" ID="PAG_00000120_ST000121" STYLEREFS="TXT_5" VPOS="1486" WC="1" WIDTH="86"/>
            <SP HPOS="994" ID="PAG_00000120_SP000106" VPOS="1482" WIDTH="24"/>
            <String CONTENT="jaunâtre," HEIGHT="51" HPOS="1018" ID="PAG_00000120_ST000122" STYLEREFS="TXT_5" VPOS="1482" WC="1" WIDTH="206"/>
            <SP HPOS="1224" ID="PAG_00000120_SP000107" VPOS="1480" WIDTH="28"/>
            <String CONTENT="parsemé" HEIGHT="52" HPOS="1252" ID="PAG_00000120_ST000123" STYLEREFS="TXT_5" VPOS="1480" WC="1" WIDTH="184"/>
            <SP HPOS="1436" ID="PAG_00000120_SP000108" VPOS="1480" WIDTH="20"/>
            <String CONTENT="de" HEIGHT="41" HPOS="1456" ID="PAG_00000120_ST000124" STYLEREFS="TXT_5" VPOS="1480" WC="1" WIDTH="50"/>
            <SP HPOS="1506" ID="PAG_00000120_SP000109" VPOS="1481" WIDTH="30"/>
            <String CONTENT="taches" HEIGHT="41" HPOS="1536" ID="PAG_00000120_ST000125" STYLEREFS="TXT_5" VPOS="1481" WC="1" WIDTH="139"/>
          </TextLine>
          <TextLine HEIGHT="57" HPOS="436" ID="PAG_00000120_TL000017" STYLEREFS="TXT_5" VPOS="1552" WIDTH="1267">
            <String CONTENT="blanches" HEIGHT="41" HPOS="436" ID="PAG_00000120_ST000126" STYLEREFS="TXT_5" VPOS="1552" WC="1" WIDTH="196"/>
            <SP HPOS="632" ID="PAG_00000120_SP000110" VPOS="1566" WIDTH="27"/>
            <String CONTENT="non" HEIGHT="27" HPOS="659" ID="PAG_00000120_ST000127" STYLEREFS="TXT_5" VPOS="1566" WC="1" WIDTH="82"/>
            <SP HPOS="741" ID="PAG_00000120_SP000111" VPOS="1552" WIDTH="25"/>
            <String CONTENT="nacrées." HEIGHT="41" HPOS="766" ID="PAG_00000120_ST000128" STYLEREFS="TXT_5" VPOS="1552" WC="1" WIDTH="180"/>
            <SP HPOS="946" ID="PAG_00000120_SP000112" VPOS="1552" WIDTH="32"/>
            <String CONTENT="9," HEIGHT="57" HPOS="978" ID="PAG_00000120_ST000129" STYLEREFS="TXT_5" VPOS="1552" WC="0.80" WIDTH="58"/>
            <SP HPOS="1036" ID="PAG_00000120_SP000113" VPOS="1556" WIDTH="25"/>
            <String CONTENT="ayant" HEIGHT="49" HPOS="1061" ID="PAG_00000120_ST000130" STYLEREFS="TXT_5" VPOS="1556" WC="1" WIDTH="119"/>
            <SP HPOS="1180" ID="PAG_00000120_SP000114" VPOS="1553" WIDTH="21"/>
            <String CONTENT="le" HEIGHT="39" HPOS="1201" ID="PAG_00000120_ST000131" STYLEREFS="TXT_5" VPOS="1553" WC="0.98" WIDTH="37"/>
            <SP HPOS="1238" ID="PAG_00000120_SP000115" VPOS="1552" WIDTH="33"/>
            <String CONTENT="dessous" HEIGHT="42" HPOS="1271" ID="PAG_00000120_ST000132" STYLEREFS="TXT_5" VPOS="1552" WC="1" WIDTH="169"/>
            <SP HPOS="1440" ID="PAG_00000120_SP000116" VPOS="1552" WIDTH="21"/>
            <String CONTENT="des" HEIGHT="41" HPOS="1461" ID="PAG_00000120_ST000133" STYLEREFS="TXT_5" VPOS="1552" WC="1" WIDTH="70"/>
            <SP HPOS="1531" ID="PAG_00000120_SP000117" VPOS="1552" WIDTH="34"/>
            <String CONTENT="infé-" HEIGHT="41" HPOS="1565" ID="PAG_00000120_ST000134" STYLEREFS="TXT_5" SUBS_CONTENT="inférieures" SUBS_TYPE="HypPart1" VPOS="1552" WC="1" WIDTH="108"/>
            <HYP CONTENT="-" HPOS="1673" VPOS="1593" WIDTH="30"/>
          </TextLine>
          <TextLine HEIGHT="53" HPOS="436" ID="PAG_00000120_TL000018" STYLEREFS="TXT_5" VPOS="1625" WIDTH="763">
            <String CONTENT="rieures" HEIGHT="40" HPOS="436" ID="PAG_00000120_ST000135" STYLEREFS="TXT_5" SUBS_CONTENT="inférieures" SUBS_TYPE="HypPart2" VPOS="1625" WC="1" WIDTH="156"/>
            <SP HPOS="592" ID="PAG_00000120_SP000118" VPOS="1625" WIDTH="22"/>
            <String CONTENT="légèrement" HEIGHT="50" HPOS="614" ID="PAG_00000120_ST000136" STYLEREFS="TXT_5" VPOS="1625" WC="1" WIDTH="246"/>
            <SP HPOS="860" ID="PAG_00000120_SP000119" VPOS="1625" WIDTH="19"/>
            <String CONTENT="lavé" HEIGHT="42" HPOS="879" ID="PAG_00000120_ST000137" STYLEREFS="TXT_5" VPOS="1625" WC="1" WIDTH="87"/>
            <SP HPOS="966" ID="PAG_00000120_SP000120" VPOS="1625" WIDTH="26"/>
            <String CONTENT="de" HEIGHT="41" HPOS="992" ID="PAG_00000120_ST000138" STYLEREFS="TXT_5" VPOS="1625" WC="1" WIDTH="48"/>
            <SP HPOS="1040" ID="PAG_00000120_SP000121" VPOS="1627" WIDTH="16"/>
            <String CONTENT="jaune." HEIGHT="51" HPOS="1056" ID="PAG_00000120_ST000139" STYLEREFS="TXT_5" VPOS="1627" WC="1" WIDTH="143"/>
          </TextLine>
        </TextBlock>
        <TextBlock HEIGHT="48" HPOS="492" ID="PAG_00000120_TB000006" LANG="fr" STYLEREFS="TXT_5" VPOS="1698" WIDTH="886">
          <TextLine HEIGHT="48" HPOS="492" ID="PAG_00000120_TL000019" STYLEREFS="TXT_5" VPOS="1698" WIDTH="886">
            <String CONTENT="France" HEIGHT="39" HPOS="492" ID="PAG_00000120_ST000140" STYLEREFS="TXT_5" TAGREFS="TAG_importantEN" VPOS="1699" WC="1" WIDTH="153"/>
            <SP HPOS="645" ID="PAG_00000120_SP000122" VPOS="1710" WIDTH="23"/>
            <String CONTENT="mer," HEIGHT="36" HPOS="668" ID="PAG_00000120_ST000141" STYLEREFS="TXT_5" VPOS="1710" WC="1" WIDTH="99"/>
            <SP HPOS="767" ID="PAG_00000120_SP000123" VPOS="1699" WIDTH="21"/>
            <String CONTENT="Provence," HEIGHT="46" HPOS="788" ID="PAG_00000120_ST000142" STYLEREFS="TXT_5" TAGREFS="TAG_importantEN" VPOS="1699" WC="1" WIDTH="220"/>
            <SP HPOS="1008" ID="PAG_00000120_SP000124" VPOS="1710" WIDTH="23"/>
            <String CONTENT="en" HEIGHT="29" HPOS="1031" ID="PAG_00000120_ST000143" STYLEREFS="TXT_5" VPOS="1710" WC="1" WIDTH="50"/>
            <SP HPOS="1081" ID="PAG_00000120_SP000125" VPOS="1698" WIDTH="23"/>
            <String CONTENT="avril" HEIGHT="42" HPOS="1104" ID="PAG_00000120_ST000144" STYLEREFS="TXT_5" VPOS="1698" WC="1" WIDTH="97"/>
            <SP HPOS="1201" ID="PAG_00000120_SP000126" VPOS="1703" WIDTH="23"/>
            <String CONTENT="et" HEIGHT="36" HPOS="1224" ID="PAG_00000120_ST000145" STYLEREFS="TXT_5" VPOS="1703" WC="1" WIDTH="38"/>
            <SP HPOS="1262" ID="PAG_00000120_SP000127" VPOS="1700" WIDTH="20"/>
            <String CONTENT="mai." HEIGHT="39" HPOS="1282" ID="PAG_00000120_ST000146" STYLEREFS="TXT_5" VPOS="1700" WC="1" WIDTH="96"/>
          </TextLine>
        </TextBlock>
        <TextBlock HEIGHT="126" HPOS="491" ID="PAG_00000120_TB000007" LANG="fr" STYLEREFS="TXT_5" VPOS="1770" WIDTH="1181">
          <TextLine HEIGHT="52" HPOS="493" ID="PAG_00000120_TL000020" STYLEREFS="TXT_5" VPOS="1770" WIDTH="1179">
            <String CONTENT="Chenille" HEIGHT="40" HPOS="493" ID="PAG_00000120_ST000147" STYLEREFS="TXT_5" VPOS="1770" WC="1" WIDTH="181"/>
            <SP HPOS="674" ID="PAG_00000120_SP000128" VPOS="1782" WIDTH="30"/>
            <String CONTENT="en" HEIGHT="28" HPOS="704" ID="PAG_00000120_ST000148" STYLEREFS="TXT_5" VPOS="1782" WC="1" WIDTH="50"/>
            <SP HPOS="754" ID="PAG_00000120_SP000129" VPOS="1771" WIDTH="24"/>
            <String CONTENT="juin," HEIGHT="51" HPOS="778" ID="PAG_00000120_ST000149" STYLEREFS="TXT_5" VPOS="1771" WC="1" WIDTH="108"/>
            <SP HPOS="886" ID="PAG_00000120_SP000130" VPOS="1771" WIDTH="21"/>
            <String CONTENT="vit" HEIGHT="40" HPOS="907" ID="PAG_00000120_ST000150" STYLEREFS="TXT_5" VPOS="1771" WC="1" WIDTH="57"/>
            <SP HPOS="964" ID="PAG_00000120_SP000131" VPOS="1771" WIDTH="32"/>
            <String CONTENT="solitaire" HEIGHT="40" HPOS="996" ID="PAG_00000120_ST000151" STYLEREFS="TXT_5" VPOS="1771" WC="1" WIDTH="178"/>
            <SP HPOS="1174" ID="PAG_00000120_SP000132" VPOS="1781" WIDTH="27"/>
            <String CONTENT="sur" HEIGHT="29" HPOS="1201" ID="PAG_00000120_ST000152" STYLEREFS="TXT_5" VPOS="1781" WC="1" WIDTH="70"/>
            <SP HPOS="1271" ID="PAG_00000120_SP000133" VPOS="1770" WIDTH="26"/>
            <String CONTENT="l'lberis" HEIGHT="42" HPOS="1297" ID="PAG_00000120_ST000153" STYLEREFS="TXT_5" TAGREFS="TAG_important" VPOS="1770" WC="0.96" WIDTH="158"/>
            <SP HPOS="1455" ID="PAG_00000120_SP000134" VPOS="1771" WIDTH="21"/>
            <String CONTENT="Plnnata." HEIGHT="41" HPOS="1476" ID="PAG_00000120_ST000154" STYLEREFS="TXT_5" TAGREFS="TAG_important" VPOS="1771" WC="0.90" WIDTH="196"/>
          </TextLine>
          <TextLine HEIGHT="52" HPOS="491" ID="PAG_00000120_TL000021" STYLEREFS="TXT_5" VPOS="1844" WIDTH="940">
            <String CONTENT="Le" HEIGHT="39" HPOS="491" ID="PAG_00000120_ST000155" STYLEREFS="TXT_5" VPOS="1844" WC="1" WIDTH="55"/>
            <SP HPOS="546" ID="PAG_00000120_SP000135" VPOS="1847" WIDTH="22"/>
            <String CONTENT="type" HEIGHT="47" HPOS="568" ID="PAG_00000120_ST000156" STYLEREFS="TXT_5" VPOS="1847" WC="1" WIDTH="92"/>
            <SP HPOS="660" ID="PAG_00000120_SP000136" VPOS="1844" WIDTH="14"/>
            <String CONTENT="Tagis" HEIGHT="51" HPOS="674" ID="PAG_00000120_ST000157" STYLEREFS="TXT_5" TAGREFS="TAG_important" VPOS="1844" WC="1" WIDTH="121"/>
            <SP HPOS="795" ID="PAG_00000120_SP000137" VPOS="1854" WIDTH="15"/>
            <String CONTENT="ne" HEIGHT="29" HPOS="810" ID="PAG_00000120_ST000158" STYLEREFS="TXT_5" VPOS="1854" WC="1" WIDTH="52"/>
            <SP HPOS="862" ID="PAG_00000120_SP000138" VPOS="1854" WIDTH="21"/>
            <String CONTENT="se" HEIGHT="29" HPOS="883" ID="PAG_00000120_ST000159" STYLEREFS="TXT_5" VPOS="1854" WC="1" WIDTH="42"/>
            <SP HPOS="925" ID="PAG_00000120_SP000139" VPOS="1846" WIDTH="15"/>
            <String CONTENT="trouve" HEIGHT="38" HPOS="940" ID="PAG_00000120_ST000160" STYLEREFS="TXT_5" VPOS="1846" WC="1" WIDTH="140"/>
            <SP HPOS="1080" ID="PAG_00000120_SP000140" VPOS="1854" WIDTH="22"/>
            <String CONTENT="pas" HEIGHT="42" HPOS="1102" ID="PAG_00000120_ST000161" STYLEREFS="TXT_5" VPOS="1854" WC="1" WIDTH="70"/>
            <SP HPOS="1172" ID="PAG_00000120_SP000141" VPOS="1855" WIDTH="22"/>
            <String CONTENT="en" HEIGHT="28" HPOS="1194" ID="PAG_00000120_ST000162" STYLEREFS="TXT_5" VPOS="1855" WC="1" WIDTH="49"/>
            <SP HPOS="1243" ID="PAG_00000120_SP000142" VPOS="1844" WIDTH="20"/>
            <String CONTENT="France." HEIGHT="42" HPOS="1263" ID="PAG_00000120_ST000163" STYLEREFS="TXT_5" TAGREFS="TAG_importantEN" VPOS="1844" WC="0.99" WIDTH="168"/>
          </TextLine>
        </TextBlock>
        <TextBlock HEIGHT="40" HPOS="437" ID="PAG_00000120_TB000008" LANG="fr" STYLEREFS="TXT_7" VPOS="1935" WIDTH="350">
          <TextLine HEIGHT="40" HPOS="437" ID="PAG_00000120_TL000022" STYLEREFS="TXT_7" VPOS="1935" WIDTH="350">
            <String CONTENT="CARDAMINES." HEIGHT="40" HPOS="437" ID="PAG_00000120_ST000164" STYLEREFS="TXT_7" VPOS="1935" WC="1" WIDTH="283"/>
            <SP HPOS="720" ID="PAG_00000120_SP000143" VPOS="1935" WIDTH="21"/>
            <String CONTENT="L." HEIGHT="39" HPOS="741" ID="PAG_00000120_ST000165" STYLEREFS="TXT_7" VPOS="1935" WC="1" WIDTH="46"/>
          </TextLine>
        </TextBlock>
        <TextBlock HEIGHT="344" HPOS="436" ID="PAG_00000120_TB000009" LANG="fr" STYLEREFS="TXT_5" VPOS="2024" WIDTH="1241">
          <TextLine HEIGHT="54" HPOS="492" ID="PAG_00000120_TL000023" STYLEREFS="TXT_5" VPOS="2024" WIDTH="1183">
            <String CONTENT="43'11." HEIGHT="41" HPOS="492" ID="PAG_00000120_ST000166" STYLEREFS="TXT_5" VPOS="2025" WC="0.85" WIDTH="93"/>
            <SP HPOS="585" ID="PAG_00000120_SP000144" VPOS="2024" WIDTH="36"/>
            <String CONTENT="Ailes" HEIGHT="40" HPOS="621" ID="PAG_00000120_ST000167" STYLEREFS="TXT_5" VPOS="2024" WC="1" WIDTH="107"/>
            <SP HPOS="728" ID="PAG_00000120_SP000145" VPOS="2024" WIDTH="29"/>
            <String CONTENT="blanches" HEIGHT="42" HPOS="757" ID="PAG_00000120_ST000168" STYLEREFS="TXT_5" VPOS="2024" WC="1" WIDTH="193"/>
            <SP HPOS="950" ID="PAG_00000120_SP000146" VPOS="2025" WIDTH="31"/>
            <String CONTENT="arrondies," HEIGHT="51" HPOS="981" ID="PAG_00000120_ST000169" STYLEREFS="TXT_5" VPOS="2025" WC="1" WIDTH="240"/>
            <SP HPOS="1221" ID="PAG_00000120_SP000147" VPOS="2037" WIDTH="35"/>
            <String CONTENT="avec" HEIGHT="31" HPOS="1256" ID="PAG_00000120_ST000170" STYLEREFS="TXT_5" VPOS="2037" WC="1" WIDTH="95"/>
            <SP HPOS="1351" ID="PAG_00000120_SP000148" VPOS="2038" WIDTH="46"/>
            <String CONTENT="une" HEIGHT="30" HPOS="1397" ID="PAG_00000120_ST000171" STYLEREFS="TXT_5" VPOS="2038" WC="1" WIDTH="82"/>
            <SP HPOS="1479" ID="PAG_00000120_SP000149" VPOS="2026" WIDTH="45"/>
            <String CONTENT="grande" HEIGHT="52" HPOS="1524" ID="PAG_00000120_ST000172" STYLEREFS="TXT_5" VPOS="2026" WC="0.99" WIDTH="151"/>
          </TextLine>
          <TextLine HEIGHT="56" HPOS="436" ID="PAG_00000120_TL000024" STYLEREFS="TXT_5" VPOS="2096" WIDTH="1241">
            <String CONTENT="tache" HEIGHT="41" HPOS="436" ID="PAG_00000120_ST000173" STYLEREFS="TXT_5" VPOS="2096" WC="1" WIDTH="118"/>
            <SP HPOS="554" ID="PAG_00000120_SP000150" VPOS="2108" WIDTH="35"/>
            <String CONTENT="aurore" HEIGHT="29" HPOS="589" ID="PAG_00000120_ST000174" STYLEREFS="TXT_5" VPOS="2108" WC="1" WIDTH="146"/>
            <SP HPOS="735" ID="PAG_00000120_SP000151" VPOS="2108" WIDTH="30"/>
            <String CONTENT="au" HEIGHT="29" HPOS="765" ID="PAG_00000120_ST000175" STYLEREFS="TXT_5" VPOS="2108" WC="1" WIDTH="52"/>
            <SP HPOS="817" ID="PAG_00000120_SP000152" VPOS="2101" WIDTH="28"/>
            <String CONTENT="sommet" HEIGHT="37" HPOS="845" ID="PAG_00000120_ST000176" STYLEREFS="TXT_5" VPOS="2101" WC="1" WIDTH="175"/>
            <SP HPOS="1020" ID="PAG_00000120_SP000153" VPOS="2098" WIDTH="26"/>
            <String CONTENT="des" HEIGHT="41" HPOS="1046" ID="PAG_00000120_ST000177" STYLEREFS="TXT_5" VPOS="2098" WC="1" WIDTH="70"/>
            <SP HPOS="1116" ID="PAG_00000120_SP000154" VPOS="2098" WIDTH="30"/>
            <String CONTENT="supérieures" HEIGHT="53" HPOS="1146" ID="PAG_00000120_ST000178" STYLEREFS="TXT_5" VPOS="2098" WC="1" WIDTH="253"/>
            <SP HPOS="1399" ID="PAG_00000120_SP000155" VPOS="2104" WIDTH="30"/>
            <String CONTENT="et" HEIGHT="36" HPOS="1429" ID="PAG_00000120_ST000179" STYLEREFS="TXT_5" VPOS="2104" WC="1" WIDTH="38"/>
            <SP HPOS="1467" ID="PAG_00000120_SP000156" VPOS="2112" WIDTH="18"/>
            <String CONTENT="un" HEIGHT="27" HPOS="1485" ID="PAG_00000120_ST000180" STYLEREFS="TXT_5" VPOS="2112" WC="1" WIDTH="56"/>
            <SP HPOS="1541" ID="PAG_00000120_SP000157" VPOS="2101" WIDTH="19"/>
            <String CONTENT="point" HEIGHT="51" HPOS="1560" ID="PAG_00000120_ST000181" STYLEREFS="TXT_5" VPOS="2101" WC="1" WIDTH="117"/>
          </TextLine>
          <TextLine HEIGHT="50" HPOS="437" ID="PAG_00000120_TL000025" STYLEREFS="TXT_5" VPOS="2170" WIDTH="1235">
            <String CONTENT="central" HEIGHT="39" HPOS="437" ID="PAG_00000120_ST000182" STYLEREFS="TXT_5" VPOS="2170" WC="1" WIDTH="153"/>
            <SP HPOS="590" ID="PAG_00000120_SP000158" VPOS="2170" WIDTH="19"/>
            <String CONTENT="noir" HEIGHT="40" HPOS="609" ID="PAG_00000120_ST000183" STYLEREFS="TXT_5" VPOS="2170" WC="1" WIDTH="91"/>
            <SP HPOS="700" ID="PAG_00000120_SP000159" VPOS="2170" WIDTH="18"/>
            <String CONTENT="au-dessous" HEIGHT="41" HPOS="718" ID="PAG_00000120_ST000184" STYLEREFS="TXT_5" VPOS="2170" WC="1" WIDTH="251"/>
            <SP HPOS="969" ID="PAG_00000120_SP000160" VPOS="2170" WIDTH="21"/>
            <String CONTENT="des" HEIGHT="41" HPOS="990" ID="PAG_00000120_ST000185" STYLEREFS="TXT_5" VPOS="2170" WC="1" WIDTH="70"/>
            <SP HPOS="1060" ID="PAG_00000120_SP000161" VPOS="2170" WIDTH="30"/>
            <String CONTENT="inférieures," HEIGHT="50" HPOS="1090" ID="PAG_00000120_ST000186" STYLEREFS="TXT_5" VPOS="2170" WC="1" WIDTH="253"/>
            <SP HPOS="1343" ID="PAG_00000120_SP000162" VPOS="2171" WIDTH="26"/>
            <String CONTENT="blanc" HEIGHT="42" HPOS="1369" ID="PAG_00000120_ST000187" STYLEREFS="TXT_5" VPOS="2171" WC="1" WIDTH="119"/>
            <SP HPOS="1488" ID="PAG_00000120_SP000163" VPOS="2172" WIDTH="22"/>
            <String CONTENT="marbré" HEIGHT="41" HPOS="1510" ID="PAG_00000120_ST000188" STYLEREFS="TXT_5" VPOS="2172" WC="1" WIDTH="162"/>
          </TextLine>
          <TextLine HEIGHT="56" HPOS="440" ID="PAG_00000120_TL000026" STYLEREFS="TXT_5" VPOS="2241" WIDTH="1232">
            <String CONTENT="de" HEIGHT="41" HPOS="440" ID="PAG_00000120_ST000189" STYLEREFS="TXT_5" VPOS="2241" WC="1" WIDTH="49"/>
            <SP HPOS="489" ID="PAG_00000120_SP000164" VPOS="2245" WIDTH="30"/>
            <String CONTENT="vert" HEIGHT="38" HPOS="519" ID="PAG_00000120_ST000190" STYLEREFS="TXT_5" VPOS="2245" WC="1" WIDTH="85"/>
            <SP HPOS="604" ID="PAG_00000120_SP000165" VPOS="2246" WIDTH="22"/>
            <String CONTENT="et" HEIGHT="37" HPOS="626" ID="PAG_00000120_ST000191" STYLEREFS="TXT_5" VPOS="2246" WC="1" WIDTH="38"/>
            <SP HPOS="664" ID="PAG_00000120_SP000166" VPOS="2243" WIDTH="34"/>
            <String CONTENT="de" HEIGHT="40" HPOS="698" ID="PAG_00000120_ST000192" STYLEREFS="TXT_5" VPOS="2243" WC="1" WIDTH="49"/>
            <SP HPOS="747" ID="PAG_00000120_SP000167" VPOS="2242" WIDTH="24"/>
            <String CONTENT="jaune." HEIGHT="55" HPOS="771" ID="PAG_00000120_ST000193" STYLEREFS="TXT_5" VPOS="2242" WC="1" WIDTH="138"/>
            <SP HPOS="909" ID="PAG_00000120_SP000168" VPOS="2247" WIDTH="32"/>
            <String CONTENT="9" HEIGHT="46" HPOS="941" ID="PAG_00000120_ST000194" STYLEREFS="TXT_5" VPOS="2247" WC="0.70" WIDTH="27"/>
            <SP HPOS="968" ID="PAG_00000120_SP000169" VPOS="2244" WIDTH="25"/>
            <String CONTENT="n'ayant" HEIGHT="52" HPOS="993" ID="PAG_00000120_ST000195" STYLEREFS="TXT_5" VPOS="2244" WC="1" WIDTH="166"/>
            <SP HPOS="1159" ID="PAG_00000120_SP000170" VPOS="2254" WIDTH="30"/>
            <String CONTENT="pas" HEIGHT="42" HPOS="1189" ID="PAG_00000120_ST000196" STYLEREFS="TXT_5" VPOS="2254" WC="1" WIDTH="73"/>
            <SP HPOS="1262" ID="PAG_00000120_SP000171" VPOS="2243" WIDTH="33"/>
            <String CONTENT="de" HEIGHT="41" HPOS="1295" ID="PAG_00000120_ST000197" STYLEREFS="TXT_5" VPOS="2243" WC="1" WIDTH="49"/>
            <SP HPOS="1344" ID="PAG_00000120_SP000172" VPOS="2244" WIDTH="28"/>
            <String CONTENT="tache" HEIGHT="41" HPOS="1372" ID="PAG_00000120_ST000198" STYLEREFS="TXT_5" VPOS="2244" WC="1" WIDTH="117"/>
            <SP HPOS="1489" ID="PAG_00000120_SP000173" VPOS="2256" WIDTH="23"/>
            <String CONTENT="aurore," HEIGHT="38" HPOS="1512" ID="PAG_00000120_ST000199" STYLEREFS="TXT_5" VPOS="2256" WC="1" WIDTH="160"/>
          </TextLine>
          <TextLine HEIGHT="53" HPOS="439" ID="PAG_00000120_TL000027" STYLEREFS="TXT_5" VPOS="2315" WIDTH="1233">
            <String CONTENT="mais" HEIGHT="39" HPOS="439" ID="PAG_00000120_ST000200" STYLEREFS="TXT_5" VPOS="2315" WC="1" WIDTH="104"/>
            <SP HPOS="543" ID="PAG_00000120_SP000174" VPOS="2318" WIDTH="17"/>
            <String CONTENT="ayant" HEIGHT="49" HPOS="560" ID="PAG_00000120_ST000201" STYLEREFS="TXT_5" VPOS="2318" WC="0.94" WIDTH="123"/>
            <SP HPOS="683" ID="PAG_00000120_SP000175" VPOS="2316" WIDTH="13"/>
            <String CONTENT="le" HEIGHT="40" HPOS="696" ID="PAG_00000120_ST000202" STYLEREFS="TXT_5" VPOS="2316" WC="1" WIDTH="37"/>
            <SP HPOS="733" ID="PAG_00000120_SP000176" VPOS="2320" WIDTH="16"/>
            <String CONTENT="sommet" HEIGHT="36" HPOS="749" ID="PAG_00000120_ST000203" STYLEREFS="TXT_5" VPOS="2320" WC="1" WIDTH="175"/>
            <SP HPOS="924" ID="PAG_00000120_SP000177" VPOS="2316" WIDTH="16"/>
            <String CONTENT="largement" HEIGHT="51" HPOS="940" ID="PAG_00000120_ST000204" STYLEREFS="TXT_5" VPOS="2316" WC="1" WIDTH="224"/>
            <SP HPOS="1164" ID="PAG_00000120_SP000178" VPOS="2316" WIDTH="12"/>
            <String CONTENT="saupoudré" HEIGHT="52" HPOS="1176" ID="PAG_00000120_ST000205" STYLEREFS="TXT_5" VPOS="2316" WC="0.98" WIDTH="228"/>
            <SP HPOS="1404" ID="PAG_00000120_SP000179" VPOS="2317" WIDTH="16"/>
            <String CONTENT="denoirâtre." HEIGHT="43" HPOS="1420" ID="PAG_00000120_ST000206" STYLEREFS="TXT_5" VPOS="2317" WC="1" WIDTH="252"/>
          </TextLine>
        </TextBlock>
        <TextBlock HEIGHT="113" HPOS="438" ID="PAG_00000120_TB000010" LANG="fr" STYLEREFS="TXT_5" VPOS="2386" WIDTH="1239">
          <TextLine HEIGHT="55" HPOS="492" ID="PAG_00000120_TL000028" STYLEREFS="TXT_5" VPOS="2386" WIDTH="1185">
            <String CONTENT="T." HEIGHT="38" HPOS="492" ID="PAG_00000120_ST000207" STYLEREFS="TXT_5" VPOS="2388" WC="1" WIDTH="43"/>
            <SP HPOS="535" ID="PAG_00000120_SP000180" VPOS="2387" WIDTH="23"/>
            <String CONTENT="1." HEIGHT="39" HPOS="558" ID="PAG_00000120_ST000208" STYLEREFS="TXT_5" VPOS="2387" WC="0.86" WIDTH="26"/>
            <SP HPOS="584" ID="PAG_00000120_SP000181" VPOS="2388" WIDTH="26"/>
            <String CONTENT="F." HEIGHT="39" HPOS="610" ID="PAG_00000120_ST000209" STYLEREFS="TXT_5" VPOS="2388" WC="1" WIDTH="44"/>
            <SP HPOS="654" ID="PAG_00000120_SP000182" VPOS="2399" WIDTH="24"/>
            <String CONTENT="commun" HEIGHT="29" HPOS="678" ID="PAG_00000120_ST000210" STYLEREFS="TXT_5" VPOS="2399" WC="1" WIDTH="193"/>
            <SP HPOS="871" ID="PAG_00000120_SP000183" VPOS="2388" WIDTH="21"/>
            <String CONTENT="dans" HEIGHT="40" HPOS="892" ID="PAG_00000120_ST000211" STYLEREFS="TXT_5" VPOS="2388" WC="1" WIDTH="100"/>
            <SP HPOS="992" ID="PAG_00000120_SP000184" VPOS="2389" WIDTH="19"/>
            <String CONTENT="les" HEIGHT="40" HPOS="1011" ID="PAG_00000120_ST000212" STYLEREFS="TXT_5" VPOS="2389" WC="1" WIDTH="60"/>
            <SP HPOS="1071" ID="PAG_00000120_SP000185" VPOS="2386" WIDTH="19"/>
            <String CONTENT="bois" HEIGHT="43" HPOS="1090" ID="PAG_00000120_ST000213" STYLEREFS="TXT_5" VPOS="2386" WC="1" WIDTH="90"/>
            <SP HPOS="1180" ID="PAG_00000120_SP000186" VPOS="2392" WIDTH="18"/>
            <String CONTENT="et" HEIGHT="36" HPOS="1198" ID="PAG_00000120_ST000214" STYLEREFS="TXT_5" VPOS="2392" WC="1" WIDTH="39"/>
            <SP HPOS="1237" ID="PAG_00000120_SP000187" VPOS="2388" WIDTH="17"/>
            <String CONTENT="les" HEIGHT="40" HPOS="1254" ID="PAG_00000120_ST000215" STYLEREFS="TXT_5" VPOS="2388" WC="1" WIDTH="60"/>
            <SP HPOS="1314" ID="PAG_00000120_SP000188" VPOS="2387" WIDTH="21"/>
            <String CONTENT="prés" HEIGHT="54" HPOS="1335" ID="PAG_00000120_ST000216" STYLEREFS="TXT_5" VPOS="2387" WC="1" WIDTH="92"/>
            <SP HPOS="1427" ID="PAG_00000120_SP000189" VPOS="2400" WIDTH="21"/>
            <String CONTENT="en" HEIGHT="29" HPOS="1448" ID="PAG_00000120_ST000217" STYLEREFS="TXT_5" VPOS="2400" WC="1" WIDTH="50"/>
            <SP HPOS="1498" ID="PAG_00000120_SP000190" VPOS="2389" WIDTH="21"/>
            <String CONTENT="avril" HEIGHT="40" HPOS="1519" ID="PAG_00000120_ST000218" STYLEREFS="TXT_5" VPOS="2389" WC="0.99" WIDTH="100"/>
            <SP HPOS="1619" ID="PAG_00000120_SP000191" VPOS="2393" WIDTH="19"/>
            <String CONTENT="et" HEIGHT="36" HPOS="1638" ID="PAG_00000120_ST000219" STYLEREFS="TXT_5" VPOS="2393" WC="1" WIDTH="39"/>
          </TextLine>
          <TextLine HEIGHT="39" HPOS="438" ID="PAG_00000120_TL000029" STYLEREFS="TXT_5" VPOS="2460" WIDTH="169">
            <String CONTENT="en" HEIGHT="29" HPOS="438" ID="PAG_00000120_ST000220" STYLEREFS="TXT_5" VPOS="2470" WC="1" WIDTH="50"/>
            <SP HPOS="488" ID="PAG_00000120_SP000192" VPOS="2460" WIDTH="21"/>
            <String CONTENT="mai." HEIGHT="39" HPOS="509" ID="PAG_00000120_ST000221" STYLEREFS="TXT_5" VPOS="2460" WC="1" WIDTH="98"/>
          </TextLine>
        </TextBlock>
        <TextBlock HEIGHT="57" HPOS="490" ID="PAG_00000120_TB000011" LANG="fr" STYLEREFS="TXT_5" VPOS="2531" WIDTH="971">
          <TextLine HEIGHT="57" HPOS="490" ID="PAG_00000120_TL000030" STYLEREFS="TXT_5" VPOS="2531" WIDTH="971">
            <String CONTENT="Chenille" HEIGHT="42" HPOS="490" ID="PAG_00000120_ST000222" STYLEREFS="TXT_5" VPOS="2531" WC="1" WIDTH="179"/>
            <SP HPOS="669" ID="PAG_00000120_SP000193" VPOS="2543" WIDTH="22"/>
            <String CONTENT="en" HEIGHT="29" HPOS="691" ID="PAG_00000120_ST000223" STYLEREFS="TXT_5" VPOS="2543" WC="1" WIDTH="49"/>
            <SP HPOS="740" ID="PAG_00000120_SP000194" VPOS="2534" WIDTH="10"/>
            <String CONTENT="juin" HEIGHT="54" HPOS="750" ID="PAG_00000120_ST000224" STYLEREFS="TXT_5" VPOS="2534" WC="1" WIDTH="92"/>
            <SP HPOS="842" ID="PAG_00000120_SP000195" VPOS="2537" WIDTH="20"/>
            <String CONTENT="et" HEIGHT="38" HPOS="862" ID="PAG_00000120_ST000225" STYLEREFS="TXT_5" VPOS="2537" WC="1" WIDTH="39"/>
            <SP HPOS="901" ID="PAG_00000120_SP000196" VPOS="2533" WIDTH="14"/>
            <String CONTENT="juillet" HEIGHT="55" HPOS="915" ID="PAG_00000120_ST000226" STYLEREFS="TXT_5" VPOS="2533" WC="1" WIDTH="133"/>
            <SP HPOS="1048" ID="PAG_00000120_SP000197" VPOS="2545" WIDTH="19"/>
            <String CONTENT="sur" HEIGHT="30" HPOS="1067" ID="PAG_00000120_ST000227" STYLEREFS="TXT_5" VPOS="2545" WC="1" WIDTH="69"/>
            <SP HPOS="1136" ID="PAG_00000120_SP000198" VPOS="2534" WIDTH="14"/>
            <String CONTENT="les" HEIGHT="41" HPOS="1150" ID="PAG_00000120_ST000228" STYLEREFS="TXT_5" VPOS="2534" WC="1" WIDTH="59"/>
            <SP HPOS="1209" ID="PAG_00000120_SP000199" VPOS="2534" WIDTH="20"/>
            <String CONTENT="crucifères." HEIGHT="42" HPOS="1229" ID="PAG_00000120_ST000229" STYLEREFS="TXT_5" VPOS="2534" WC="1" WIDTH="232"/>
          </TextLine>
        </TextBlock>
      </PrintSpace>
    </Page>
  </Layout>
</alto>
