1804 3000
952 335 51 9 —
1033 310 52 42 24
1119 334 52 8 -

449 426 126 41 gnes,
611 419 170 37 souvent
812 414 212 42 entourées
1057 413 49 42 de
1145 412 262 51 brouillards,
1438 417 70 37 ont
1537 412 144 42 besoin

447 500 103 41 pour
582 490 82 38 être
697 487 151 42 élevées
883 499 78 39 que
995 487 82 40 l'on
1111 486 200 53 remplace
1349 485 332 41 artificiellement

448 566 100 37 cette
565 562 213 41 humidité.
802 565 50 38 M.
877 561 141 41 Fallou
1051 573 23 29 a
1093 561 246 42 récemment
1360 561 200 42 construit
1580 561 100 42 dans

446 649 44 29 ce
508 637 73 40 but
597 649 58 28 un
674 637 245 40 instrument
934 648 105 41 pour
1064 636 222 53 pulvériser
1303 637 106 41 l'eau
1428 648 93 31 avec
1548 636 134 53 lequel

446 709 26 39 il
492 720 24 29 a
533 709 151 41 obtenu
703 709 49 41 de
771 709 210 41 très-bons
1003 709 206 42 résultats.

500 782 60 39 On
592 782 198 41 nettoiera
825 784 170 39 souvent
1022 782 58 40 les
1099 782 131 41 bottes
1259 785 39 38 et
1329 782 58 41 les
1405 784 91 51 pots
1527 782 53 40 où
1605 781 29 40 il
1655 793 25 41 y

445 855 131 39 aurait
595 866 57 28 un
666 854 124 51 grand
808 854 170 41 nombre
997 853 245 43 d'individus
1258 865 103 43 pour
1379 853 125 42 éviter
1524 865 78 40 que
1620 853 59 41 les

445 929 148 38 crottes
621 926 292 52 n'engendrent
934 938 51 30 en
1006 938 42 30 se
1067 928 237 41 moisissant
1324 926 71 43 des
1422 926 255 41 exhalaisons

444 997 212 44 nuisibles.

494 1205 309 41 PRÉPARATION
825 1210 55 35 ET
905 1208 332 38 CONSERVATION
1261 1209 80 36 DES
1362 1208 258 37 CHENILLES.

1696 1333 12 19 $

499 1415 110 41 Nous
641 1426 52 30 ne
724 1416 273 41 terminerons
1029 1425 73 43 pas
1137 1417 63 39 cet
1237 1413 194 55 opuscule
1462 1424 95 31 sans
1590 1412 86 43 dire

444 1487 194 51 quelques
657 1492 108 36 mots
787 1499 69 29 sur
885 1488 39 40 la
952 1487 180 41 manière
1152 1486 49 41 de
1229 1486 187 54 préparer
1438 1490 38 37 et
1496 1486 49 41 de
1576 1498 100 29 con-

444 1570 133 29 server
607 1559 57 41 les
696 1559 192 41 chenilles
927 1559 100 41 dans
1056 1560 57 40 les
1143 1558 260 51 collections,
1438 1563 39 36 et
1508 1559 97 41 c'est
1626 1560 52 40 ici

443 1632 215 40 l'occasion
680 1631 48 41 de
749 1632 308 41 recommander
1075 1643 79 29 aux
1167 1632 146 51 jeunes
1332 1634 204 38 amateurs
1557 1631 49 40 de
1625 1642 53 29 ne

442 1704 113 52 point
587 1703 179 52 négliger
799 1704 149 41 l'étude
969 1704 70 40 des
1060 1704 208 50 chenilles,
1296 1704 69 51 qui
1394 1707 60 37 est
1474 1704 34 40 si
1527 1704 151 53 impor-

441 1779 111 37 tante
581 1787 49 29 en
660 1777 286 50 entomologie.
980 1777 277 51 Quelquefois,
1292 1788 50 29 en
1372 1776 109 49 effet,
1511 1788 45 29 ce
1574 1776 105 41 n'est

443 1848 120 51 qu'au
594 1860 147 41 moyen
762 1848 71 41 des
854 1849 128 41 larves
1012 1849 124 51 qu'on
1155 1852 96 49 peut
1283 1848 242 41 déterminer
1554 1848 121 41 d'une

443 1920 177 40 manière
634 1921 169 51 positive
815 1919 198 42 certaines
1028 1920 181 53 espèces,
1229 1924 55 45 et,
1300 1920 100 41 dans
1414 1921 39 39 la
1473 1921 201 52 pratique,

442 1991 96 41 c'est
571 2004 50 28 en
647 1992 155 42 élevant
821 1993 59 40 les
914 1992 209 50 chenilles,
1162 1992 124 52 qu'on
1311 2005 42 28 se
1373 2004 217 42 procurera
1619 1994 57 38 les

441 2064 199 52 papillons
669 2064 58 40 les
754 2064 90 52 plus
864 2065 98 39 frais
988 2069 39 36 et
1061 2065 57 40 les
1147 2065 91 52 plus
1259 2076 126 38 rares,
1419 2066 102 39 ainsi
1545 2065 129 51 qu'un

442 2136 128 50 grand
598 2136 168 41 nombre
800 2136 201 53 d'espèces
1035 2137 126 51 qu'on
1191 2149 49 28 ne
1274 2141 209 38 rencontre
1504 2149 172 42 presque

438 2209 147 51 jamais
605 2209 24 39 à
647 2208 109 40 l'état
773 2207 192 41 d'insecte
984 2209 162 51 parfait.

494 2282 109 39 Pour
622 2280 157 41 étudier
797 2280 58 41 les
875 2280 192 41 chenilles
1088 2281 25 40 à
1133 2293 75 30 son
1228 2284 98 48 aise,
1343 2294 102 41 pour
1465 2285 212 38 reconnaî-

442 2358 59 36 tre
520 2353 118 40 celles
669 2352 123 51 qu'on
811 2363 24 29 a
863 2352 89 52 déjà
979 2364 79 29 une
1075 2353 76 41 fois
1171 2354 196 51 trouvées,
1391 2354 26 40 il
1441 2358 59 37 est
1519 2355 80 40 bon
1627 2354 48 41 de

440 2425 168 54 pouvoir
626 2424 57 40 les
702 2435 228 38 conserver,
953 2425 81 40 afin
1054 2424 49 41 de
1122 2426 58 40 les
1200 2428 114 39 avoir
1333 2438 95 30 sans
1448 2438 111 29 cesse
1579 2439 95 28 sous

440 2499 57 41 les
511 2508 120 42 yeux.
647 2496 207 41 Plusieurs
874 2496 209 43 méthodes
1098 2502 91 37 sont
1208 2499 228 56 employées
1449 2499 24 41 à
1484 2502 62 39 cet
1561 2499 111 42 effet.
