1768 3012
945 336 47 6 —
1027 316 76 37 120
1131 335 50 6 —

798 480 119 35 Genre
940 480 278 42 RHODOCERA,
1243 480 89 35 Bdv.

501 614 203 41 Chenilles
734 612 220 52 allongées,
986 613 253 51 chagrinées,
1262 615 289 52 pubescentes,
1583 630 97 28 con-

448 699 116 29 vexes
587 699 48 27 en
655 687 142 39 dessus
828 690 37 36 et
895 685 130 53 plates
1046 698 50 28 en
1117 687 170 40 dessous
1304 701 11 38 ;
1347 688 248 52 chrysalides
1615 701 67 28 ar-

448 759 139 52 quées,
609 763 124 47 ayant
747 759 39 39 la
800 759 129 51 partie
953 758 125 41 alaire
1093 759 288 51 très-ventrue,
1404 772 43 28 se
1466 764 218 39 terminant

449 844 50 29 en
520 833 143 39 fuseau
683 842 77 29 aux
782 828 103 42 deux
902 830 243 42 extrémités.

502 906 82 38 Ins.
608 904 102 51 parf.
732 904 108 39 Ailes
865 903 256 51 anguleuses,
1159 903 140 53 palpes
1318 905 365 54 très-comprimés,

448 979 198 37 antennes
666 987 111 28 assez
794 979 177 45 courtes,
994 976 193 52 épaisses,
1225 980 79 38 tête
1332 978 92 51 plus
1444 977 143 43 étroite
1608 992 79 39 que

448 1048 38 40 le
507 1048 170 48 thorax,
700 1048 169 40 celui-ci
896 1048 268 40 très-robuste
1196 1053 165 39 couvert
1382 1050 47 41 de
1448 1052 118 50 longs
1584 1054 102 50 poils

448 1128 168 44 soyeux,
642 1120 97 40 ailes
761 1120 251 52 dépourvues
1033 1121 50 40 de
1101 1122 141 50 frange
1258 1136 10 38 ;
1291 1126 172 37 sommet
1481 1135 44 28 se
1543 1126 144 38 ternii-*-

446 1198 95 34 nanl
561 1204 72 40 par
650 1204 54 28 un
723 1193 115 50 angle
860 1194 241 49 curviligne.

449 1291 183 47 RHAMNI,
656 1291 47 38 L.

505 1386 98 40 50m.
644 1385 109 41 Ailes
776 1385 97 40 d'un
894 1384 122 55 jaune
1037 1386 143 49 citron,
1213 1398 97 30 avec
1328 1399 58 29 un
1408 1390 111 50 point
1539 1390 150 50 orangé

452 1470 70 28 sur
541 1459 35 39 le
598 1458 158 51 disque,
779 1458 92 52 plus
903 1460 100 51 petit
1028 1470 70 34 sur
1126 1459 59 40 les
1205 1459 272 53 supérieures,
1498 1473 191 29 nervures

449 1530 214 41 terminées
682 1542 72 41 par
769 1530 48 40 de
832 1532 118 50 petits
961 1533 135 50 points
1112 1531 141 40 bruns.

515 1602 33 56 9
577 1603 220 40 semblable
818 1604 105 40 mais
945 1603 97 40 d'un
1061 1603 121 41 blanc
1201 1603 201 44 verdatre.

509 1675 183 41 Chenille
713 1687 50 28 en
787 1676 93 51 juin
901 1678 37 37 et
963 1674 135 54 juillet
1122 1688 71 27 sur
1211 1676 230 48 différentes
1461 1680 161 51 espèces
1641 1679 49 41 de

453 1760 218 41 nerpruns.

509 1823 45 38 T.
571 1822 28 39 1.
619 1823 44 38 F.
684 1832 189 30 commun
894 1822 180 52 pendant
1093 1823 171 43 toute.Ia
1282 1823 105 40 belle
1408 1825 152 49 saison,
1573 1836 119 43 passe

453 1895 145 40 l'hiver
619 1901 37 33 et
674 1893 90 42 vole
788 1894 147 48 dès.les
954 1894 196 53 premiers
1169 1896 132 40 beaux
1316 1897 131 51 jours.

457 1987 268 45 CLEOPATRA,
743 1986 47 39 L.
813 1984 72 49 (Pl.
909 1988 40 47 3,
974 1985 69 51 fig.
1065 1985 60 54 4).

511 2085 59 38 Ne
592 2082 139 41 diffère
753 2082 49 40 de
832 2083 178 40 Rhamni
1032 2095 79 39 que
1129 2094 73 41 par
1220 2084 39 39 la
1286 2084 118 41 tache
1430 2084 174 54 orangée
1624 2088 70 51 qui

459 2168 149 32 couvre
622 2167 173 41 presque
814 2159 89 37 tout
921 2156 36 39 le
979 2155 143 51 disque
1142 2156 70 39 des
1232 2156 271 53 supérieures,
1521 2158 58 41 les
1594 2160 98 39 ailes

459 2232 94 38 sont
565 2230 111 41 aussi
696 2240 55 28 un
766 2240 79 40 peu
862 2229 135 39 moins
1012 2228 258 50 anguleuses.

506 2303 155 39 France
680 2300 263 43 méridionale
963 2312 50 30 en
1033 2301 116 49 avril,
1169 2312 111 31 assez
1294 2313 205 33 commun.
