1764 3008
661 378 49 9 -
739 354 75 44 133
842 377 51 8 —

1248 2628 24 36 8

164 461 204 48 Tirïîsias,
392 457 111 43 Rott.
528 458 212 50 Arriynlas,
764 454 40 40 S.
828 454 46 40 V.
897 452 100 41 God.

220 556 94 37 2ülÍl.
337 551 108 39 Ailes
470 548 96 41 d'un
583 546 95 40 bleu
703 544 120 41 violet
843 555 95 29 avec
954 543 41 40 la
1012 542 175 41 bordure
1207 543 129 48 noire,
1360 545 41 38 et

170 625 193 51 quelques
382 622 120 51 petits
535 620 135 51 points
690 619 226 38 terminaux
937 613 50 42 de
1007 618 102 37 cette
1128 615 164 40 couleur
1319 626 83 30 aux

168 696 251 41 inférieures.
446 693 178 41 Dessous
657 689 98 39 d'un
787 688 81 50 gris
900 687 49 40 de
980 688 108 51 perle
1115 698 94 29 avec
1238 687 39 40 la
1305 687 98 40 base

173 768 97 40 d'un
288 771 84 36 vert
401 765 202 44 bleuâtre,
620 774 58 27 un
707 772 67 28 arc
796 760 148 41 central
971 759 172 50 allongé,
1162 771 81 28 une
1271 759 133 40 bande

175 840 49 40 de
245 839 118 52 petits
384 835 135 54 points
543 833 145 42 ocellés
709 837 38 35 et
762 843 80 28 une
859 831 144 41 double
1024 831 101 41 série
1141 832 267 50 anté-margi-

175 912 91 40 nale
286 910 49 40 de
354 909 139 40 taches
512 907 151 39 brunes
682 916 77 40 peu
792 904 209 50 marquées
1016 918 9 36 ;
1055 903 235 41 inférieures
1311 915 95 29 avec

174 983 201 53 plusieurs
394 981 121 52 petits
541 979 136 51 points
707 977 111 39 noirs
852 987 69 28 sur
946 976 38 39 le
1016 975 141 51 disque
1179 980 38 35 et
1241 976 91 52 près
1360 976 48 40 de

176 1055 146 50 l'angle
343 1053 91 40 anal
455 1051 106 40 deux
581 1050 139 40 taches
738 1050 141 39 tauves
909 1047 200 53 appuyées
1132 1059 70 28 sur
1219 1060 57 29 un
1297 1049 114 51 point

178 1132 39 36 et
237 1123 255 43 surmontées
513 1122 98 40 d'un
631 1132 68 28 arc
718 1121 105 39 noir.

231 1205 28 44 9
279 1199 148 45 Brune,
444 1207 95 29 avec
565 1193 58 40 les
645 1193 104 39 deux
770 1192 137 40 taches
928 1190 135 42 fauves
1085 1191 48 41 de
1155 1191 146 50 l'angle
1320 1192 93 39 anal

178 1272 91 52 plus
292 1282 52 27 ou
366 1269 130 39 moins
517 1268 218 50 apparents
756 1276 50 27 en
828 1263 156 41 dessus.

236 1340 181 42 Chenille
432 1341 18 37 ?

235 1416 176 46 Presque
440 1413 111 37 toute
576 1409 39 39 la
648 1409 44 38 F.
731 1406 196 41 Environs
960 1406 49 40 de
1041 1407 128 48 Paris,
1192 1406 221 42 Fontaine-

179 1487 134 49 bleau,
335 1486 227 45 Auvergne,
585 1481 166 48 Vosges,
775 1482 76 36 etc.
872 1492 10 37 ;
914 1477 180 40 endroits
1126 1478 166 49 herbus,
1316 1480 100 39 clai-

182 1558 125 40 rières
329 1555 72 40 des
421 1554 105 47 bois,
544 1564 50 28 en
609 1552 135 51 juillet
765 1555 39 35 et
824 1553 108 37 août.

182 1642 91 39 Var.
300 1636 320 54 Pulysperchon,
643 1637 313 47 Bergstraesser,
982 1633 189 50 Tiresias,
1191 1634 76 41 Hb.

238 1733 94 38 23m.
367 1726 96 42 Plus
495 1727 100 51 petit
623 1728 38 37 et
696 1724 205 51 dépourvu
938 1723 70 40 des
1036 1724 134 51 points
1203 1724 137 41 fauves
1370 1725 49 41 de

187 1802 146 50 l'angle
351 1801 91 39 anal
469 1811 50 28 en
541 1798 143 40 dessus
707 1800 38 36 et
764 1808 49 27 en
835 1794 179 41 dessous.

238 1873 28 46 9
288 1870 258 54 Saupoudrée
567 1869 48 40 de
634 1869 179 39 bleuâtre
833 1879 51 28 en
899 1867 157 42 dessus.

240 1945 96 40 Midi
376 1944 48 40 de
462 1944 39 39 la
538 1943 154 38 France
731 1939 182 52 (Guénée)
937 1970 10 18 ,
984 1940 190 51 Belgique
1210 1940 62 52 (de
1307 1943 112 51 Sélys

188 2016 321 53 Longchamps).

242 2092 113 39 Nous
389 2089 131 40 citons
555 2096 64 30 ces
656 2084 104 40 deux
792 2083 220 50 autorités,
1052 2095 119 41 parce
1207 2097 78 39 que
1317 2098 104 29 nous

189 2164 169 41 n'avons
389 2157 150 56 jamais
568 2157 83 52 pris
681 2160 101 39 cette
801 2168 84 28 var.
915 2168 49 28 en
997 2157 178 51 France;
1209 2169 99 28 ceux
1345 2171 78 40 que

193 2247 104 30 nous
316 2232 225 54 possédons
561 2230 190 39 viennent
782 2228 53 39 du
867 2228 103 40 nord
991 2227 48 41 de
1059 2228 279 52 l'Allemagne.

247 2310 46 38 B.
315 2305 110 43 Ailes
444 2302 240 54 inférieures
704 2312 96 29 sans
829 2312 140 40 queue.

197 2400 150 45 ÆGON,
371 2395 40 40 S.
434 2394 48 40 V.
505 2391 100 42 God.

253 2493 96 37 25m.
378 2486 108 40 Ailes
518 2483 97 41 d'un
638 2482 91 42 bleu
748 2482 125 41 violet
903 2480 116 41 foncé
1046 2492 95 29 avec
1160 2493 80 29 une
1258 2482 176 44 bordure

201 2563 115 40 noire
336 2571 112 30 assez
466 2558 110 50 large
596 2560 39 38 et
653 2557 39 39 la
712 2556 140 50 frange
879 2553 190 42 blanche.
1091 2554 176 42 Dessous
1288 2558 150 43 cendré
