1800 2996
727 318 46 8 —
810 300 45 37 15
885 318 49 7 -

284 408 55 40 La
364 405 103 41 boite
491 402 49 41 de
574 401 149 47 chasse,
755 398 70 51 fig.
847 401 39 46 9,
927 396 85 43 doit
1046 401 83 37 être
1161 408 49 30 en
1246 397 57 41 fer
1332 397 118 41 blanc

790 506 64 36 Fig.
874 507 27 26 9.

236 1148 100 40 pour
355 1138 136 40 mieux
510 1137 161 42 résister
698 1140 23 39 à
739 1139 39 41 la
796 1141 107 52 pluie
922 1144 38 37 et
979 1151 53 30 au
1053 1138 129 49 soleil,
1216 1137 37 39 le
1280 1132 97 43 fond
1398 1134 60 37 est

243 1210 113 49 garni
376 1209 119 41 d'une
523 1211 134 40 feuille
677 1211 49 41 de
755 1211 101 52 liége
878 1212 111 54 épais
1002 1226 10 38 ;
1035 1213 28 39 il
1082 1214 60 38 est
1162 1204 297 55 indispensable

236 1282 143 50 qu'elle
415 1284 78 39 soit
520 1285 138 39 munie
681 1283 47 42 de
757 1285 104 41 deux
879 1290 141 36 tenons
1043 1296 102 41 pour
1177 1296 24 39 y
1220 1290 139 44 passer
1382 1289 78 28 une

236 1355 183 39 courroie
450 1355 80 40 afin
561 1355 49 41 de
629 1357 168 51 pouvoir
823 1358 39 39 la
892 1362 136 48 porter
1047 1368 52 29 en
1125 1352 276 46 bandoulière,
1424 1353 38 36 et

235 1427 111 39 avoir
366 1427 55 38 les
440 1425 100 42 deux
569 1428 132 40 mains
719 1428 120 41 libres
853 1443 9 37 ;
897 1441 53 28 on
969 1430 120 52 pique
1109 1427 103 41 dans
1232 1428 104 39 cette
1354 1423 108 40 boite

235 1497 58 40 les
312 1500 183 49 captures
523 1510 78 39 que
622 1498 81 41 l'on
724 1501 70 39 fait
814 1500 179 53 pendant
1011 1502 38 39 la
1069 1500 160 40 chasse.

287 1571 56 38 La
361 1569 102 41 boite
484 1571 25 39 à
527 1570 181 50 chenille,
729 1571 66 53 fig.
821 1576 64 45 10,
919 1572 49 42 de
988 1574 127 40 forme
1132 1571 131 48 ovale,
1286 1571 61 38 est
1368 1565 91 54 pré-

786 1666 65 36 Fig.
873 1669 44 26 10.

242 2214 163 48 férable,
438 2224 42 29 se
499 2212 161 53 plaçant
679 2210 90 53 plus
788 2208 230 42 facilement
1037 2208 101 41 dans
1162 2210 39 39 la
1231 2209 141 52 poche,
1395 2208 74 40 elle

243 2299 24 28 a
290 2287 47 39 14
356 2288 103 38 cent.
478 2296 69 29 sur
567 2287 23 37 8
611 2286 104 38 cent.
731 2286 38 37 et
788 2284 24 37 7
833 2280 49 41 de
899 2281 173 40 hauteur
1087 2296 10 37 ;
1119 2292 69 29 sur
1202 2281 36 40 le
1258 2280 210 41 couvercle

246 2362 60 37 est
336 2356 206 54 pratiquée
583 2367 80 29 une
700 2356 210 39 ouverture
941 2352 150 41 bordée
1127 2353 341 47 intérieurement,

245 2439 103 42 pour
374 2440 23 39 y
417 2426 221 42 introduire
672 2427 58 40 les
750 2424 192 43 chenilles
975 2435 94 29 sans
1096 2423 164 51 qu'elles
1287 2423 184 52 puissent

248 2500 133 41 sortir.
