1728 2996
633 356 49 10 —
712 338 45 38 61
794 357 51 6 -

1192 2613 22 35 4

180 443 30 37 A
231 440 38 40 la
289 440 130 40 même
438 437 156 54 époque
614 449 54 28 on
688 436 80 41 fera
795 436 94 40 bien
911 434 49 41 de
994 434 159 53 frapper
1172 434 36 40 le
1237 439 115 35 tronc

128 514 69 39 des
231 513 134 39 arbres
392 511 101 40 dans
526 512 57 38 les
606 510 123 40 forêts
750 512 260 37 montueuses
1038 513 38 34 et
1103 506 249 50 ombragées,

128 597 102 41 pour
256 597 48 28 en
338 585 98 39 faire
467 583 157 40 tomber
652 583 39 39 la
721 582 205 53 Luperina
952 580 268 53 scolopacina,
1253 582 102 37 cette

129 658 138 51 espèce
294 659 59 38 est
373 667 87 29 rare
480 656 23 39 à
521 655 113 40 Paris
650 669 10 37 ;
684 666 52 28 on
764 654 39 39 la
824 658 136 36 trouve
981 652 253 52 quelquefois
1255 651 100 40 dans

129 731 56 38 les
203 730 89 39 bois
314 728 47 40 de
379 727 187 47 Meudon,
588 726 333 53 principalement
940 725 89 52 près
1050 724 54 40 du
1127 725 143 39 Haras.

184 802 107 39 C'est
310 801 109 39 aussi
436 800 36 39 le
492 802 180 38 moment
689 797 49 41 de
760 797 207 41 l'éclosion
989 795 54 41 du
1063 796 175 54 Harpya
1253 796 104 52 [agi.

131 875 61 38 On
209 874 36 39 le
265 877 137 36 trouve
422 871 332 53 principalement
776 870 96 40 dans
892 870 59 40 les
971 868 173 52 grandes
1160 868 123 40 forêts
1297 881 9 38 ;
1330 867 28 39 il

130 948 86 38 faut
245 945 131 40 battre
408 944 57 40 les
501 942 121 41 taillis
655 943 180 40 sombres
869 953 103 42 pour
1004 953 42 29 se
1083 942 36 39 le
1150 951 207 42 procurer.

132 1020 110 39 Nous
261 1019 154 41 l'avons
433 1017 84 52 pris
536 1017 200 51 plusieurs
755 1015 75 41 fois
851 1014 101 42 dans
972 1014 38 41 la
1028 1015 102 41 forêt
1152 1013 48 42 de
1223 1012 136 42 Saint-

134 1091 188 40 Germain
343 1093 38 37 et
398 1090 23 40 à
441 1088 333 41 Fontainebleau.

188 1164 56 38 La
269 1162 212 40 Geometra
508 1161 276 53 papilionaria
812 1172 42 29 se
873 1160 99 53 plaît
1001 1158 101 42 dans
1130 1160 58 41 les
1209 1163 151 37 mêmes

134 1234 179 41 localités
334 1249 10 37 -,
366 1234 73 41 elle
455 1234 88 39 vole
562 1232 252 51 quelquefois
832 1244 90 29 vers
941 1232 37 40 le
998 1233 96 48 soir,
1115 1243 76 29 aux
1214 1243 147 41 appro-

135 1307 94 40 ches
259 1306 54 40 du
343 1305 207 41 chasseur.
575 1306 31 38 Il
632 1317 50 28 en
711 1308 60 36 est
801 1304 48 40 de
873 1307 131 37 même
1037 1302 48 42 de
1117 1304 246 51 l'Angerona

135 1381 220 50 prunaria.
377 1379 54 37 La
453 1377 100 39 forêt
574 1376 48 40 de
639 1376 140 51 Bondy
800 1380 59 36 est
873 1387 81 29 une
974 1376 216 40 excellente
1207 1375 159 40 localité

135 1463 103 39 pour
254 1451 57 39 les
331 1451 98 39 trois
449 1449 162 52 espèces
631 1460 76 39 que
726 1460 103 28 nous
848 1456 155 32 venons
1023 1448 48 40 de
1089 1449 191 50 signaler.

188 1521 96 42 Vers
303 1523 36 39 le
360 1525 22 37 8
405 1533 52 29 ou
477 1522 37 39 le
538 1525 49 36 10
595 1521 148 52 juillet,
766 1519 252 53 quelquefois
1043 1521 131 39 même
1192 1519 92 53 plus
1305 1520 60 40 tôt

136 1599 112 40 selon
268 1608 77 40 que
366 1595 154 41 l'année
535 1606 24 29 a
578 1595 61 40 été
659 1596 88 52 plus
768 1606 53 29 ou
843 1596 132 40 moins
994 1594 181 54 précoce,
1197 1594 37 42 le
1252 1597 113 51 Saty-

136 1683 70 27 rus
232 1669 141 40 semele
394 1669 87 40 vole
514 1667 101 40 dans
647 1667 58 41 les
732 1667 90 41 bois
852 1666 146 41 arides.
1024 1668 30 39 Il
1085 1670 60 37 est
1172 1671 194 37 extrême-

138 1746 110 37 ment
263 1752 191 30 commun
470 1743 22 37 à
510 1739 146 53 Lardy,
675 1740 22 39 à
710 1739 328 49 Fontainebleau,
1057 1739 34 49 à
1091 1739 156 49 Sénart,
1269 1744 93 45 etc.,

138 1816 102 38 ainsi
261 1825 77 40 que
359 1812 99 40 dans
479 1813 39 39 la
535 1812 104 40 forêt
658 1811 53 40 du
732 1811 177 40 Vésinet.
932 1813 111 38 Nous
1062 1811 153 42 l'avons
1234 1814 130 38 même

140 1885 165 42 observé
327 1885 250 51 quelquefois
599 1895 68 28 sur
682 1884 57 39 les
761 1882 239 42 boulevards
1021 1882 233 51 extérieurs,
1276 1896 89 40 par-

140 1958 293 41 ticulièrement
452 1967 77 29 aux
545 1956 186 40 environs
753 1954 54 40 du
826 1966 95 41 parc
942 1955 48 40 de
1003 1954 208 42 Monceau.

193 2032 56 37 La
275 2029 105 39 forêt
404 2027 48 41 de
472 2027 315 41 Fontainebleau
813 2030 39 37 et
879 2025 58 42 les
965 2031 169 36 coteaux
1155 2028 50 39 de
1233 2027 133 53 Lardy

141 2106 105 44 sont,
269 2113 78 28 aux
380 2100 188 41 environs
598 2099 48 41 de
675 2100 128 48 Paris,
828 2100 36 39 le
897 2098 190 42 domaine
1116 2099 172 42 exclusif
1311 2100 54 40 du

142 2173 168 53 Salyrus
336 2173 219 48 hermione,
578 2172 294 40 très-commun
897 2171 101 40 dans
1025 2176 88 36 tout
1139 2173 35 39 le
1202 2173 97 39 midi
1331 2179 37 34 et

143 2245 99 39 dans
258 2246 197 39 certaines
474 2244 148 51 parties
637 2243 52 40 du
703 2247 135 38 centre
856 2248 38 35 et
909 2243 48 40 de
976 2245 88 39 l'est
1085 2244 49 39 de
1150 2244 36 40 la
1199 2245 167 40 France.

146 2318 30 39 Il
210 2317 102 40 aime
332 2317 22 39 à
375 2328 41 28 se
447 2327 162 41 reposer
640 2320 138 36 contre
809 2316 37 39 le
876 2320 114 35 tronc
1019 2315 70 40 des
1118 2316 160 49 chênes,
1299 2317 71 41 des

144 2389 220 47 bouleaux,
397 2392 75 36 etc.
510 2388 30 39 Il
576 2387 127 40 s'abat
741 2390 130 37 même
901 2399 69 28 sur
997 2388 39 39 la
1067 2390 204 51 poussière
1301 2389 69 41 des

147 2464 135 37 routes
301 2464 35 36 et
353 2460 87 39 vole
462 2463 168 37 souvent
649 2471 49 29 en
719 2460 237 52 compagnie
973 2459 52 41 du
1043 2459 44 42 S.
1108 2461 153 40 semele.

205 2535 51 37 Le
284 2534 173 49 Satyrus
487 2531 176 39 Phœdm
699 2535 59 36 est
794 2531 295 42 très-commun
1126 2534 23 40 à
1178 2534 38 39 la
1246 2536 129 38 même
