1752 2996
626 279 48 9 -
707 258 79 42 149
815 277 51 12 —

132 359 100 54 petit
248 360 93 41 trait
361 358 194 44 discoïdal
572 365 38 38 et
630 360 70 42 des
713 362 135 52 points
863 361 112 42 noirs
993 361 150 43 cerclés
1159 361 50 43 de
1222 363 135 50 blanc,

132 432 91 54 plus
244 443 92 39 gros
356 443 80 30 aux
456 433 265 52 supérieures,
753 438 38 36 et
809 445 80 29 une
907 434 146 51 rangée
1076 436 217 50 marginale
1311 437 49 40 de

133 502 161 42 lunules
314 504 255 41 blanchâtres
589 505 210 52 marquées
825 506 179 41 chacune
1024 507 97 40 d'un
1141 508 114 52 point
1277 510 84 49 gri-

135 579 122 46 sâtre,
279 576 91 52 plus
386 578 111 39 noirs
517 577 23 40 à
559 577 145 51 l'angle
724 579 107 39 anal.

194 659 27 42 9
259 648 95 40 d'un
392 649 104 40 brun
551 651 90 38 noir
678 662 94 29 avec
806 651 37 40 le
879 650 143 53 disque
1070 651 94 41 bleu
1204 656 38 35 et
1279 664 82 28 une

136 720 145 51 rangée
302 721 49 40 de
380 722 136 39 taches
555 723 169 40 ocellées
752 735 51 28 au
831 723 98 41 bord
964 724 185 40 terminal
1170 723 70 42 des
1259 723 104 41 infé-

136 794 165 39 rieures.

191 865 179 41 Chenille
393 865 101 41 dans
515 867 59 40 les
594 867 186 52 capsules
813 868 52 40 du
897 867 170 42 Colutea
1093 870 271 40 arborescens.

194 937 282 52 Département
493 938 52 40 du
559 941 92 45 Var,
673 941 187 39 environs
876 941 49 40 de
937 942 154 39 Toulon
1111 945 38 36 et
1168 941 48 41 de
1236 941 131 41 Saint-

138 1007 191 42 Maximin
350 1021 50 28 en
414 1011 91 50 juin
526 1014 37 37 et
577 1012 148 51 juillet.
748 1013 120 40 Assez
887 1024 102 29 rare.

143 1098 159 50 ALCON,
328 1101 65 39 Sv.
414 1101 103 52 Dup.
540 1101 249 53 Euphernus,
811 1102 99 41 God.

192 1192 104 38 35m.
338 1188 108 43 Ailes
467 1190 96 41 d'un
584 1192 92 40 bleu
697 1193 119 39 violet
836 1204 95 30 avec
952 1206 80 28 une
1051 1194 122 52 petite
1192 1193 176 41 bordure

140 1261 128 40 noire.
292 1263 102 39 Sans
415 1274 133 29 aucun
567 1267 114 49 point
709 1266 102 39 noir.
837 1266 177 40 Dessous
1035 1266 96 40 d'un
1152 1264 104 41 brun
1277 1278 93 28 cen-

141 1332 83 52 dré;
247 1345 94 29 avec
368 1346 78 29 une
476 1336 136 40 lunule
632 1337 175 40 centrale
837 1341 38 36 et
903 1350 79 28 une
1002 1337 103 41 série
1124 1338 246 40 très-courbe

141 1404 49 42 de
206 1406 136 51 points
362 1408 110 39 noirs
500 1407 157 41 ocellés.
683 1408 261 52 Quelquefois
963 1421 57 29 un
1038 1422 50 28 ou
1111 1411 106 39 deux
1236 1412 135 51 points

139 1477 225 42 basiluires.
400 1479 161 51 Rangée
595 1481 339 51 anté-marginale
967 1481 48 41 de
1044 1482 158 40 lunules
1220 1482 153 51 légère-

141 1554 112 36 ment
270 1551 224 51 marquées.

203 1633 28 42 ç
272 1624 90 51 plus
396 1624 168 50 grande,
587 1625 96 40 d'un
703 1626 102 39 brun
825 1626 106 48 noir,
955 1637 95 29 avec
1069 1624 36 41 le
1126 1625 144 51 disque
1288 1637 87 29 sau-

140 1694 152 52 poudré
324 1695 48 41 de
401 1696 91 40 bleu
523 1697 133 48 violet,
690 1710 79 27 une
802 1699 137 39 lunule
967 1697 219 41 discoïdale
1223 1702 38 36 et
1293 1709 81 28 une

144 1766 101 41 série
267 1767 139 40 sinuée
428 1768 48 39 de
497 1769 134 52 points
663 1771 126 45 noirs,
818 1770 169 39 dessous
1016 1771 89 50 plus
1135 1769 130 41 foncé.

200 1841 174 49 Presque
394 1841 44 39 T.
470 1840 11 39 1
531 1842 44 38 F.
597 1840 100 40 dans
727 1842 56 38 les
805 1842 198 39 clairières
1024 1842 69 39 de:,
1114 1842 102 45 Lois,
1237 1842 139 39 Chan-

144 1912 100 51 tilly,
270 1912 245 52 Compiégue
536 1913 91 52 près
648 1912 250 51 Saint-Jean,
919 1914 210 52 B.-Alpes,
1147 1915 227 50 Auvergne,

144 1983 56 40 fin
220 1982 48 41 de
282 1985 108 51 juin,
413 1996 113 29 assez
547 1997 207 29 commun.

146 2077 230 48 DIOMEDES,
397 2076 111 42 Rott.
533 2078 249 53 Euphernus,
807 2079 76 40 Hb.
908 2080 102 51 Dup.
1035 2080 66 51 (pl.
1123 2083 40 45 7,
1186 2079 65 50 fig.
1276 2078 62 54 5.)

200 2167 75 39 Est
290 2166 49 41 de
364 2168 37 39 la
423 2169 153 40 France
598 2168 101 40 dans
720 2170 56 39 les
796 2171 168 49 prairies
984 2169 201 46 humides,
1202 2169 175 47 Colmar,

148 2238 258 50 Strasbourg,
421 2241 153 50 Nancy,
589 2241 308 50 Neuf-Brisach,
913 2242 119 46 Isère,
1055 2241 139 39 basses
1211 2241 168 51 prairies

149 2321 49 28 en
212 2309 133 51 juillet
364 2315 39 35 et
422 2316 111 35 août.
553 2314 74 38 Pas
646 2324 87 28 rare
754 2325 47 28 en
821 2314 153 38 Alsase.
999 2314 110 38 Cette
1124 2312 140 51 espèce
1278 2324 23 27 a
1320 2312 60 40 été

148 2382 227 52 longtemps
395 2384 229 40 confondue
645 2396 95 29 avec
768 2385 37 39 la
833 2384 240 53 précédente
1096 2385 73 39 elle
1191 2384 85 40 s'en
1295 2383 83 40 dis-

150 2454 161 53 tingue:
337 2459 37 35 1"
405 2466 71 42 par
508 2467 44 28 sa
582 2457 156 40 femelle
770 2456 99 41 dont
896 2457 38 39 la
960 2455 177 41 bordure
1156 2460 60 36 est
1247 2456 133 40 mieux
