1744 3012
938 350 51 7 —
1022 331 53 38 92
1102 350 54 8 —

425 438 79 40 que
533 427 95 43 chez
645 427 40 41 la
706 428 161 53 plupart
885 427 152 41 d'entre
1056 427 96 41 elles
1171 429 104 39 cette
1291 427 118 41 tache
1433 427 219 52 n'atteigne

418 512 74 40 pas
519 501 38 40 la
590 504 103 38 côte.
716 503 76 38 Par
824 502 40 39 la
896 503 131 38 même
1051 501 153 48 fiction,
1226 512 54 29 on
1307 512 164 30 nomme
1497 502 154 52 apicale

415 585 83 30 une
517 575 119 40 tache
658 575 69 53 qui
750 578 60 37 est
829 573 102 42 dans
949 574 39 40 la
1010 573 142 51 région
1177 573 168 53 apicale,
1368 585 95 29 sans
1481 573 171 42 toucher

414 647 147 50 l'angle
583 645 47 42 de
650 659 45 28 ce
714 658 112 29 nom.

470 717 74 42 Les
563 721 164 38 auteurs
754 722 72 37 ont
846 717 193 54 jusqu'ici
1058 717 165 41 nommé
1258 716 225 52 également
1513 717 138 42 dessin

415 791 184 40 terminal
613 802 53 29 ou
685 790 200 51 marginal
905 794 90 37 tout
1014 790 137 41 dessin
1172 790 69 53 qui
1261 784 390 59 s'approcheeeule-

416 866 111 38 ment
547 863 55 40 du
619 863 104 41 bord
744 863 48 41 de
812 875 44 29 ce
882 875 113 37 nom,
1017 863 102 40 mais
1148 874 67 30 ces
1235 861 159 42 dessins
1426 867 93 36 sont
1539 862 111 41 d'or-

417 935 152 41 dinaire
591 937 33 39 si
642 934 264 55 compliqués,
927 947 78 42 que
1025 947 103 29 nous
1145 935 166 41 n'avons
1328 946 74 41 pas
1423 946 72 29 cru
1515 935 138 41 devoir

416 1009 207 52 employer
654 1020 45 28 ce
730 1011 128 38 terme
892 1010 34 39 si
951 1020 144 38 vague.
1134 1009 110 39 Nous
1272 1007 240 53 n'appelons
1545 1007 107 42 donc

418 1082 190 39 terminal
626 1093 52 28 ou
702 1082 213 50 marginal
932 1080 126 52 qu'un
1083 1080 136 40 dessin
1239 1080 70 51 qui
1338 1080 147 40 touche
1504 1080 149 41 immé-

418 1153 222 41 diatement
664 1154 37 40 le
729 1153 117 40 bord.
870 1154 103 39 Tout
993 1156 113 37 autre
1127 1152 69 51 qui
1227 1164 51 28 en
1299 1153 202 52 approche
1522 1153 131 41 seule-

416 1229 112 37 ment
547 1237 52 29 ou
619 1226 37 40 le
674 1226 138 50 longe,
834 1229 60 38 est
911 1236 105 43 pour
1029 1236 104 30 nous
1152 1225 327 41 anté-terniinal.

969 1325 68 45 Fig.'
1054 1335 27 26 8.

469 1826 58 39 La
550 1825 70 51 fig.
642 1829 22 38 8
685 1825 228 54 représente
946 1827 58 40 les
1031 1827 130 51 lignes
1192 1827 55 41 du
1267 1826 169 41 dessous
1458 1825 69 41 des
1546 1824 107 42 infé-

415 1898 153 40 rieures
589 1898 100 41 dans
708 1899 59 40 les
785 1898 168 54 Satyrus
972 1912 52 29 en
1046 1899 182 54 général;
1255 1900 40 40 la
1331 1899 110 51 ligne
1462 1900 47 50 (a)
1530 1901 61 38 est
1613 1897 41 41 la

417 1970 206 50 basilaire,
648 1972 48 52 (b)
717 1975 61 37 est
809 1973 39 39 la
876 1973 187 40 médiane
1084 1977 38 36 et
1141 1974 44 51 (c)
1207 1971 372 42 Vanté-terminale.

471 2045 63 40 On
549 2056 165 29 nomme
729 2047 121 50 point
861 2045 48 51 (d)
929 2058 57 27 un
1008 2045 136 41 dessin
1161 2044 317 42 ordinairement
1488 2042 166 43 arrondi

415 2119 39 38 et
480 2117 70 51 qui
570 2128 152 41 occupe
741 2128 78 41 peu
844 2117 199 53 d'espace,
1072 2120 39 38 et
1141 2117 299 51 généralement
1476 2118 88 40 tout
1584 2114 69 42 œil

415 2201 84 29 non
522 2189 163 53 pupillé.
711 2190 41 40 Si
781 2201 44 30 ce
846 2188 134 42 dessin
1000 2194 216 47 augmente
1235 2190 49 40 de
1306 2189 206 52 grandeur
1529 2189 30 39 il
1579 2188 74 42 de-

413 2264 112 39 vient
548 2274 82 29 une
652 2263 114 40 tache
780 2276 14 36 ;
824 2263 34 40 si
886 2265 105 38 cette
1010 2262 119 42 tache
1148 2273 24 30 a
1192 2274 81 30 une
1298 2263 131 40 forme
1456 2261 193 51 allongée,

416 2335 75 41 elle
519 2335 189 53 s'appelle
741 2336 131 40 bande
905 2349 13 27 :
952 2337 34 39 si
1022 2347 52 29 au
1107 2336 200 40 contraire
1338 2336 40 40 la
1411 2335 159 41 surface
1598 2333 54 41 du

417 2409 135 40 dessin
572 2412 60 36 est
658 2409 220 52 très-petite
906 2409 277 41 relativement
1203 2409 24 40 à
1246 2419 45 30 sa
1316 2408 217 51 longueur,
1554 2405 29 42 il
1608 2418 43 30 se

415 2492 212 30 nommera
644 2482 108 50 ligne
788 2481 64 40 s'il
871 2485 60 37 est
952 2481 213 51 très-long,
1186 2483 103 41 trait
1314 2480 64 43 s'il
1395 2480 90 41 l'est
1499 2480 150 50 moins,

416 2557 99 41 strie
529 2554 63 43 s'il
613 2557 60 39 est
688 2565 123 32 menu
827 2557 38 39 et
882 2554 237 44 très-court,
