1768 3012
985 352 49 7 -
1066 331 75 41 118
1171 351 52 6 —

499 432 34 55 Y
561 431 166 53 typique
760 443 89 29 sera
882 432 107 40 alors
1018 431 40 39 la
1088 442 84 28 var.
1195 429 237 41 Philomene
1452 429 78 48 Hb,
1554 432 37 37 et
1613 429 38 42 la
1678 428 35 57 9

490 505 204 40 ordinaire
710 516 89 28 sera
817 504 40 40 la
878 506 199 38 suivante.

545 577 95 39 Plus
673 576 167 51 grande,
863 575 99 40 d'un
1001 575 121 39 blanc
1156 573 352 51 très-légèrement
1544 573 180 41 verdâtre

490 660 94 28 avec:
605 648 41 40 la
663 648 179 40 bordure
863 647 70 40 des
956 646 255 52 supérieures
1232 645 91 53 plus
1349 646 110 50 large
1482 656 51 29 au
1552 650 173 35 sommet

490 719 267 52 n'atteignant
780 731 73 40 pas
868 720 186 50 toujours
1072 718 37 40 le
1128 718 104 40 bord
1253 718 174 48 interne,
1451 717 152 41 fondue
1622 716 103 41 inté-

490 793 248 39 rieurement
761 795 39 37 et
828 790 194 51 marquée
1045 790 254 53 quelquefois
1314 790 23 39 à
1355 789 147 51 l'angle
1521 790 132 52 apical
1673 789 51 41 de

490 864 105 40 deux
627 875 51 30 ou
701 864 102 40 trois
824 862 139 41 taches
994 862 48 40 de
1070 862 39 40 la
1131 863 167 40 couleur
1317 860 54 41 du
1397 861 113 49 fond,
1532 873 58 29 un
1608 861 117 54 point

490 935 92 41 noir
602 934 151 54 pupillé
774 935 48 40 de
839 934 122 41 blanc
981 935 24 40 à
1024 933 240 42 l'extrémité
1279 933 48 40 de
1347 934 37 39 la
1401 934 159 40 cellule.

544 1010 121 39 Assez
697 1020 191 28 commun
909 1008 101 40 dans
1029 1008 58 39 les
1107 1008 214 52 Pyrénées,
1346 1007 54 40 les
1432 1008 293 52 Basses-Alpes

490 1086 40 36 et
561 1081 101 40 dans
692 1080 58 41 les
781 1082 150 49 Vosges
963 1081 53 40 où
1046 1080 74 41 elle
1150 1078 140 42 n'était
1316 1090 74 41 pas
1418 1078 177 51 signalée
1614 1083 40 37 et
1672 1080 53 40 où

489 1154 52 38 M.
566 1153 151 40 Gerbcr
737 1156 38 36 et
807 1164 106 28 nous
929 1152 152 40 l'avons
1101 1152 109 52 prise
1233 1154 105 38 cette
1359 1150 127 42 année
1507 1163 79 29 aux
1608 1152 116 40 envi-

488 1237 97 28 rons
607 1225 51 39 du
679 1225 63 40 lac
756 1225 50 40 de
828 1224 186 53 Lispach,
1032 1223 75 41 elle
1123 1224 67 53 n'y
1205 1223 96 41 était
1320 1234 74 42 pas
1412 1235 104 28 rare.
1532 1225 134 41 Juillet
1686 1228 40 36 et

490 1297 111 40 août.

493 1390 266 45 PHICOIUONE,
777 1389 97 51 Esp.
898 1386 79 55 (Pl.
1003 1388 37 48 4,
1064 1389 68 48 fig.
1155 1386 60 53 2).

544 1476 232 52 Montagnes
807 1478 165 51 alpines,
1008 1477 305 52 Basses-Alpps,
1349 1488 49 29 en
1424 1476 149 53 juillet,
1614 1489 112 29 assez

491 1561 234 29 commune.

551 1621 34 56 Y
613 1623 90 51 plus
724 1622 167 50 grande,
913 1621 94 53 plus
1028 1622 104 50 pàlp,
1163 1621 133 40 bande
1317 1623 221 49 marginale
1560 1622 70 40 des
1652 1634 71 30 su-

488 1695 204 51 périeures
723 1695 23 39 à
769 1695 137 39 taches
937 1695 90 51 plus
1059 1693 165 50 grande,
1259 1694 97 40 celle
1390 1693 69 41 des
1488 1693 236 44 inférieures

488 1778 95 28 sans
602 1767 133 39 tache.

490 1860 157 45 HYALE,
667 1859 43 38 L.

544 1948 49 40 45
608 1955 38 32 Ill.
670 1946 107 41 Ailes
794 1947 96 40 d'un
903 1948 126 51 jaune
1049 1948 47 40 de
1121 1949 151 48 soufre,
1291 1949 209 40 extrémité
1517 1949 49 40 de
1587 1948 37 41 la
1649 1948 76 42 cel-

487 2018 80 40 lule
596 2019 219 41 discoïdale
847 2019 70 42 des
946 2019 253 53 supérieures
1233 2020 121 41 ornée
1376 2021 98 40 d'un
1494 2033 94 39 gros
1606 2022 117 51 point

487 2092 107 48 noir,
613 2091 237 41 inférieures
870 2097 122 47 ayant
1012 2105 69 27 sur
1100 2094 36 39 le
1153 2092 143 52 disque
1313 2105 80 29 une
1411 2094 116 40 tache
1544 2096 178 48 orangée

487 2162 104 54 pâle.
616 2164 263 53 Supérieures
894 2176 95 29 avec
1007 2177 79 28 une
1115 2165 112 51 large
1255 2165 177 41 bordure
1452 2167 114 39 noira
1600 2166 126 41 déco-

486 2237 66 40 rée
585 2237 48 39 de
672 2237 136 40 taches
845 2236 48 41 de
930 2237 40 39 la
1010 2237 168 41 couleur
1229 2237 53 40 du
1321 2238 113 40 fond.
1479 2237 243 42 Inférieures

488 2319 96 29 avec
609 2321 81 28 une
717 2309 179 40 bordure
928 2313 141 36 courte
1101 2309 158 47 étroite,
1285 2314 171 36 souvent
1486 2311 235 52 maculaire,

488 2381 252 50 quelquefois
772 2382 123 39 nulle.
916 2382 178 40 Dessous
1120 2381 71 41 des
1212 2380 238 43 inférieures
1475 2382 97 40 d'un
1593 2384 130 51 jaune

488 2455 208 38 roussâtre
721 2464 95 30 avec
847 2465 58 28 un
934 2455 115 50 point
1069 2453 174 51 géminé,
1265 2453 166 52 argenté
1461 2458 39 36 et
1521 2466 80 29 une
1623 2454 103 41 série

488 2525 319 51 antémarginale
829 2525 48 41 de
897 2525 138 41 taches
1055 2537 179 30 rousses.
