1816 3012
906 350 52 7 —
988 331 79 37 228
1096 351 53 7 —

405 431 238 50 marginale,
675 430 554 56 irrégulière,,interrompue
1254 436 39 37 et
1312 432 100 41 dont
1430 432 58 41 les
1507 434 139 40 taches

405 504 91 51 plus
517 514 160 39 grosses
697 507 94 36 sont
808 503 92 52 près
921 503 50 41 de
999 504 148 50 l'angle
1171 505 107 40 anal.
1302 506 159 39 Massue
1479 505 71 41 des
1569 517 77 29 an-

406 580 143 36 tennes
570 574 98 42 d'un
688 588 103 28 roux
811 574 99 43 clair
927 576 347 41 intérieurement.

460 649 113 40 Cette
593 649 141 52 espèce
751 649 105 40 n'est
874 661 72 41 pas
966 649 197 41 très-rare
1186 662 78 28 aux
1284 651 188 40 environs
1492 650 49 41 de
1570 652 77 39 Pa-

406 721 70 40 ris.
492 720 236 53 Cependant
742 733 53 28 on
810 733 51 28 ne
875 722 40 39 la
928 726 141 37 trouve
1085 734 77 40 que
1176 722 50 41 de
1244 722 85 41 loin
1350 734 50 29 en
1418 724 101 48 loin,
1541 735 107 28 nous

404 794 155 40 l'avons
577 795 109 51 prise
702 794 24 40 à
746 793 147 54 Lardy,
917 795 24 39 à
960 794 159 50 Sénart,
1141 796 24 40 à
1185 794 336 52 Fontainebleau,
1544 795 104 42 dans

404 873 59 33 les
494 864 92 42 bois
615 878 104 37 secs,
743 867 74 40 elle
837 878 44 29 se
911 871 142 37 trouve
1082 879 53 28 au
1163 869 258 48 Mont-Dore,
1458 869 103 40 dans
1591 869 58 41 les

407 940 93 50 Pyr.
525 939 71 40 Or.
622 942 39 37 et
681 939 103 40 dans
800 939 59 41 les
877 941 294 52 Basses-Alpes
1191 941 105 40 ainsi
1315 952 79 40 que
1416 939 102 42 dans
1539 941 111 51 quel-

407 1023 101 40 ques
527 1015 137 37 autres
683 1011 181 41 localités
885 1012 53 40 du
959 1017 136 37 centre
1115 1013 50 41 de
1181 1014 40 40 la
1242 1014 169 40 France.
1431 1015 61 38 En
1510 1013 83 41 mai
1612 1017 39 37 et

400 1085 150 51 juillet.

462 1161 28 28 o
510 1155 238 51 semblable,
770 1158 103 40 mais
894 1158 133 40 moins
1045 1157 155 42 foncée.

457 1228 207 50 L'Alveus,
687 1229 100 41 Bdv.
813 1232 141 39 Icones
986 1231 68 52 (pl.
1088 1232 66 47 46,
1178 1232 69 50 fig.
1285 1235 34 44 1,
1343 1235 22 36 2
1398 1233 38 39 et
1465 1235 40 45 3,
1536 1243 53 29 ne
1609 1244 44 29 se

408 1305 186 50 rapporte
613 1314 73 40 pas
705 1303 25 40 à
748 1306 104 37 cette
873 1303 157 52 espèce,
1061 1302 102 42 mais
1183 1304 93 40 bien
1304 1316 52 28 au
1390 1303 40 42 S.
1462 1305 187 48 Cacaliae,

409 1374 74 41 Rb.

409 1467 146 48 CIRSII,
579 1465 194 42 Rambur.
796 1467 98 50 (Fig.
921 1471 39 44 3,
982 1467 56 52 pl.
1067 1470 76 47 18).

463 1560 114 39 Cette
605 1557 144 54 espèce
779 1561 39 37 et
849 1558 39 41 la
920 1559 186 41 suivante
1137 1571 51 29 ne
1209 1563 95 36 sont
1328 1561 204 51 peut-être
1575 1571 79 39 que

409 1631 73 41 des
499 1630 172 42 variétés
692 1630 203 49 d'Alveus,
918 1631 161 41 celle-ci
1100 1630 50 41 de
1169 1642 77 29 nos
1276 1631 207 49 environs,
1506 1631 147 41 l'autre

410 1704 146 53 alpine.
582 1702 236 54 Cependant
837 1704 75 40 elle
941 1715 42 29 se
1004 1703 128 53 prend
1163 1704 186 52 toujours
1381 1704 127 49 seule,
1539 1703 114 41 ordi-

408 1778 231 40 nairement
658 1788 51 29 en
729 1779 112 46 août,
863 1780 131 37 est-ce
1026 1787 82 29 une
1140 1775 216 41 deuxième
1387 1776 234 50 génération
1635 1780 17 35 ?

410 1850 86 40 Elle
516 1849 140 41 diffère
675 1849 54 41 du
758 1852 104 38 reste
894 1849 212 53 beaucoup
1140 1848 189 42 d'Alveus
1361 1860 74 41 par
1464 1860 45 28 sa
1545 1849 109 40 taille

407 1922 214 53 beaucoup
640 1922 92 52 plus
761 1923 122 52 petite
903 1926 39 36 et
972 1933 72 41 par
1078 1921 40 41 la
1149 1921 168 42 couleur
1349 1933 126 39 rouge
1509 1921 144 51 brique

409 1995 70 42 des
500 1996 99 40 ailes
608 1994 241 42 inférieures
864 2007 50 29 en
929 1995 183 41 dessous.

462 2069 87 40 Elle
568 2080 43 29 se
630 2072 142 37 trouve
796 2068 24 41 à
839 2068 148 52 Lardy,
1010 2069 23 39 à
1054 2066 336 52 Fontainebleau,
1413 2078 50 29 en
1496 2066 154 41 Auver-

407 2154 79 39 gne
506 2145 39 38 et
566 2141 101 41 dans
687 2142 37 39 le
744 2144 137 39 centre
897 2140 47 41 de
965 2141 38 40 la
1024 2142 169 40 France.
1212 2142 76 38 Pas
1309 2150 88 29 rare
1419 2151 50 29 en
1490 2142 111 38 août.

406 2233 217 49 CARLINS,
646 2232 98 41 Rbr.

461 2327 108 38 25m..
581 2325 56 40 De
653 2325 38 39 la
712 2326 108 39 taille
834 2323 50 42 de
904 2324 115 40 Cirsii
1038 2323 148 51 auquel
1215 2322 28 40 il
1265 2321 221 42 ressemble
1518 2322 129 40 beau-

404 2410 124 42 coup.
558 2398 153 41 Taches
738 2398 194 41 blanches
952 2397 71 40 des
1043 2395 258 54 supérieures
1330 2395 342 58 ordinairement.

403 2474 93 53 plus
515 2473 161 53 petites,
696 2473 122 41 celtes
844 2473 73 41 des
945 2471 239 41 inférieures
1214 2483 80 41 peu
1314 2469 229 53 marquées,
1583 2470 66 40 in-

405 2547 214 49 certaines,
644 2549 172 38 souvent
842 2556 173 44 presque
1051 2544 147 43 nulles.
1230 2545 178 43 Dessous
1443 2543 70 41 des
1542 2542 105 42 infé-
