1800 2996
703 392 52 7 —
785 370 78 39 219
890 388 53 9 —

209 477 150 40 rieures
390 481 121 47 ayant
537 479 170 37 souvent
726 485 79 29 une
824 474 121 52 petite
965 472 107 50 ligne
1094 471 117 41 fauve
1236 470 24 40 à
1290 465 148 55 l'angle

208 549 106 41 anal.
332 551 176 38 Dessous
527 548 70 41 des
629 547 252 53 supérieures
912 547 131 47 fauve,
1075 556 94 30 avec
1203 544 35 39 le
1264 547 174 36 sommet

209 630 36 31 et
266 622 35 39 le
320 621 102 41 bord
443 621 195 50 marginal
674 618 305 53 gris-verdàtre.
1012 619 177 38 Dessous
1223 616 70 39 des
1328 615 104 39 infé-

208 694 151 40 rieures
381 694 48 39 de
450 697 101 36 cette
572 695 132 37 même
726 692 180 48 couleur,
929 693 122 49 ayant
1070 690 37 38 la
1121 688 108 51 ligne
1250 686 185 41 médiane

204 765 189 51 indiquée
413 777 72 40 par
500 765 105 40 deux
621 765 137 40 taches
775 763 273 44 blanchâtres,
1065 760 269 50 irrégulières,
1356 759 80 38 sui-

204 838 83 40 vies
307 838 120 40 d'une
447 837 102 41 série
569 837 50 41 de
646 840 141 48 quatre
808 837 23 39 à
849 836 60 40 six
938 836 121 51 petits
1080 845 103 41 yeux
1221 832 147 41 cerclés
1387 831 49 40 de

205 909 240 50 gris-blanc.

265 993 34 54 Y
323 1005 95 29 avec
439 994 57 40 les
512 994 254 52 supérieures
786 991 138 42 fauves
941 995 39 37 et
999 992 59 40 les
1076 990 238 41 inférieures
1335 989 99 41 d'un

203 1066 228 50 gris-brun,
456 1078 95 28 avec
569 1077 81 29 une
669 1066 108 50 ligne
797 1063 328 41 anté-terminale
1155 1064 133 40 fauve.

256 1151 180 40 Chenille
455 1162 50 29 en
525 1150 99 41 avril
638 1154 39 37 et
696 1151 81 39 mai
795 1162 69 29 sur
881 1150 58 40 les
959 1148 242 51 graminées.

256 1234 31 40 Il
307 1238 60 36 est
386 1247 193 28 commun
594 1234 102 41 dans
708 1235 59 40 les
787 1234 189 52 B.-Alpes
993 1237 40 36 et
1047 1233 102 40 dans
1168 1234 58 39 les
1245 1234 186 50 Pyr.-Or.

199 1308 104 39 ainsi
338 1319 77 39 que
436 1306 101 42 dans
569 1308 37 39 le
637 1309 112 47 Jura,
780 1306 148 49 l'Isère,
951 1318 52 28 au
1036 1308 204 49 Lautaret,
1262 1304 170 51 \osges,

199 1380 158 51 Epinal,
381 1380 104 40 ainsi
507 1391 78 40 que
605 1379 104 41 dans
729 1380 38 39 la
786 1380 128 51 partie
933 1377 266 41 méridionale
1221 1377 55 40 du
1290 1377 142 52 dépar-

197 1457 155 36 tement
380 1454 50 41 de
461 1454 157 42 l'Aube.
642 1456 61 38 En
729 1455 109 51 juin,
861 1454 136 52 juillet
1028 1457 40 37 et
1101 1457 97 37 août
1230 1453 113 41 selon
1375 1453 57 40 les

196 1526 194 41 localités.

195 1642 224 48 ARCANIUS,
443 1642 46 40 L.
512 1641 102 42 God.

247 1749 94 41 341".
373 1749 108 41 Ailes
509 1749 97 40 d'un
623 1748 310 42 brun-noirâtre
958 1765 9 25 :
998 1748 255 54 supérieures
1274 1761 95 30 avec
1391 1749 35 41 le

193 1822 144 53 disque
355 1824 225 49 largement
597 1824 117 40 fauve
747 1828 39 36 et
816 1835 58 29 un
893 1824 95 39 trait
1008 1823 50 41 de
1078 1827 103 38 cette
1210 1824 168 41 couleur
1405 1825 24 39 à

191 1896 145 50 l'angle
360 1895 94 41 anal
483 1894 69 42 des
583 1895 252 41 inférieures.
872 1897 177 39 Dessous
1082 1895 72 41 des
1174 1896 254 53 supérieures

192 1969 117 39 fauve
327 1978 96 31 avec
442 1979 80 29 une
541 1967 109 51 ligne
669 1966 326 42 anté-terminale
1013 1967 188 53 plombée
1220 1973 39 36 et
1274 1981 57 28 un
1350 1981 76 41 pe-

192 2040 47 41 tit
260 2040 67 40 œil
343 2040 115 52 apical
458 2040 50 52 à
534 2040 72 39 iris
618 2041 142 50 jaune.
783 2041 178 40 Dessous
980 2040 71 41 des
1069 2040 238 42 inférieures
1328 2041 98 41 d'un

186 2114 308 53 jaune-grisâtre
508 2113 167 53 jusqu'à
690 2114 38 39 la
741 2114 107 51 ligne
864 2113 204 51 médiane,
1090 2115 92 52 puis
1196 2126 80 29 une
1291 2114 134 41 bande

188 2187 171 42 blanche
378 2186 166 42 rétrécie
564 2186 24 41 à
607 2198 64 28 ses
691 2186 245 50 extrémités,
965 2185 129 43 suivie
1115 2186 121 41 d'une
1254 2186 101 41 série
1377 2187 47 41 de

189 2261 99 40 trois
323 2261 25 39 à
384 2260 60 40 six
479 2271 104 41 yeux
620 2260 111 40 noirs
757 2260 24 40 à
815 2260 72 40 iris
921 2260 133 49 fauve,
1081 2259 99 41 dont
1212 2260 99 40 trois
1332 2261 92 51 plus

189 2330 164 52 grands,
375 2335 160 38 surtout
555 2332 103 40 celui
679 2332 53 40 du
747 2331 103 42 bord
869 2331 217 51 antérieur,
1101 2332 108 50 ligne
1226 2332 191 41 anté-ter-

186 2405 149 41 minale
355 2405 198 53 plombée,

239 2477 179 41 Chenille
439 2489 51 29 en
510 2478 82 40 mai
611 2488 70 30 sur
699 2476 59 43 les
779 2476 242 53 graminées.

245 2549 35 58 Y
308 2549 244 44 Semblable.
