1792 3000
908 318 52 6 —
991 296 50 41 42
1069 320 52 6 —

403 391 115 52 gazés
545 392 277 53 Macroglos$a
857 395 226 52 fuciformis
1116 397 38 39 et
1195 395 319 55 bombyliformis
1542 396 90 43 bu-

402 464 129 42 tinent
552 467 35 39 le
606 471 140 36 nectar
766 465 49 41 de
835 467 39 39 la
893 479 126 39 sauge
1040 466 68 44 des
1128 468 106 52 prés,
1257 469 49 42 de
1325 471 37 40 la
1381 471 137 51 bugle,
1536 475 94 46 etc.,

402 538 100 40 dans
522 538 57 44 les
596 537 120 42 allées
737 542 39 37 et
792 538 100 42 dans
912 540 57 39 les
994 539 200 45 clairières
1212 542 68 40 des
1308 541 87 43 bois
1415 542 189 42 humides
1619 558 11 38 ;

400 610 369 52 particulièrement
798 611 99 40 dans
933 612 97 41 celle
1059 613 69 41 des
1161 615 121 40 forêts
1313 616 49 41 de
1391 616 156 53 Bondy,
1584 616 49 41 de

401 682 157 51 Sénart,
592 683 48 41 de
677 683 328 51 Fontainebleau,
1036 686 375 52 d'Armainvilliers,
1443 688 97 42 dans
1574 689 60 42 les

400 757 90 40 bois
522 756 49 41 de
597 757 290 49 Notre-Dame,
920 761 75 39 etc.
1020 760 108 40 Dans
1161 759 58 41 les
1252 763 151 41 mêmes
1436 761 191 52 localités,

403 842 53 28 on
484 833 140 38 trouve
643 842 51 28 en
724 830 232 42 abondance
975 831 223 55 l'Hespérie
1225 832 207 53 échiquier
1446 832 190 56 Steropes

396 902 211 52 paniscus.
640 904 111 40 Cette
781 904 140 51 espèce
954 915 44 29 se
1029 915 142 42 repose
1204 905 334 53 principalement
1566 919 69 28 sur

402 973 37 41 la
457 975 140 50 bugle.

455 1049 106 40 C'est
589 1050 117 41 aussi
728 1050 38 41 le
785 1053 177 38 moment
990 1049 47 42 de
1057 1050 172 53 prendre
1248 1052 38 39 la
1315 1051 232 41 charmante
1568 1064 69 28 va-

399 1121 101 40 riété
537 1120 52 41 du
621 1118 242 58 Syrichthus
885 1124 200 48 alveolus,
1108 1123 100 41 dont
1224 1135 105 29 nous
1357 1136 124 30 avons
1510 1124 122 52 parlé.

402 1195 110 39 Nous
543 1205 131 30 avons-
694 1194 211 41 rencontré
934 1200 170 36 souvent
1128 1199 105 37 cette
1262 1195 151 42 variété
1447 1196 101 42 dans
1574 1196 62 42 les

401 1264 88 43 bois
520 1266 47 41 de
597 1267 83 40 Cha
684 1267 107 49 ville,
812 1268 91 52 près
932 1267 50 41 de
1015 1261 300 57 l'Étang-Vert,
1339 1269 101 42 dans
1476 1268 38 41 la
1535 1270 102 40 forêt

402 1337 373 51 d'Armainvilliers,
805 1340 100 40 dans
927 1339 100 42 celle
1060 1339 49 42 de
1128 1339 266 50 l'Ille-Adam,
1425 1340 103 41 ainsi
1558 1353 77 44 que

402 1415 94 40 dans
517 1414 39 41 la
587 1415 103 40 forêt
722 1413 48 41 de
804 1414 154 53 Boudy.
990 1416 34 38 A
1048 1416 39 39 la
1106 1418 131 38 même
1265 1414 172 54 époque,
1457 1416 179 42 éclosent

400 1486 111 42 aussi
529 1488 56 39 les
603 1486 165 41 Melitea
787 1486 143 42 cinxia
950 1491 37 36 et
1017 1490 175 48 arlemis,
1226 1488 35 40 si
1279 1499 236 31 communes
1533 1489 101 41 dans

401 1560 56 41 les
484 1561 89 40 bois
599 1560 68 41 des
700 1560 187 41 environs
913 1559 50 41 de
985 1561 128 40 Paris.
1144 1559 116 42 Ainsi
1285 1573 78 40 que
1390 1560 39 43 la
1456 1560 180 44 Jlelitœa

397 1633 235 49 Parthenie,
669 1644 215 29 commune
920 1632 24 40 à
980 1632 332 50 Fontainebleau,
1348 1645 104 32 nous
1481 1635 154 42 l'avons

401 1707 109 51 prise
530 1706 110 40 aussi
665 1706 23 39 à
709 1706 175 40 Vernon.

454 1779 42 40 Si
515 1779 82 40 l'on
614 1779 138 51 frappe
777 1776 58 42 les
851 1778 14 51 j
874 1788 125 30 eunes
1012 1778 205 42 bouleaux
1234 1777 96 41 dans
1350 1777 60 44 les
1429 1776 204 43 clairières

400 1852 69 40 des
488 1850 106 50 bois,
618 1862 54 29 on
700 1863 50 28 en
777 1851 86 40 fera
887 1850 121 41 sortir
1027 1851 58 40 les
1108 1850 264 54 Platypterix
1405 1852 166 39 hamula.
1598 1856 37 35 et

399 1924 213 41 lacertùla.
636 1922 110 41 Dans
766 1922 58 41 les
845 1924 177 48 massifs,
1044 1922 206 53 plusieurs
1270 1922 230 43 Phalénites
1521 1935 111 29 com-

400 2009 159 37 munes,
592 1998 132 52 parmi
755 1996 220 51 lesquelles
1012 2008 103 29 nous
1154 1998 179 39 citerons
1372 1997 57 40 les
1465 1996 170 54 Ephyru

394 2072 224 50 punctaria
639 2073 38 36 et
697 2069 258 52 pendularia,
978 2070 228 51 paraissent
1241 2080 49 29 en
1302 2068 257 42 'abondance.
1578 2069 56 39 Lu

399 2145 180 38 Macaria
610 2144 172 46 notata,
818 2141 38 40 la
889 2142 226 40 Timandra
1148 2140 209 42 amataria
1388 2153 51 28 ne
1471 2140 163 41 tardent

399 2227 72 40 pas
492 2217 23 39 à
541 2217 88 39 leur
660 2213 207 43 succéder.
892 2214 73 41 Ces
993 2214 229 41 Phalénites
1256 2217 90 38 sont
1376 2213 183 49 diurnes,
1584 2225 51 29 en

400 2300 44 28 ce
466 2300 92 28 sens
579 2288 166 53 qu'elles
758 2287 133 41 volent
910 2286 178 53 pendant
1106 2286 37 41 le
1153 2288 95 50 jour
1268 2298 156 29 comme
1448 2286 58 40 les
1527 2286 107 41 Rho-

398 2360 206 52 palocères
622 2375 10 36 ;
667 2361 28 39 il
728 2361 103 39 n'est
862 2358 106 41 donc
989 2358 142 41 besoin
1151 2371 78 38 que
1250 2359 54 40 du
1337 2359 78 40 filet
1446 2370 102 42 pour
1574 2359 59 39 les

400 2431 185 51 prendre.
613 2432 32 39 Il
667 2444 48 28 en
746 2436 60 36 est
836 2435 240 45 autrement,
1100 2433 33 38 si
1157 2432 82 40 l'on
1258 2436 92 36 veut
1370 2443 42 29 se
1441 2442 192 42 procurer

400 2503 57 41 les
479 2503 306 56 Cymatophora,
812 2517 59 38 or,
903 2505 191 47 ocutaris,
1112 2506 63 46 L.,
1201 2504 265 54 (octogesima,
1493 2503 91 43 Hub
1603 2508 27 46 ),
