1768 3012
975 423 56 12 —
1061 402 76 44 14'8
1166 425 54 11 —

485 503 161 53 ocellés,
668 504 150 44 courbe
837 515 79 31 aux
937 505 268 54 supérieures,
1226 510 39 38 et
1283 517 47 30 en
1354 505 133 54 zigzag
1507 519 78 30 aux
1603 507 107 44 infé..

485 581 170 39 rieures.

546 665 28 42 9
601 655 263 40 entièrement
905 653 97 42 d'un
1031 655 106 40 brun
1169 656 105 46 noir,
1302 654 140 52 frange
1470 655 97 42 d'un
1595 657 119 41 blanc

493 728 100 47 sale,
614 727 163 53 excepté
792 738 50 29 au
861 732 173 36 sommet
1049 727 69 41 des
1139 728 267 52 supérieures.

544 799 180 41 Chenille
738 801 18 37 ?

546 873 201 40 Commun
763 871 101 41 dans
880 873 44 39 T.
941 872 39 40 la
995 873 44 38 F.
1057 884 50 28 en
1121 872 83 40 mai
1224 875 39 37 et
1278 871 148 54 juillet,
1444 872 101 42 dans
1559 873 57 42 les
1630 873 91 54 prés

492 947 38 37 et
549 945 59 39 les
628 944 203 41 clairières
853 944 70 41 des
942 944 89 41 bois
1051 943 202 42 humides.

495 1038 236 49 CYLLARUS,
752 1036 112 42 Rott.
885 1037 102 42 God.

548 1133 99 41 32m.
688 1135 108 39 Ailes
816 1134 97 40 d'un
932 1134 94 41 bleu
1051 1134 121 41 violet
1191 1147 56 27 un
1267 1146 78 41 peu
1367 1134 143 48 satiné,
1533 1146 95 30 avec
1646 1146 80 29 une

494 1207 177 40 bordure
692 1207 113 40 noire
832 1218 110 28 assez
961 1207 107 50 large
1089 1218 78 28 aux
1188 1206 266 53 supérieures,
1475 1208 91 52 plus
1587 1208 142 40 étroite

496 1290 79 28 aux
610 1279 253 46 inférieures,
899 1279 137 50 frange
1076 1277 184 52 grisâtre.
1301 1280 176 40 Dessous
1516 1279 97 41 d'un
1644 1281 84 49 gris

496 1348 160 50 cendré,
677 1361 96 30 avec
804 1362 82 29 une
917 1352 123 51 petite
1069 1350 139 40 lunule
1238 1352 175 39 centrale
1441 1356 39 36 et
1510 1363 81 29 une
1622 1352 108 50 ligne

497 1422 149 41 courbe
680 1422 50 40 de
764 1434 94 39 gros
890 1423 135 52 points
1055 1423 109 40 noirs
1190 1423 146 41 ocellés
1355 1435 79 28 aux
1460 1423 268 53 supérieures.

499 1498 176 37 Dessous
703 1494 71 41 des
792 1495 237 40 inférieures
1050 1506 96 30 avec
1167 1496 38 39 la
1224 1496 96 40 base
1340 1496 223 50 largement
1584 1496 147 41 teintée

498 1568 49 41 de
567 1570 86 38 vert
679 1570 39 37 et
746 1579 81 29 une
855 1566 102 42 série
985 1567 50 41 de
1063 1568 120 52 petits
1211 1569 136 53 points
1380 1566 158 51 ocellés,
1561 1571 171 39 souvent

499 1640 108 41 nuls.

557 1720 28 43 9
613 1711 95 41 d'un
736 1711 106 41 brun
873 1712 89 40 noir
982 1723 95 30 avec
1096 1712 37 40 le
1155 1711 143 55 disque
1325 1713 89 53 plus
1430 1724 54 30 ou
1501 1714 133 41 moins
1654 1714 79 41 lar-

499 1789 159 47 gement
676 1784 230 53 saupoudré
923 1784 49 40 de
991 1782 95 42 bleu
1104 1783 136 43 violet.

555 1856 181 42 Chenille
755 1869 50 29 en
820 1858 92 52 juin
933 1860 38 37 et
984 1857 152 53 juillet,
1157 1869 70 29 sur
1246 1856 228 54 Medicago,
1497 1858 228 53 Trifolium,

504 1930 262 53 Onobrychis.

557 2004 47 38 T.
626 2003 39 39 la
682 2003 44 39 F.
750 2002 102 40 dans
868 2002 60 40 les
945 2002 171 52 prairies
1134 2007 37 35 et
1191 2002 58 41 les
1267 2002 90 41 bois
1377 2002 186 42 humides
1582 2014 49 29 en
1652 2002 82 40 mai

497 2075 92 52 juin
609 2078 38 37 et
659 2075 147 53 juillet,
826 2085 111 30 assez
956 2086 207 29 commun.

504 2172 244 53 MELANOPS,
772 2170 97 43 Bdv.
896 2170 105 55 Dup.
1024 2170 65 55 (pl.
1113 2172 40 50 7,
1176 2168 67 57 fig.
1268 2172 55 54 3.)

560 2269 217 49 Provence,
796 2268 154 50 Hières,
968 2280 50 29 en
1038 2269 98 40 avril
1152 2273 38 36 et
1210 2270 98 48 mai,
1327 2281 70 41 pas
1417 2269 196 43 très-rare
1635 2270 102 43 dans

506 2338 59 44 les
584 2339 211 54 garrigues
816 2341 49 41 de
883 2341 39 41 la
942 2341 124 41 vallée
1087 2341 48 41 de
1156 2343 36 39 la
1213 2343 192 40 Monière.

507 2448 144 50 JOLAS,
674 2446 104 42 Och.
803 2448 104 51 Dup.
1678 2471 15 15 •

562 2546 93 39 42m.
680 2545 109 41 Ailes
824 2545 96 40 d'un
940 2545 93 41 bleu
1051 2545 166 41 violâtre
1242 2545 166 49 luisant,
1430 2556 94 29 avec
1544 2556 56 29 un
1626 2545 116 40 liseré

513 2618 92 42 noir
626 2621 40 38 et
679 2618 40 41 la
733 2618 140 51 frange
897 2617 188 43 blanche.
1101 2618 177 41 Dessous
1297 2616 146 42 cendré
1458 2616 98 42 clair
1574 2628 96 30 avec
1685 2629 55 29 un
