1740 2996
655 351 49 7 —
737 330 75 39 127
843 351 50 7 —

216 432 122 39 Assez
356 441 188 31 commun
565 430 101 41 dans
688 432 55 40 les
763 432 134 52 Alpes,
916 431 57 41 les
993 430 189 55 Pyrénées,
1182 430 76 55 le
1278 434 112 46 Jura,

161 502 255 52 l'Auvergne,
437 504 58 40 les
515 505 166 50 Vosges,
704 515 50 30 en
775 504 80 40 mai
876 507 39 37 et
927 504 148 53 juillet.

164 593 261 48 HIPPOTHOE,
445 592 43 41 L.

216 683 96 43 35m.
334 682 108 43 Ailes
477 683 98 41 d'un
610 684 242 42 fauve-doré
884 696 57 29 un
971 696 77 42 peu
1080 685 131 40 moins
1228 684 166 41 brillant

166 765 79 40 que
272 754 100 41 dans
389 756 169 52 l'espèce
578 756 255 53 précédente,
856 769 95 29 avec
970 769 81 29 une
1076 758 122 52 petite
1216 757 178 40 bordure

164 827 115 39 noire
297 827 179 42 crénelée
491 828 331 41 intérieurement
842 842 69 28 sur
931 830 60 40 les
1006 829 236 40 inférieures
1263 833 39 36 et
1322 841 70 28 sur

163 898 37 40 le
221 898 141 52 disque
377 899 49 40 de
446 900 182 41 chacune
645 912 79 29 une
741 902 122 52 petite
879 902 138 41 lunule
1035 903 129 48 noire,
1181 902 90 52 plus
1287 902 106 50 grèle

165 981 71 29 sur
252 970 59 41 les
340 971 253 51 inférieures,
612 977 168 36 souvent
808 973 127 48 nulle,
967 974 294 52 accompagnée
1281 974 113 41 ordi-

164 1044 228 39 nairement
422 1056 70 29 sur
519 1045 59 40 les
607 1045 255 53 supérieures
894 1046 97 40 d'un
1019 1048 100 51 petit
1150 1048 114 50 point
1286 1047 105 48 noir,

166 1114 169 41 dessous
355 1116 69 41 des
454 1116 253 53 supérieures
728 1118 117 40 fauve
865 1129 95 29 avec
979 1130 81 28 une
1078 1119 123 51 petite
1219 1118 175 40 bordure

166 1187 97 40 d'un
289 1189 82 49 gris
390 1188 161 41 cendré.
578 1189 177 40 Dessous
775 1189 70 40 des
872 1189 237 42 inférieures
1129 1190 98 40 d'un
1247 1189 147 42 cendré

167 1258 97 41 clair
284 1259 87 40 lavé
396 1258 48 41 de
462 1260 93 40 bleu
581 1271 90 29 vers
692 1261 39 38 la
747 1261 112 48 base,
882 1272 93 29 avec
991 1273 81 28 une
1093 1261 130 40 bande
1242 1263 153 49 margi-

166 1331 91 40 nale
289 1331 118 41 fauve
439 1342 139 39 rouge,
609 1333 223 40 renfermée
865 1337 111 36 entre
1008 1333 104 41 deux
1146 1333 168 51 rangées
1347 1333 49 40 de

163 1402 136 51 points
318 1403 127 40 noirs.

228 1472 34 56 9
286 1476 105 39 Avec
410 1474 202 53 plusieurs
629 1477 135 51 points
784 1477 112 40 noirs
917 1487 69 29 sur
1006 1476 58 41 les
1085 1476 251 51 supérieures
1357 1479 39 37 et

164 1545 59 41 les
260 1546 238 42 inférieures
538 1546 98 42 d'un
667 1548 107 40 brun
805 1549 202 48 noirâtre,
1061 1553 38 35 et
1141 1561 78 27 une
1263 1548 132 40 bande

163 1619 212 40 terminale
404 1619 131 49 fauve,
558 1619 121 41 ornée
713 1620 331 41 intérieurement
1073 1621 49 40 de
1151 1633 91 40 gros
1261 1622 134 51 points

165 1690 128 41 noirs.

221 1762 205 41 Chenille?

218 1833 121 40 Assez
357 1846 192 29 commun
569 1835 101 40 dans
688 1836 58 39 les
769 1837 103 38 lieux
895 1837 264 50 marécageux
1183 1837 48 38 de
1250 1838 146 39 l'ouest

167 1911 39 37 et
226 1907 48 40 de
297 1908 92 40 l'est
416 1908 48 40 de
495 1909 39 40 la,
563 1910 183 52 France,.
746 1910 184 52 Colmar,
949 1913 256 51 Strasbourg,
1227 1915 99 39 Metz
1347 1925 49 29 en

160 1979 93 51 juin
273 1983 38 36 et
330 1983 110 36 août.

165 2067 225 52 EURYDICE,
416 2067 278 53 Rottemburg.
713 2071 201 53 Chryseis;
934 2073 40 40 S.
997 2074 45 39 V.
1068 2073 100 40 God.

221 2160 99 38 32m.
353 2157 109 42 Ailes
496 2159 98 41 d'un
625 2160 242 42 fauve-doré
894 2163 69 48 vif,
993 2174 94 29 avec
1119 2175 78 27 une
1225 2163 172 41 bordure

166 2230 191 49 noirâtre,
371 2230 39 39 la
429 2233 88 38 côte
537 2230 69 41 des
625 2232 251 52 supérieures
898 2241 37 33 et
958 2246 77 28 une
1057 2236 127 50 partie
1205 2234 69 40 des
1294 2235 103 40 infé-

168 2301 152 40 rieures
339 2301 95 41 d'un
453 2304 90 39 noir
560 2304 111 49 glacé
692 2304 48 40 de
760 2305 91 40 bleu
874 2306 134 40 violet.
1032 2307 77 39 Sur
1130 2306 35 40 le
1187 2306 141 51 disque
1349 2307 48 41 de

168 2372 156 51 chaque
343 2374 75 39 aile
436 2386 56 28 un
513 2377 92 38 trait
625 2376 129 40 formé
775 2377 47 39 de
844 2376 104 41 deux
972 2379 119 50 petits
1112 2379 134 50 points
1267 2380 126 39 noirs.

169 2446 175 39 Dessous
364 2445 96 41 d'un
479 2447 145 40 cendré
645 2450 189 50 jaunâtre
853 2461 94 29 avec
966 2450 210 51 beaucoup
1197 2451 48 40 de
1263 2452 135 51 points

169 2517 112 41 noirs
299 2517 148 42 cerclés
462 2518 49 40 de
531 2520 81 50 gris
647 2522 53 39 Le
720 2521 141 52 disque
879 2522 70 40 des
969 2522 251 53 supérieures
1238 2523 90 53 plus
1346 2534 51 30 ou
