1716 2996
536 337 48 5 —
618 316 70 36 101
722 335 50 6 —

1079 2590 36 37 6*

62 424 96 37 •ntre
178 420 57 40 les
262 416 324 54 Crépusculaires
615 418 39 37 et
676 415 59 39 les
759 415 225 39 Nocturnes
1004 412 47 41 de
1071 414 200 48 Latreille,

65 494 10 39 1
93 505 24 27 a
136 492 115 40 réuni
272 503 64 28 ces
357 490 103 40 deux
487 499 147 41 coupes
661 500 94 28 sous
773 488 37 39 le
839 499 96 28 nom
956 486 315 50 d'IIétérocères,

62 565 34 40 le
118 564 175 39 manière
313 575 76 38 que
411 560 101 41 dans
541 572 44 28 sa
605 559 203 49 méthode,
831 571 77 39 que
928 571 104 28 nous
1056 558 215 52 adoptons,

63 635 128 40 'ordre
219 634 70 40 des
321 632 283 52 Lépidoptères
640 643 43 28 se
713 634 141 37 trouve
891 630 163 53 partagé
1084 630 63 41 en'
1169 630 105 41 deux

61 708 157 52 grandes
245 707 171 51 légions,
438 705 296 52 Rhopalocères
753 707 39 37 et
812 703 271 41 Hétérocères.

102 785 54 38 Le
184 782 160 39 tableau
371 782 156 39 suivant
556 778 96 41 offre
682 779 39 39 la
751 778 102 40 série
884 777 70 42 des
978 777 192 40 divisions
1195 777 79 52 pri-

61 856 134 39 naires
213 866 77 39 que
309 854 50 39 M.
395 851 212 42 Boisduval
628 852 23 39 à
671 849 165 41 établies
857 850 100 39 dans
977 850 39 39 la
1042 848 134 51 légion
1203 848 70 41 des

61 928 296 52 Rhopalocères,
380 926 95 40 dont
500 936 104 29 nous
633 936 103 28 nous
767 934 205 41 occupons
995 922 98 40 dans
1114 933 44 30 ce
1178 933 94 40 pre-

60 1001 88 39 nier
169 1001 175 39 volume.

386 1082 552 62 LÉPIDOPTÈRES

299 1191 267 42 Division
622 1202 75 29 en
755 1189 268 52 Légions.

102 1284 208 40 Antennes
339 1283 91 52 plus
460 1294 49 28 ou
538 1283 133 39 moins
699 1281 168 41 renflées
895 1281 23 40 à
941 1281 87 40 leur
1048 1279 266 42 extrémité..

59 1359 68 37 Les
149 1360 139 48 quatre
309 1355 97 40 ailes
425 1366 52 28 ou
495 1365 52 28 au
569 1355 133 39 moins
723 1353 57 40 les
801 1352 269 53 supérieures,
1093 1352 181 40 ordinai-

59 1432 146 36 'ement
238 1428 257 39 conniventes
528 1426 99 40 dans
654 1427 34 39 le
720 1438 130 40 repos.
880 1427 118 39 Point
1028 1425 49 40 de
1106 1426 83 39 crin
1222 1436 50 28 au

59 1499 92 41 Dord
170 1499 203 40 antérieur
400 1499 68 40 des
491 1498 193 41 secondes
707 1499 111 40 ailes.
851 1497 119 41 Point
990 1498 142 53 d'yeux
1157 1498 117 40 lisses

58 1584 43 28 )u
123 1574 242 37 stemmates.
391 1572 71 38 Vol
482 1570 155 40 diurne.
663 1593 48 6 —
732 1570 308 52 Rhopalocères.

101 1663 205 38 Antennes
334 1661 49 40 de
416 1662 124 39 forme
568 1661 173 40 variable
761 1693 9 16 ,
805 1663 130 37 tantôt
972 1660 300 51 prismatiques,

67 1736 111 37 antôt
201 1745 49 28 en
270 1745 121 28 corne
419 1733 47 39 de
493 1732 152 49 bellier,
668 1735 130 37 tantôt
822 1731 203 48 linéaires,
1056 1731 217 53 pectinées,

60 1805 168 47 lentées,
251 1805 229 52 plumeuses
498 1817 51 27 ou
570 1805 222 40 filiformes.
817 1806 75 38 Les
915 1807 141 48 quatre
1076 1804 98 39 ailes
1194 1816 82 28 non

57 1879 165 40 relevées
240 1878 99 39 dans
360 1878 36 40 le
416 1890 113 40 repos
543 1893 9 37 ;
587 1881 168 37 souvent
788 1890 55 27 un
875 1879 86 39 crin
996 1888 52 29 au
1066 1877 102 40 bord
1202 1890 74 28 an-

57 1952 143 39 érieur
213 1949 73 42 des
306 1950 191 40 secondes
516 1950 113 41 ailes.
647 1951 77 40 Des
738 1962 104 40 yeux
873 1951 115 39 lissés
1008 1949 100 41 dans
1128 1951 38 38 la
1184 1950 91 53 plu-

59 2026 94 50 art.
176 2046 52 6 —
247 2022 271 42 Hétérocères.

484 2132 209 40 PREMIÈRE
721 2134 157 39 LÉGION

400 2203 537 48 RHOPALOCÈRES

442 2286 167 34 Division
637 2296 46 24 en
707 2287 185 33 Sections.

105 2370 255 52 Chrysalides
392 2371 201 40 attachées
619 2383 72 40 par
722 2372 40 39 la
786 2384 130 38 queue
950 2376 39 36 et
1017 2384 71 41 par
1114 2386 55 26 un
1196 2375 79 38 lien

57 2442 236 40 transversal
315 2454 49 28 eu
396 2442 127 41 forme
549 2442 51 41 de
633 2444 195 40 ceinture,
856 2467 54 6 —
933 2445 218 48 Succeints,
1177 2447 101 39 SllC-

57 2517 133 37 cinclir.
