1752 2996
645 328 50 6 —
726 306 49 38 45
807 328 46 5 —

1210 2600 6 16 )

138 409 109 39 Nous
282 419 49 28 ne
362 407 328 40 mentionnerons
728 419 71 41 pas
834 410 127 37 même
994 409 57 39 les
1091 419 117 29 noms
1239 407 123 40 d'une

140 478 183 53 quantité
341 480 49 39 de
411 479 242 42 Noctuélites
674 484 37 36 et
729 480 49 41 de
800 479 222 41 Phalénites
1041 480 202 51 vulgaires
1264 478 99 41 dont

135 551 306 41 l'énumération
462 551 224 41 excéderait
706 553 57 39 les
783 553 256 53 proportions
1068 552 54 40 du
1148 552 119 40 cadre
1288 563 74 28 au-

137 624 88 51 quel
262 635 103 29 nous
397 635 103 29 nous
528 636 176 29 sommes
742 625 199 40 astreints.
984 624 30 40 Il
1048 637 45 27 en
1128 628 59 36 est
1218 624 48 39 de
1299 635 66 29 ces

136 698 160 50 espèces
326 708 157 30 comme
514 697 96 40 d'un
640 698 150 40 certain
826 697 167 40 nombre
1025 697 47 40 de
1104 695 257 49 Tortricides,

135 768 211 51 Pyralites,
370 768 185 43 Tinéites.
570 772 76 37 etc.
671 770 54 40 Ce
746 773 90 36 sont
858 768 70 41 des
948 768 160 53 espèces
1129 768 99 41 dont
1247 769 27 38 il
1295 779 68 29 se-

135 840 76 38 rait
232 841 176 51 superflu
430 841 48 39 de
502 840 152 41 décrire
674 840 196 49 l'habitat,
893 840 261 53 puisqu'elles
1176 841 190 40 viennent

135 915 335 49 d'elles-mêmes,
492 928 104 40 pour
623 917 103 40 ainsi
759 916 100 50 dire,
891 917 148 40 s'offrir
1067 928 72 43 par
1162 916 204 53 myriades

135 998 77 28 aux
239 999 124 41 coups
385 987 52 40 du
467 988 203 41 chasseur.
696 990 52 38 Le
778 987 238 53 Syrichthus
1036 988 212 51 carthami,
1278 989 90 52 plus

136 1070 102 37 rare,
277 1060 104 40 aime
411 1059 48 41 de
486 1060 229 52 préférence
743 1061 173 40 certains
948 1061 105 39 lieux
1084 1060 133 41 arides
1251 1060 48 41 de
1329 1060 39 40 la

135 1131 101 39 forêt
261 1131 47 40 de
342 1131 329 49 Fontainebleau,
698 1132 70 41 des
795 1136 169 37 coteaux
990 1133 49 40 de
1060 1132 132 53 Lardy
1226 1136 38 37 et
1297 1132 70 41 des

137 1203 201 41 clairières
367 1203 49 41 de
442 1204 37 40 la
512 1205 100 40 forêt
643 1204 49 41 de
728 1204 338 51 Saint-Germain,
1101 1208 95 46 etc.,
1233 1204 136 41 tandis

137 1286 79 39 que
244 1275 36 40 le
302 1274 239 54 Syrichthus
561 1288 69 28 sao
650 1289 49 28 ne
731 1289 41 28 se
803 1278 99 52 plaît
935 1289 78 39 que
1050 1277 101 40 dans
1172 1278 197 50 quelques

138 1346 180 40 localités
347 1349 230 39 restreintes
602 1365 7 24 :
638 1349 112 40 telles
772 1361 76 39 que
880 1350 57 40 les
963 1350 123 39 bords
1108 1349 54 40 du
1183 1350 116 39 canal
1321 1349 47 39 de

138 1417 182 52 l'Ourcq,
343 1420 89 51 près
463 1419 47 41 de
539 1419 161 50 Sévran,
724 1420 101 41 dans
851 1422 39 39 la
924 1422 106 40 forêt
1062 1421 49 40 de
1132 1421 156 52 Bondy,
1316 1422 55 38 les

139 1491 201 40 clairières
374 1492 131 41 arides
536 1492 52 40 du
628 1492 160 41 Vésinet
811 1525 9 16 ,
862 1497 38 36 et
933 1497 158 36 surtout
1130 1492 58 42 les
1229 1497 141 49 pentes

140 1565 190 51 abruptes
349 1564 48 41 de
417 1565 192 51 quelques
630 1570 168 35 coteaux
816 1566 90 52 plus
926 1565 178 51 éloignés
1127 1565 49 41 de
1196 1568 37 38 la
1254 1567 120 53 capi-

141 1637 91 50 tale,
253 1648 71 41 par
344 1637 192 51 exemple,
557 1638 89 51 près
666 1637 49 40 de
738 1639 165 46 Mantes,
926 1638 48 40 de
995 1638 148 53 Lardy,
1169 1641 79 37 etc.

197 1712 52 38 Le
281 1710 187 52 Bombyx
498 1709 286 41 feuille-morte
814 1710 52 40 du
896 1711 174 40 bouleau
1100 1711 269 53 Lasiocampa

142 1782 229 52 beiulifolia
402 1784 128 50 parait
549 1781 178 53 pendant
755 1786 86 36 tout
869 1783 36 39 le
938 1783 103 40 mois
1071 1783 48 39 de
1140 1784 95 38 mai.
1261 1786 114 37 Pour

143 1866 42 28 se
215 1855 35 38 le
281 1864 206 41 procurer,
510 1854 26 38 il
568 1854 85 39 faut
684 1854 129 40 battre
845 1854 57 40 les
931 1854 223 49 baliveaux,
1181 1855 101 40 dans
1317 1856 59 39 les

144 1924 121 42 taillis
299 1926 139 50 clairs;
470 1937 156 29 comme
654 1926 37 39 la
712 1926 169 40 chenille
900 1927 55 39 vit
975 1930 107 37 aussi
1116 1939 69 28 sur
1215 1928 34 39 le
1270 1940 103 40 peu-

143 1998 116 51 plier,
282 2009 52 28 on
349 2001 96 49 peut
460 2001 160 36 trouver
639 1998 178 40 l'insecte
838 1997 143 53 parfait
997 2010 49 29 en
1065 1999 187 52 frappant
1273 2011 98 29 ceux

145 2069 48 40 de
213 2081 66 28 ces
303 2069 137 41 arbres
460 2071 69 49 qui
550 2070 172 39 forment
743 2070 69 40 des
831 2082 188 37 avenues,
1044 2083 69 28 sur
1126 2072 36 40 le
1181 2072 102 39 bord
1303 2071 70 40 des

145 2141 103 40 bois.
286 2139 212 52 Signalons
531 2153 144 29 encore
714 2141 104 40 deux
856 2143 255 40 charmantes
1144 2142 232 42 Phalénites

147 2215 68 49 qui
251 2214 225 51 paraissent
507 2212 226 52 également
765 2215 100 40 dans
902 2215 36 40 le
966 2217 103 38 mois
1097 2215 48 41 de
1176 2216 103 51 mai;
1320 2217 58 40 les

152 2286 192 41 Larentia
381 2288 232 50 pectinaria
659 2288 144 39 Miaria
844 2291 39 36 et
920 2288 224 52 Melanippe
1192 2289 184 40 hastata.

151 2360 74 37 Ces
245 2357 104 40 deux
382 2358 161 54 espèces
570 2358 183 41 habitent
782 2371 172 40 presque
983 2359 310 42 exclusivement
1321 2362 56 39 les

150 2430 89 40 bois
257 2444 9 34 ;
303 2442 52 28 on
389 2430 59 40 les
477 2431 81 39 fera
591 2431 107 41 lever
731 2431 147 41 devant
907 2431 85 50 soi,
1025 2445 49 28 en
1107 2433 186 53 frappant
1323 2436 56 39 les

152 2502 198 40 branches
384 2502 68 40 des
488 2502 136 41 arbres
659 2515 94 28 avec
784 2516 55 28 un
874 2504 136 42 bâton.
1044 2507 52 39 Ce
1127 2506 172 53 système
1332 2506 47 40 de
