1792 3012
992 367 50 7 —
1072 345 53 39 36
1153 366 52 6 —

478 443 127 52 qu'un
628 443 160 41 volume
818 442 128 41 entier
981 441 169 41 suffirait
1181 440 24 40 à
1230 439 114 54 peine
1379 439 24 41 à
1432 438 152 42 décrire
1605 439 107 40 leurs

477 515 229 42 habitudes.
742 518 314 38 Bornons-nous
1099 513 24 40 à
1165 512 84 41 dire
1287 511 167 53 qu'elles
1490 513 135 40 volent
1664 524 50 29 en

478 588 160 51 général
657 600 69 28 sur
746 589 57 40 les
836 588 139 48 fleurs,
998 597 72 42 par
1092 585 180 52 exemple
1293 596 70 29 sur
1391 585 57 40 les
1469 587 154 49 genêts,
1656 584 59 42 les

478 661 209 52 bruyères,
707 664 96 46 etc.,
827 660 101 40 dans
948 659 58 40 les
1028 657 122 42 allées
1171 661 37 38 et
1229 656 98 42 dans
1345 658 57 40 les
1421 658 203 40 clairières
1645 657 70 41 des

480 732 104 50 bois,
608 737 38 36 et
667 745 78 40 que
766 733 36 40 le
823 734 185 39 moment
1026 731 37 40 le
1080 730 91 53 plus
1186 730 206 42 favorable
1405 741 102 42 pour
1526 731 59 40 les
1599 742 118 41 pren-

480 806 70 41 dre
571 810 59 38 est
652 806 48 41 de
734 810 24 36 2
788 806 147 42 heures
954 805 24 41 à
999 805 23 41 5
1043 816 53 30 ou
1123 806 27 39 6
1169 804 147 41 heures
1346 803 48 41 de
1430 802 282 54 l'après-midi.

508 1076 194 48 ÉPOQUES
728 1081 52 35 ET
804 1074 240 42 LOCALItÉS
1068 1081 55 35 OU
1149 1081 43 34 IL
1216 1080 111 35 FAUT
1352 1080 234 35 CHERCHER
1608 1079 75 36 LES

708 1133 334 44 LÉPIDOPTÈRES
1066 1141 27 34 A
1116 1135 149 41 L'ÉTAT
1286 1141 200 35 PARFAIT.

536 1305 148 42 Disons
706 1305 186 50 d'abord,
915 1317 50 29 en
986 1304 186 53 général,
1204 1305 125 53 qu'on
1347 1308 140 38 trouve
1510 1304 71 41 des
1602 1303 120 53 Lépi-

485 1384 185 52 doptères
690 1382 101 42 dans
815 1385 133 38 toutes
968 1382 59 42 les
1043 1383 172 48 saisons,
1236 1384 132 38 même
1389 1392 50 30 en
1458 1380 135 52 hiver;
1615 1380 26 39 il
1663 1383 61 36 est

482 1457 83 40 vrai
587 1455 199 53 d'ajouter
806 1467 78 40 que
912 1455 59 41 les
996 1456 103 41 mois
1117 1454 50 42 de
1188 1454 212 41 décembre
1421 1456 38 37 et
1487 1452 49 41 de
1563 1452 161 52 janvier

485 1541 50 28 ne
568 1528 249 40 fournissent
867 1539 78 41 que
992 1528 193 54 quelques
1233 1526 228 42 Phalénites
1510 1524 54 41 du
1601 1535 123 40 genre

490 1600 214 53 Hiùernia,
734 1600 104 40 ainsi
869 1612 79 40 que
972 1601 40 40 la
1030 1600 195 41 Larentia
1247 1600 204 40 brumata.
1476 1599 55 39 Le
1550 1597 104 41 mois
1674 1596 51 41 de

484 1672 146 42 février
650 1676 61 38 est
725 1685 57 28 un
796 1685 79 40 peu
890 1674 135 40 moins
1042 1672 133 41 stérile
1187 1687 9 38 ;
1219 1683 88 30 vers
1322 1671 37 41 le
1377 1674 349 37 commencement

487 1746 48 40 de
556 1758 44 29 ce
620 1746 120 49 mois,
763 1746 165 52 lorsque
942 1746 37 40 le
1001 1749 132 50 temps
1148 1749 59 36 est
1228 1745 123 51 doux,
1372 1755 53 30 on
1439 1746 140 37 trouve
1600 1753 69 29 sur
1689 1741 36 40 le

484 1822 116 38 tronc
621 1817 70 42 des
710 1818 154 50 arbres,
888 1819 339 53 principalement
1243 1829 70 29 sur
1332 1817 37 40 le
1386 1815 103 42 bord
1509 1815 69 41 des
1603 1814 121 41 allées

488 1890 71 42 des
579 1891 90 40 bois
691 1890 168 54 exposés
877 1903 53 29 au
1104 1890 203 41 Hibernia
1321 1889 220 53 pilosaria,
1565 1891 38 37 et
1623 1887 101 40 dans

484 1966 59 41 les
569 1967 137 48 taillis,
727 1978 90 29 vers
832 1968 38 39 la
890 1966 54 41 fin
972 1967 56 41 du
1048 1969 131 39 même
1198 1968 119 48 mois,
1339 1967 59 41 les
1418 1966 201 40 Hibernia
1639 1965 87 40 leu-

487 2038 231 53 cophœaria
751 2043 39 36 et
812 2042 324 50 progemmaria.
1169 2040 34 39 A
1234 2040 38 39 la
1306 2040 130 39 même
1469 2038 170 53 époque,
1671 2050 52 28 on

485 2112 83 41 voit
601 2111 125 49 voler,
763 2112 131 52 parmi
927 2112 58 40 les
1021 2112 189 49 Tinéites,
1247 2112 202 53 plusieurs
1479 2109 162 55 espèces
1678 2109 50 40 de

487 2195 143 40 genres
664 2182 332 54 Cheimonophila
1031 2188 37 36 et
1108 2183 321 55 Lemmatophila
1440 2197 16 37 ;
1491 2184 102 39 mais
1631 2182 98 41 c'est

486 2257 226 40 seulement
740 2255 69 41 dès
829 2256 57 40 les
906 2257 198 52 premiers
1129 2257 119 53 jours
1270 2256 49 42 de
1346 2268 107 29 mars
1479 2268 77 40 que
1581 2256 39 40 la
1649 2267 76 29 na-

486 2333 88 36 ture
607 2341 42 28 se
682 2328 160 42 réveille
870 2330 442 52 cntomologiquemrnt
1343 2331 171 53 parlant.
1540 2332 111 38 Nous
1677 2342 50 28 ne

484 2401 211 53 parlerons
728 2413 72 41 pas
834 2402 51 40 ici
907 2401 73 41 des
1008 2401 177 42 Piérides
1219 2407 38 37 et
1288 2403 70 42 des
1378 2406 202 38 Vanesses
1610 2414 118 29 com-

484 2485 161 37 munes,
669 2474 104 41 ainsi
806 2486 77 42 que
904 2473 49 41 de
973 2475 39 39 la
1041 2475 237 41 Rhodocera
1310 2477 180 48 rkamni,
1521 2476 69 51 qui
1612 2487 115 29 com-

488 2550 191 39 mencent
705 2547 25 42 à
758 2547 111 42 voler
889 2546 71 43 dès
987 2547 61 42 les
1074 2550 197 51 premiers
1298 2551 118 52 jours
1449 2550 51 41 de
1528 2562 45 29 ce
1593 2549 104 42 mois
1715 2564 10 37 ;
