1800 3008
686 384 54 9 —
766 360 80 43 205
874 383 51 9 —

1273 2623 44 38 12

197 472 65 30 res
284 459 98 42 d'un
413 460 80 50 gris
523 458 162 50 cendré,
713 458 96 42 strié
840 458 48 41 de
907 457 120 50 brun,
1055 469 95 31 avec
1174 459 102 40 trois
1295 458 131 52 lignes

199 532 152 50 noires,
376 532 98 41 dont
492 532 38 39 la
551 531 186 41 médiane
759 531 201 50 distincte,
983 532 187 40 sinueuse
1189 534 38 37 et
1260 530 168 42 éclairée

201 606 122 40 d'une
339 604 133 42 bande
485 604 185 40 blanche.

265 678 34 56 9
329 678 210 51 beaucoup
557 676 91 52 plus
670 675 167 51 grande,
861 687 94 29 avec
976 676 38 40 la
1036 674 134 42 bande
1202 675 69 42 des
1309 676 122 54 supé-

205 753 154 39 rieures
389 750 96 40 d'un
498 751 126 50 jaune
643 749 153 49 d'ocre,
820 749 94 40 bien
934 748 210 52 marquée,
1170 752 38 37 et
1236 750 59 40 les
1328 762 105 40 yeux

206 826 124 41 noirs.
355 825 176 39 Dessous
548 822 70 40 des
637 820 239 42 inférieures
891 820 146 42 cendré
1052 824 38 38 et
1107 826 121 48 ayant
1244 822 38 41 la
1300 822 135 41 bande

204 897 172 41 blanche
397 896 132 66 moins
549 898 231 50 apparente.

263 969 177 40 Chenille
462 980 50 28 en
532 967 98 41 avril
651 969 38 38 et
708 967 79 40 mai
809 978 68 28 sur
896 967 57 40 les
984 964 240 53 graminées.

264 1041 311 40 Très-commun
597 1037 99 41 dans
718 1039 44 39 T.
784 1038 38 40 la
844 1038 43 39 F.
911 1039 93 39 Bois
1032 1049 87 29 secs
1147 1041 37 36 et
1205 1038 230 40 rocailleux.

213 1115 31 39 Il
265 1113 103 41 aime
389 1113 24 40 à
432 1124 41 29 se
506 1122 120 42 poser
656 1122 68 29 sur
755 1109 36 41 le
824 1114 114 37 tronc
960 1109 70 41 des
1060 1110 139 41 arbres
1217 1110 142 41 cariés.
1380 1111 61 40 En

205 1187 134 54 juillet
359 1189 38 37 et
417 1189 109 37 août.

212 1298 236 45 ARETHUSA,
472 1306 34 30 S.
528 1305 38 29 v.
589 1292 101 41 God.

266 1392 94 41 43m.
383 1390 106 40 Ailes
504 1387 97 41 d'un
617 1388 105 39 brun
743 1386 161 49 obscur,
927 1397 95 31 avec
1044 1398 81 30 une
1155 1387 132 42 bande
1308 1386 49 42 de
1378 1391 64 38 ta-

213 1465 95 40 ches
327 1463 94 40 bien
437 1460 198 54 séparées,
659 1459 97 41 d'un
779 1460 126 51 jaune
926 1459 132 49 fauve,
1091 1459 98 41 dont
1217 1460 62 41 six
1306 1461 137 40 taches

214 1548 69 29 sur
320 1535 57 40 les
413 1532 266 54 supérieures,
715 1532 38 40 la
780 1530 199 54 première
1008 1532 192 50 marquée
1233 1532 98 41 d'un
1351 1543 92 40 gros

212 1609 115 52 point
358 1607 104 41 noir.
501 1605 240 41 Inférieures
772 1615 94 30 avec
904 1607 141 48 quatre
1074 1616 54 28 ou
1166 1605 93 51 cinq
1289 1605 153 49 taches,

215 1681 97 41 dont
331 1679 144 41 l'anale
496 1681 232 38 recouverte
759 1676 97 41 d'un
875 1677 101 52 petit
994 1677 116 52 point
1141 1678 103 40 noir.
1268 1678 176 40 Dessous

216 1754 70 40 des
306 1752 253 54 supérieures
578 1750 132 49 fauve,
733 1761 95 30 avec
848 1750 38 39 la
906 1751 88 39 côte
1015 1752 38 38 et
1087 1750 36 40 le
1159 1749 101 42 bord
1281 1754 162 37 externe

215 1827 206 51 grisâtres,
444 1824 193 52 quelques
657 1823 114 40 traits
804 1823 112 40 noirs
940 1822 101 40 dans
1069 1823 40 39 la
1137 1823 141 41 cellule
1306 1827 39 37 et
1366 1835 79 30 une

214 1898 118 42 tache
350 1898 130 40 brune
502 1894 202 52 oblongue
724 1906 87 29 vers
835 1894 35 41 le
900 1893 140 41 milieu
1073 1893 54 41 du
1147 1894 102 40 bord
1268 1895 174 42 interne.

217 1971 177 40 Dessous
412 1968 70 41 des
501 1966 238 42 inférieures
766 1966 97 41 d'un
884 1967 81 50 gris
993 1966 119 49 brun,
1132 1965 95 42 strié
1265 1967 47 41 de
1339 1967 106 42 brun

217 2044 91 52 plus
325 2040 131 50 foncé,
480 2043 40 37 et
539 2051 79 29 une
637 2039 134 41 bande
785 2038 283 49 transversale,
1081 2038 249 50 blanchâtre,
1351 2040 94 52 pré-

219 2114 120 42 cédée
374 2111 336 43 extérieurement
730 2110 96 41 d'un
858 2111 99 52 petit
989 2110 66 40 œil
1087 2111 90 40 noir
1213 2111 149 52 pupillé
1397 2114 50 40 de

218 2187 132 41 blanc.

284 2258 34 57 9
346 2270 57 29 un
419 2269 79 42 peu
514 2257 91 53 plus
625 2255 163 52 grande,
810 2255 90 53 plus
919 2254 105 54 pâle,
1046 2253 133 41 bande
1210 2255 116 41 fauve
1357 2257 92 52 plus

221 2332 126 51 large,
369 2331 133 41 moins
528 2330 217 41 maculaire
766 2340 69 29 sur
871 2328 58 40 les
949 2325 268 55 supérieures,
1257 2329 69 50 qui
1358 2337 94 35 sont

225 2408 171 38 souvent
418 2404 209 53 marquées
662 2402 97 41 d'un
794 2401 151 42 second
982 2401 114 52 point
1132 2398 105 43 noir.
1279 2402 175 43 Dessous

225 2478 92 54 plus
329 2478 203 52 jaunâtre.

284 2550 45 41 T.
351 2549 38 41 la
410 2549 63 50 F.,
496 2558 111 31 assez
626 2558 191 30 commun
839 2544 101 41 dans
972 2544 58 40 les
1050 2543 181 41 localités
1253 2545 97 51 qu'il
1381 2546 76 42 ha-
