3441 5027
115 241 59 22 aux
190 234 119 35 regards
334 240 52 27 pas
415 233 159 27 intimidés.
606 233 37 26 M.
661 233 164 28 Guillaume
850 233 43 27 les

115 272 240 26 considère-avec
371 274 58 21 une
444 267 138 28 curiosité
596 268 130 26 amusée.
755 268 18 26 II
798 275 12 20 s
822 267 57 28 inté-

110 312 85 22 resse
210 306 17 27 à
241 305 79 27 leurs
337 304 184 33 démarches,
534 305 17 26 à
565 304 80 26 leurs
657 304 81 27 ébats
752 304 141 33 bruyants

113 348 59 21 aux
188 343 98 33 portes
301 340 51 27 des
381 339 91 27 cafés.
503 338 20 27 Il
550 338 165 34 contemple
751 345 71 20 avec
854 345 39 19 un

112 377 100 35 plaisir
226 376 154 34 indulgent
394 376 43 26 les
454 374 123 34 couples
602 373 50 34 qui
678 374 120 33 passent
815 373 63 27 enla-

113 415 60 27 cés.
201 413 31 27 Et
244 412 20 27 il
281 410 92 30 sourit
389 417 38 21 en
449 409 162 28 entendant
635 415 59 21 une
718 409 89 34 petite
833 409 58 27 lillo

113 450 51 34 qui
180 448 142 30 demande
335 449 15 26 à
364 455 53 19 son
431 446 70 34 père
516 446 5 38 :

198 484 59 34 Dis,
273 490 85 30 papa,
376 481 148 37 pourquoi
534 488 19 30 y
570 480 83 30 a-l-il
666 481 63 26 tant
752 481 34 26 do
817 480 60 28 fian-

113 522 51 27 cés
177 521 60 27 ici?

148 557 57 27 Des
220 556 125 33 enfants,
372 554 19 27 il
416 561 37 21 en.
481 552 60 30 voit
570 559 59 21 une
660 552 79 27 foule
767 552 72 27 dans
865 552 26 26 le

111 592 97 35 jardin
222 593 39 27 du
278 591 217 34 Luxembourg.
511 588 34 27 Et
561 588 63 28 cela
638 588 41 27 lui
694 587 130 35 rappelle
849 587 43 27 les

112 628 89 34 siens,
217 628 40 27 les
272 627 87 35 petits
376 627 39 26 du
428 631 107 28 square
552 624 39 26 du
609 624 169 34 Temple...
807 622 21 27 11
850 622 41 27 lui

111 664 81 27 tarde
209 663 34 27 de
259 664 44 27 les
326 665 165 25 retrouver.
519 658 71 30 Mais
619 659 20 28 il
666 659 63 27 faut
758 657 133 30 attendre

110 698 135 35 l'époque
257 699 39 27 du
311 698 144 35 retour...

146 735 34 27 Et
193 735 105 34 quand,
322 735 26 26 le
374 732 76 28 mois
476 730 98 31 d'août
604 729 131 34 termfhé,
751 729 37 28 M.
810 728 65 28 Guil-

109 768 97 30 laume
221 769 156 28 reviendra
391 768 102 33 là-bas,
511 769 65 25 tous
594 768 43 26 les
652 767 117 27 enfants
796 767 28 26 et
847 764 44 27 les

109 806 159 27 moineaux
280 806 38 27 du
334 810 107 28 square
457 804 176 27 accourront
644 809 77 28 pour
735 800 72 28 faire
827 807 48 20 cer-

110 841 44 27 cle
168 842 104 27 autour
283 841 34 27 de
334 840 50 27 lui.
403 839 54 28 Car
481 839 35 26 iis
540 839 105 26 savent
659 837 67 27 bien
744 843 57 27 que
820 836 71 26 c'est

109 875 27 30 le
151 878 61 27 seul
224 878 130 27 moment
369 875 35 28 de
432 873 115 30 l'année
573 875 38 26 où
639 873 81 35 parle
745 872 39 27 M.
807 870 66 27 Guil-

107 911 107 28 laume.
242 912 33 27 Et
302 919 46 20 ses
376 911 117 34 paroles
520 911 66 26 sont
613 907 235 30 merveilleuses.
870 906 18 26 Il

107 946 66 30 leur
193 947 39 27 dit
248 948 51 26 des
322 946 137 28 histoires
485 944 260 28 extraordinaires.
776 943 22 26 11
824 941 65 28 leur

107 985 118 25 raconte
242 990 47 21 ses
304 989 129 28 voyages
444 990 6 19 :

193 1019 45 27 Un
250 1019 74 33 jour,
343 1018 73 28 dans
429 1023 41 21 un
484 1022 73 30 pays
573 1015 122 28 lointain
722 1013 90 34 qu'on
835 1019 35 28 ap-

106 1054 77 34 pelle
198 1055 171 33 Monlrouge
379 1054 41 34 ...

592 1087 73 26 Jean
680 1085 170 27 MADELINE.

128 1198 131 39 AVIS
288 1199 37 37 A
357 1195 125 39 NOS
516 1194 348 39 LECTRICES

253 1304 167 32 S&©©!®
446 1298 50 30 du
527 1298 94 31 Petit
650 1298 155 31 Journal
829 1297 54 40 qui

106 1341 94 31 vient
236 1338 39 32 de
317 1338 149 38 paraître
509 1338 84 31 offre
637 1337 248 39 gratuitement

106 1381 19 30 à
159 1378 116 31 toutes
315 1387 54 22 ses
406 1377 158 32 lectrices
605 1376 32 32 le
679 1378 123 38 patron
831 1376 35 30 dé-

106 1419 110 38 coupé
233 1419 100 30 d'une

125 1488 159 37 DOUBLURE
301 1488 38 34 DE
354 1487 135 35 CORSAGE
504 1487 78 34 POUR
598 1486 111 34 TAILLE
725 1486 144 34 MOYENNE

122 1611 737 84 L'HÉRITAGE

138 1793 40 30 Le
197 1793 72 34 père
291 1787 151 38 Prudhon,
465 1789 74 27 assis
560 1788 109 28 devant
686 1795 33 20 sa
736 1795 84 25 cuve,
841 1794 31 21 re-

105 1828 109 37 gardait
230 1828 41 26 les
295 1826 150 27 dernières
467 1825 189 33 gouttelettes
679 1824 116 27 tomber
815 1824 71 28 dans

106 1865 25 27 la
146 1876 13 14 «
176 1865 96 26 benne
285 1873 13 13 »
315 1867 70 21 avec
407 1867 41 20 un
471 1859 78 27 bruit
575 1859 131 34 léger...
726 1859 41 26 De
791 1859 94 34 temps

106 1909 35 19 on
156 1903 94 32 temps
268 1898 15 27 il
301 1896 159 35 emplissait
477 1896 24 27 le
517 1894 71 27 fond
612 1896 35 27 de
664 1902 32 20 sa
709 1896 79 26 lasse
810 1894 61 27 d'ar-

106 1938 77 32 gent,
197 1935 93 28 faisait
318 1931 130 30 miroiter
471 1931 26 27 le
523 1930 110 35 liquide
660 1937 37 20 au
715 1930 79 27 soleil
813 1931 28 26 et
860 1930 26 27 le

106 1971 142 35 dégustait
263 1977 37 21 en
328 1969 119 33 silence,
471 1965 66 30 l'œil
552 1971 69 22 vers
646 1965 44 28 les
711 1968 122 33 poutres
849 1965 38 27 du

106 2008 129 33 plafond.

193 2041 74 34 Quel
294 2041 50 26 vin
357 2035 4 40 !
380 2039 67 35 quel
468 2037 50 28 vin
529 2035 5 40 !
549 2035 176 30 murmurait
744 2037 15 26 à
772 2037 115 34 chaque

105 2076 112 37 lampée
231 2078 26 27 le
274 2076 87 27 vieux
376 2075 155 35 vigneron.

141 2124 33 27 Et
189 2122 17 27 il
222 2120 130 35 songeait
367 2127 57 28 que
441 2119 158 35 cinquante
609 2118 99 35 pièces
723 2118 35 28 de
771 2125 33 21 ce
820 2124 52 21 nec-

105 2159 44 26 tar
170 2158 107 31 étaient
305 2157 130 34 alignées
451 2157 72 27 dans
540 2161 31 21 sa
587 2161 70 21 cave
680 2156 26 26 et
738 2161 66 27 que,
830 2153 56 27 l'an

105 2193 149 34 prochain,
272 2192 24 28 si
308 2192 28 27 la
351 2191 109 28 récolte
476 2191 69 27 était
560 2191 80 27 aussi
665 2190 86 34 belle,
769 2190 18 27 il
801 2197 71 28 pour-

105 2230 63 34 rait,
184 2237 53 20 son
255 2229 46 28 vin
318 2228 131 28 converti
474 2233 37 21 en
526 2228 98 26 beaux
638 2226 71 27 écus
733 2228 151 31 sonnants,

105 2267 118 27 acheter
237 2264 27 27 la
281 2263 146 33 Ravaude,
445 2263 27 26 la
488 2263 77 26 terre
578 2262 111 27 inculte
706 2263 48 33 qui
768 2262 119 35 joignait

105 2300 27 28 la
155 2301 102 27 sienne
282 2302 28 25 et
339 2301 38 25 où
392 2300 27 26 la
435 2298 87 33 vigne
535 2296 167 37 pousserait
720 2304 115 20 comme
850 2304 37 20 en

105 2335 129 30 Paradis.

195 2370 86 30 Saiue
315 2367 78 34 bien,
426 2368 71 34 père
523 2367 150 26 Prudhon.
693 2367 91 27 Richo
813 2374 54 20 ven-

106 2406 102 37 dange,
224 2413 52 30 pas
288 2404 84 30 vrai?
389 2413 14 14 »

139 2452 39 27 La
204 2452 79 33 large
308 2450 92 35 figure
428 2446 163 30 rubiconde
619 2446 38 28 du
683 2446 126 35 facteur,
840 2454 46 21 ses

107 2489 77 28 yeux
196 2486 187 37 papillotants
396 2484 184 35 indiquaient
600 2483 217 28 suffisamment
829 2491 57 28 que

106 2526 51 24 sur
171 2531 32 19 sa
217 2524 83 26 roule
327 2523 41 26 les
392 2520 152 27 occasions
573 2526 37 20 no
634 2519 40 27 lui
698 2519 116 28 avaient
835 2528 52 26 pas

105 2557 125 30 manqué
256 2557 34 22 de
317 2562 31 18 se
378 2555 72 25 faire
465 2561 58 19 une
544 2554 118 32 opinion
685 2554 67 25 bien
781 2555 104 24 établie

106 2595 50 20 sur
168 2588 27 26 la
210 2585 106 35 qualité
334 2587 38 25 du
387 2585 59 26 vin.

144 2634 19 27 Il
178 2630 143 34 s'avança.
387 2628 64 27 Une
467 2627 96 32 lettre,
575 2626 125 39 dit-i1...
717 2626 79 28 C'est
810 2635 76 26 pour

105 2668 27 28 la
149 2667 146 31 Claudine.
371 2663 66 30 Mlle
467 2661 142 32 Claudine
630 2661 107 35 Casiel,
763 2662 70 28 chez
847 2661 35 30 M.

106 2705 148 34 Prudhon,
276 2704 142 35 vigneron
444 2702 15 27 à
484 2699 165 38 Mercurey.
680 2698 40 39 Ça
744 2700 80 28 vient
850 2700 35 28 de

106 2741 71 28 chez
193 2750 39 19 1111
247 2740 120 30 notaire.

196 2778 79 33 Bien,
309 2777 41 27 dit
380 2777 26 27 le
426 2776 71 35 père
523 2773 151 37 Prudhon,
705 2773 178 38 impassible,

106 2819 37 22 en
157 2815 125 34 prenant
301 2813 27 26 la
341 2809 97 32 lettre.

142 2850 33 26 Et,
185 2850 19 26 il
229 2849 93 28 tendit
335 2856 35 20 au
386 2848 117 28 facteur
517 2854 40 22 un
569 2854 86 22 verre
673 2848 70 35 qu'il
758 2846 102 37 emplit
872 2849 17 26 à

106 2885 93 27 même
220 2885 25 27 la
272 2895 13 13 «
301 2884 96 27 benne
412 2895 24 15 ».
458 2883 38 27 Lo
524 2883 116 27 facteur
667 2883 26 27 le
723 2883 67 28 vida
819 2883 70 27 d'un

106 2921 73 33 traii,
197 2921 31 27 fit
256 2920 26 28 le
306 2920 77 28 salut
407 2919 136 28 militaire
563 2921 28 25 et
607 2919 92 27 sortit.

138 2966 40 27 Lo
193 2967 69 33 père
283 2965 141 27 Prudhon
452 2962 91 28 tenait
569 2962 27 26 la
620 2962 85 27 lettre
728 2963 83 26 enlrè
840 2969 48 21 ses

106 3007 47 21 ses
167 3001 93 30 mains
274 3002 27 25 et
315 3000 27 26 la
358 2998 163 30 retournait
536 3005 37 20 en
583 3000 67 25 tous
667 3005 69 21 sens
748 2998 5 33 :
770 3008 13 13 «
797 2999 91 27 Etude

106 3037 35 28 de
171 3037 38 27 M°
229 3035 133 33 Richard,
387 3033 112 28 notaire
528 3033 15 26 à
572 3033 85 32 Dijon
678 3043 26 22 »,
739 3033 149 34 épela-t-il

106 3071 169 28 lentement.
341 3081 13 12 «
377 3069 148 33 Qu'est-ce
553 3067 70 35 qu'il
641 3070 72 33 peut
743 3069 115 28 vouloir
875 3071 15 26 à

106 3109 91 28 notre'
217 3104 149 34 Claudine,
386 3111 32 20 ce
442 3104 40 27 M»
508 3103 177 27 Richard?»
763 3104 33 27 Et
824 3111 50 21 sou-

106 3143 67 27 dain
189 3142 129 28 anxieux
334 3137 4 39 :
356 3151 12 12 «
386 3138 96 37 Ah.ça
493 3137 5 39 !
516 3138 125 35 j'espère
661 3138 70 30 bien
746 3141 91 35 qu'on
854 3148 37 21 ne

106 3184 76 22 nous
194 3178 27 28 la
235 3176 161 37 reprendra
407 3183 52 27 pas
474 3174 181 28 maintenant
665 3174 5 39 !
686 3185 13 13 »

144 3222 116 30 Confiée
275 3229 52 27 par
341 3221 189 28 l'Assislance
547 3220 142 34 publique
713 3226 38 21 au
769 3220 122 34 ménage

106 3256 141 31 Prudhon
262 3259 76 27 alors
354 3255 106 38 qu'elle
478 3254 76 30 avait
568 3254 79 28 deux
672 3261 60 26 ans,
751 3254 141 30 Claudine

107 3294 77 28 avait
196 3293 102 37 grandi
309 3300 38 20 au
359 3293 100 27 milieu
474 3292 51 28 des
534 3292 100 28 autres
644 3291 128 27 enfants.
780 3291 111 34 Douce,

107 3330 191 33 affectueuse,
317 3335 71 21 avec
412 3334 59 21 une
497 3326 167 28 distinction
691 3326 98 31 native
804 3326 48 34 qui
867 3326 25 27 la

107 3365 93 28 faisait
217 3365 125 34 paraître
360 3371 59 20 une
433 3364 89 34 jeune
539 3361 154 37 princesse
715 3361 125 30 habillée
856 3369 38 21 en

109 3400 132 35 bergère,
261 3400 54 27 elle
332 3399 67 28 n'en
416 3398 69 30 était
498 3404 52 30 pas
567 3398 93 28 moins
683 3397 136 30 devenue
837 3398 57 27 vile

107 3436 27 27 le
163 3437 67 27 bras
247 3437 74 26 droit
346 3436 34 27 de
410 3443 32 20 sa
467 3436 80 26 mère
576 3433 145 34 adoplivo,
754 3433 99 28 lavant
868 3435 26 26 le

107 3471 89 35 linge,
210 3471 106 28 faisant
332 3471 27 26 la
373 3476 105 28 soupe,
495 3470 87 26 tirant
598 3470 28 26 la
640 3469 103 33 vache,
758 3470 133 32 cousant,

109 3509 163 32 repassant,
289 3506 171 33 s'occupant
477 3506 15 25 à
509 3504 72 31 tout,
594 3503 105 27 faisant
713 3506 63 25 tout
790 3504 89 34 joyeu-

112 3543 112 27 sement
249 3548 112 20 comme
384 3540 22 27 si
425 3540 26 27 le
472 3539 103 27 travail
602 3539 70 28 était
684 3546 76 27 pour
784 3540 56 27 elle
854 3547 41 20 un

111 3579 61 34 jeu.

148 3624 40 27 La
210 3620 87 38 petite
326 3619 193 30 abandonnée
548 3617 69 30 était
639 3618 183 28 maintenant
836 3622 59 24 une

111 3658 87 33 jeune
216 3659 66 26 fille.
299 3657 145 35 Toujours
456 3654 74 37 gaie,
547 3661 53 21 son
614 3653 70 30 clair
699 3653 113 28 sourire
828 3653 67 28 était

111 3693 248 30 l'enchantement
373 3692 34 28 de
425 3692 26 28 la
467 3691 124 34 maison,
607 3692 27 26 et
650 3691 44 27 les
704 3691 79 27 deux
797 3690 98 34 époux

112 3730 115 27 avaient
242 3730 69 27 rêvé
339 3729 96 28 d'unir
465 3729 74 27 cette
563 3728 139 41 jeunesse
730 3728 15 27 à
762 3726 74 28 celle
862 3726 33 27 de

112 3764 65 30 leur
188 3771 66 28 gars
269 3764 112 32 Benoit,
400 3763 51 37 qui
465 3757 118 34 arrivait
599 3763 40 27 du
659 3757 196 48 régiment...

150 3811 13 14 «
184 3801 45 27 Me
262 3801 27 27 la
320 3800 136 35 prendre,
474 3800 102 35 répéta
589 3800 26 27 lo
632 3800 71 35 père
738 3798 137 28 Prudhon
889 3797 6 27 !

112 3836 46 27 Ah
174 3836 72 27 mais
256 3836 72 26 non!
347 3835 33 28 Ni
396 3842 74 30 pour
485 3842 32 21 or
534 3835 28 27 ni
576 3841 78 30 pour
667 3835 120 35 argent!
813 3846 13 14 »

149 3873 61 27 Une
223 3870 67 28 voix
308 3870 110 28 fraîche
445 3870 124 37 l'appela
586 3869 5 38 :
608 3881 13 13 «
640 3870 53 35 Hé,
724 3873 70 34 père
811 3872 6 26 !
839 3885 12 11 »
867 3869 28 30 Et

115 3907 141 28 Claudine
273 3907 81 27 enlra
367 3907 72 26 dans
459 3907 25 26 le
500 3907 130 35 pressoir
647 3915 7 18 :
673 3918 13 13 «
710 3907 97 28 Venez
820 3907 58 27 vile
891 3907 5 35 ;

113 3943 28 28 la
157 3951 90 27 soupe
274 3943 43 27 est
346 3941 105 27 servie.
530 3943 81 27 Vous
641 3951 73 20 vous
744 3945 151 27 endormez

113 3985 71 20 sous
198 3978 27 27 la
242 3977 96 28 cuve?
353 3987 12 13 »
380 3977 109 27 dit-elle
506 3985 38 20 en
559 3978 85 27 riant.

151 4076 109 35 Depuis
289 4076 26 28 le
343 4077 92 34 dîner,
454 4077 142 28 Claudine
624 4078 76 27 avait
712 4078 67 27 bien
804 4078 97 27 donné

116 4111 111 31 lecture
242 4113 34 27 de
293 4111 27 28 la
335 4111 85 28 lettre
437 4113 48 27 dix
502 4113 56 27 fois
573 4119 37 22 au
621 4113 106 27 moins.

209 4149 44 26 Lis
286 4154 107 20 encore
428 4154 58 21 une
506 4148 65 33 fois;
591 4147 150 34 Claudine,
758 4147 139 27 demanda

115 4183 27 28 la
159 4183 79 28 mère
259 4182 141 27 Prudhon
415 4182 72 27 dont
500 4182 28 27 la
547 4182 70 27 voix
632 4182 148 28 tremblait
793 4182 91 27 d'émo-

116 4220 71 28 tion.

152 4254 167 28 Gentiment
337 4252 142 30 Claudine
493 4253 156 28 consentit.

154 4302 13 14 «
189 4289 224 34 Mademoiselle,
449 4289 47 34 j'ai
521 4289 157 28 l'honneur
705 4290 28 26 et
767 4289 26 28 le
826 4289 58 35 plai-

117 4326 41 27 sir
172 4328 34 26 de
223 4333 73 20 vous
309 4326 142 27 informer
467 4325 91 34 qu'un
574 4325 34 27 de
624 4332 64 20 mes
703 4324 113 33 clienls,
831 4324 70 28 dont

116 4361 27 33 je
158 4369 37 20 ne
208 4361 66 37 puis
285 4369 74 21 vous
371 4357 73 33 faire
459 4359 151 28 connaître
628 4359 25 27 le
666 4367 67 20 nom
750 4361 28 26 cl
791 4359 48 34 qui
857 4359 44 26 est

116 4397 110 28 décédé
239 4397 190 34 récemment,
446 4403 74 22 vous
539 4403 15 21 a
565 4395 98 37 légué,
676 4403 54 28 par
745 4396 156 28 testament

118 4431 169 37 olographe,
305 4433 109 35 déposé
430 4440 37 20 en
490 4439 69 20 mon
586 4431 97 34 étude,
698 4431 27 28 la
742 4430 110 30 totalité
866 4431 34 26 de

117 4474 33 21 sa
164 4469 117 27 fortune
296 4468 120 35 liquide,
433 4468 71 28 dont
520 4468 26 28 le
572 4469 135 26 montant
720 4469 44 26 est
784 4467 99 27 exacte-

116 4506 90 32 ment,
221 4504 70 28 frais
321 4504 124 34 déduits,
474 4504 34 28 de
526 4506 98 33 27,387
640 4504 99 27 francs
761 4506 34 24 70
811 4501 74 28 centi-

115 4544 73 24 mes.

154 4585 13 15 »
187 4574 168 30 J'attendrai
384 4583 57 27 que
480 4583 74 21 vous
593 4574 119 37 preniez
748 4574 27 27 la
815 4573 86 35 peine

116 4607 35 30 de
167 4618 103 27 passer
288 4612 15 27 à
324 4618 67 21 mon
420 4612 116 27 cabinet
555 4619 76 27 pour
659 4618 74 21 vous
764 4611 139 27 remettre

117 4646 76 26 cette
209 4654 110 20 somme
337 4646 50 35 qui
409 4649 53 31 est,
493 4646 51 27 dès
569 4646 191 34 maintenant.,
777 4646 15 26 à
821 4646 83 26 votre

117 4680 180 37 disposition.

154 4727 13 13 »
188 4717 129 28 Veuillez
331 4719 115 35 agréer,
469 4719 231 33 mademoiselle,
722 4717 182 28 l'assurance

117 4748 35 30 de
181 4760 64 22 mes
274 4754 174 30 sentiments
481 4755 211 33 respectueux.

381 4813 13 15 »
417 4802 17 34 M
450 4802 18 34 0
484 4802 135 34 RICHARD,
637 4802 122 34 notaire,

247 4857 17 17 «
283 4850 60 30 132,
369 4854 54 21 rue
449 4846 122 33 Chabot,
591 4846 125 33 Charny,
725 4846 96 33 Dijon.
837 4857 14 15 »

952 231 143 30 Claudine
1124 233 65 27 leva
1217 233 41 26 les
1276 240 91 27 yeux.
1400 233 41 28 La
1465 234 81 27 mère
1565 233 138 28 Prudhon

909 267 131 40 pleurait
1054 268 35 27 de
1101 268 70 35 joie,
1188 268 27 27 le
1241 268 71 35 père
1330 268 126 30 tortillait
1483 276 32 20 sa
1535 269 167 34 moutache,

917 305 27 26 et
961 304 131 33 Nanette,
1111 305 26 26 la
1153 305 148 32 servante,
1319 304 66 27 riait
1398 305 71 26 d'un
1487 305 79 33 large
1581 305 58 28 rire
1655 305 48 35 qui

917 338 129 28 éclairait
1059 346 33 20 sa
1107 338 266 35 face.rougeaude.
1398 339 83 34 Seul,
1498 340 104 28 Benoît
1626 341 65 27 avait-

914 374 25 26 la
958 373 93 35 figure
1080 376 79 26 toute
1185 376 162 26 retournée
1377 376 38 33 et,
1443 383 76 27 pour
1544 383 31 20 se
1591 376 112 27 donner

914 416 59 20 une
989 411 195 33 contenance,
1202 409 79 37 pliait
1299 417 71 21 avec
1391 410 65 28 soin
1472 418 54 21 son
1548 412 155 28 mouchoir

914 452 37 20 en
967 448 113 33 quatre.

1002 484 100 31 37,000
1126 481 112 34 francs,
1256 481 39 28 dit
1311 481 80 28 enfin
1407 482 27 27 le
1454 483 72 34 père
1548 482 152 30 Prudhon.

915 515 40 28 Eh
971 516 79 35 bien,
1078 517 112 34 fillette,
1212 519 25 27 te
1254 517 77 28 voilà
1344 517 96 34 casée*
1467 520 28 26 te
1522 519 78 27 voilà
1622 520 65 26 tran-

914 552 87 34 quille
1017 552 120 37 jusqu'à
1150 554 27 27 la
1194 553 41 27 fin
1252 553 37 27 de
1304 554 43 26 les
1359 553 83 34 jours
1454 552 5 38 !
1480 553 89 28 Viens
1589 560 58 30 que
1672 554 28 35 je

913 587 172 30 l'embrasse
1100 589 6 26 !

947 621 139 30 Claudine
1113 624 98 27 rendit
1237 624 26 26 le
1279 624 106 34 baiser,
1401 624 74 28 mais
1505 631 38 21 ne
1566 624 136 37 répondit

913 664 61 26 pas.
992 658 53 28 Ses
1058 659 111 34 grands
1183 666 81 28 yeux
1279 659 80 27 noirs
1382 660 189 34 regardaient
1585 660 74 28 dans
1675 661 26 27 le

912 687 133 34 lointain.

1003 731 104 31 37,000
1134 730 99 27 francs
1251 729 5 35 !
1273 729 100 35 répéta
1404 730 27 28 la
1447 731 81 28 mère
1546 730 152 30 Prudhon.

912 762 112 31 C'est-il
1039 764 77 28 Dieu
1144 764 129 35 possible
1287 765 6 26 !
1365 765 83 28 M'est
1474 767 61 27 avis
1563 768 141 33 pourtant

912 806 57 27 que
986 807 34 20 ce
1050 800 162 34 monsieur,
1243 800 50 35 qui
1317 800 91 30 cache
1437 809 52 20 son
1513 809 79 26 nom,
1607 802 93 28 aurait

911 834 103 28 mieux
1037 835 53 28 fait
1104 837 33 27 de
1163 836 155 34 s'occuper
1333 837 33 27 de
1398 837 26 27 la
1441 837 109 34 peliote
1571 846 41 19 un
1641 846 60 27 peu

909 869 66 35 plus
994 870 48 34 tôt,
1062 873 28 26 et
1106 872 34 27 de
1157 872 71 26 faire
1245 872 83 26 d'elle
1345 879 58 20 une
1419 872 181 30 demoiselle.

1000 906 38 27 Te
1052 906 76 30 voici
1144 906 78 32 bien,
1238 906 50 33 toi,
1306 907 40 27 dit
1359 907 27 28 le
1403 909 71 33 père
1502 908 141 28 Prudhon
1665 917 35 20 eu

908 941 206 34 grommelant.
1131 941 142 28 Claudine
1290 950 17 20 a
1320 950 53 20 son
1391 943 144 30 certificat
1556 944 143 32 d'études,

911 3060 56 30 elle
991 3060 56 28 sait
1068 3060 132 35 compter
1224 3063 30 26 el
1283 3060 97 30 même
1410 3060 123 30 chanter
1563 3069 37 21 en
1619 3060 83 31 latin.

911 3097 80 27 Avec
1002 3104 59 20 une
1077 3097 74 27 belle
1178 3098 73 26 robe
1280 3104 52 20 sur
1356 3098 26 26 le
1397 3098 52 26 dos
1478 3098 28 26 el
1526 3098 37 26 de
1579 3098 125 34 l'argent

912 3133 73 26 dans
1015 3139 53 20 son
1095 3138 57 27 sac,
1172 3132 56 27 elle
1253 3132 64 28 fera
1345 3139 58 21 une
1443 3132 171 28 demoiselle
1641 3135 65 26 tout

913 3175 115 20 comme
1041 3175 59 20 une
1113 3169 94 27 autre.
1222 3169 148 33 Qu'est-ce
1388 3176 58 27 que
1472 3170 32 26 tu
1527 3176 38 20 en
1579 3170 53 32 dis,
1651 3169 37 27 Be-

914 3203 60 27 noît
987 3202 14 26 ?

1005 3237 35 27 Le
1057 3239 69 39 père
1142 3244 17 20 a
1185 3239 111 34 raison,
1322 3240 41 27 dit
1380 3239 190 35 simplement
1589 3240 113 28 Benoît.

915 3274 31 27 Et
959 3274 20 26 il
992 3274 93 32 sortit,
1103 3280 58 20 non
1178 3281 69 21 sans
1267 3282 177 27 remarquer
1465 3274 167 35 cependant
1648 3282 57 27 que

914 3308 141 31 Claudine
1069 3308 24 27 le
1109 3308 107 30 suivait
1230 3311 73 28 d'un
1319 3312 106 34 regard
1442 3311 169 28 malicieux.

1003 3352 96 34 Alors,
1124 3353 92 33 reprit
1243 3356 86 34 après
1358 3363 41 20 un
1429 3354 111 27 silence
1569 3354 27 27 la
1624 3354 80 28 mère

915 3387 150 33 Prudhon,
1093 3390 43 26 cet
1154 3391 168 33 argent,...
1344 3391 19 27 il
1390 3391 61 27 tant
1468 3390 107 34 qu'elle
1602 3391 64 26 aiilo
1680 3391 26 27 le

917 3424 144 28 chercher
1075 3423 14 27 ?

1005 3468 155 31 Comment
1173 3468 77 28 donc
1263 3470 6 26 !
1287 3470 39 27 dil
1341 3470 27 27 le
1384 3470 80 35 père.
1485 3470 32 26 Et
1532 3470 27 26 le
1583 3469 65 34 plus
1665 3470 40 26 tôt

917 3503 128 35 possible
1056 3502 5 37 !
1081 3503 37 27 Ce
1135 3502 59 28 soir
1209 3506 98 28 même
1333 3506 139 30 Claudine
1491 3513 37 20 va
1556 3504 72 30 faire
1654 3511 52 21 son

917 3541 119 33 paquet,
1078 3540 27 26 et
1135 3539 117 30 demain
1296 3541 90 28 malin
1428 3541 31 28 la
1496 3541 143 34 diligence
1678 3541 27 27 la

917 3574 141 28 conduira
1074 3580 35 21 au
1124 3574 86 28 train.
1228 3576 24 28 A
1281 3576 94 35 Dijon,
1394 3576 27 28 le
1448 3576 103 28 cousin
1570 3575 133 33 Mathias,

918 3611 51 34 qui
996 3612 45 25 est
1061 3615 39 21 un
1123 3611 100 35 malin,
1243 3620 89 20 saura
1354 3612 73 28 bien
1457 3611 180 31 débrouiller
1652 3615 53 25 Son

917 3645 150 27 affaire...
1318 3645 4 27 ,
1358 3657 21 13 »

1007 3679 170 32 Demain...
1198 3683 25 28 si
1238 3679 113 32 tôt?...
1371 3684 40 27 dil
1431 3683 27 28 la
1474 3685 91 26 mère.

1010 3715 125 35 Vois-tu,
1167 3718 119 35 femme,
1323 3720 44 27 les
1403 3718 117 28 affaires
1560 3718 143 35 d'argent,

918 3751 64 28 faut
996 3757 52 28 pas
1062 3757 56 28 que
1135 3759 33 27 ça
1182 3756 104 27 traîne.
1312 3755 44 28 On
1372 3761 35 22 ne
1427 3755 56 27 sait
1502 3751 155 38 jamais...
1678 3757 27 25 et

917 3788 78 34 puis,
1012 3794 112 21 comme
1142 3789 40 28 dit
1198 3791 26 27 le
1252 3790 146 37 proverbe
1413 3798 6 19 :
1433 3802 13 13 «
1460 3789 113 30 Prends
1586 3789 119 30 d'abord

920 3826 27 24 et
963 3824 106 25 va-t'en
1085 3823 57 26 vite
1155 3836 64 13 »...

953 3917 40 30 Le
1009 3917 178 38 lendemain,
1205 3920 18 27 à
1237 3920 26 28 la
1278 3920 76 35 nuit,
1380 3928 33 20 sa
1440 3920 125 35 journée
1581 3920 79 34 finie,
1680 3920 27 27 le

920 3956 71 35 père
1101 3954 137 28 s'asseoir
1266 3963 113 21 comme
1406 3957 168 28 d'habitude
1603 3963 52 21 sur
1680 3956 26 27 le

922 3991 74 28 seuil
1012 3991 34 27 de
1064 3997 30 21 sa
1109 3993 84 32 porte
1211 3999 38 21 en
1264 3992 117 28 fumant
1396 3999 33 21 sa
1443 3992 78 35 pipe.

958 4028 39 27 Le
1015 4028 87 27 bravo
1116 4026 119 30 homme
1251 4028 70 28 était
1332 4029 65 26 tout
1411 4028 111 34 joyeux
1550 4028 35 27 do
1599 4033 107 26 songer

924 4069 57 27 que
998 4071 31 19 sa
1045 4063 86 28 chère
1144 4063 110 35 petiote
1269 4063 79 28 allait
1363 4063 61 27 êlre
1440 4062 92 33 riche,
1551 4064 30 26 et
1602 4062 105 35 qu'elle

922 4098 124 27 n'aurait
1061 4098 65 34 plus
1139 4098 115 33 besoin,
1272 4100 78 26 lonto
1369 4104 32 20 sa
1413 4097 52 27 vie-
1475 4098 116 33 durant,
1609 4098 35 27 de
1657 4097 38 27 tri-

921 4139 63 20 mer
1000 4139 76 26 pour
1090 4139 40 19 un
1147 4139 139 20 morceau
1298 4133 35 26 de
1346 4133 79 33 pain.

1011 4174 22 27 A
1051 4175 74 26 cotte
1152 4174 103 34 heure,
1281 4175 120 27 disait-il
1428 4176 17 27 à
1473 4183 33 20 sa
1532 4176 120 32 femme,
1670 4183 37 20 en

921 4209 118 33 lançant
1061 4209 50 27 des
1134 4217 115 30 nuages
1264 4209 35 28 de
1322 4209 99 30 fumée
1441 4218 69 21 vers
1534 4212 43 27 les
1594 4212 111 34 étoiles,

921 4245 139 28 Claudine
1077 4246 45 25 est
1141 4244 70 30 chez
1228 4246 26 27 le
1272 4247 103 27 cousin
1393 4244 172 32 Mathias...
1587 4247 119 28 Demain

924 4281 32 26 ils
971 4280 78 28 iront
1067 4283 60 25 tous
1156 4281 80 27 deux
1252 4281 71 28 chez
1354 4283 25 28 le
1394 4283 124 28 notaire.
1537 4283 78 28 C'est
1639 4283 67 28 bien

921 4317 26 26 le
969 4316 105 28 diable:
1090 4316 33 34 si,
1141 4317 111 37 malgré
1280 4320 97 26 toutes
1406 4319 41 27 les
1470 4320 235 33 paperasseries,

922 4352 53 27 elle
993 4352 74 33 n'est
1078 4359 52 26 pas
1142 4354 35 26 de
1193 4356 103 26 retour
1311 4354 156 30 dimanche
1486 4352 5 33 !

958 4395 102 30 Pierre
1084 4396 92 37 Bony,
1200 4398 35 28 le-
1257 4398 104 35 voisin,
1390 4398 170 37 s'avançait,
1576 4400 27 31 la
1631 4400 76 30 main

922 4431 106 31 tendue
1044 4431 5 31 :

956 4467 91 27 —Eh
1072 4467 77 33 bien,
1175 4469 74 35 fit-il,
1276 4478 37 21 en
1333 4470 78 31 voilà
1434 4473 40 30 du
1513 4473 193 28 nouveau!...

922 4502 94 33 Alors,
1036 4504 69 26 c'est
1120 4505 64 28 vrai
1199 4513 32 20 ce
1250 4508 87 33 qu'on
1354 4502 113 39 dit?...

957 4538 44 33 Et,
1018 4545 112 21 comme
1155 4541 26 27 le
1196 4543 72 33 père
1300 4543 149 37 Prudhon,
1467 4543 67 30 l'œil
1550 4545 142 34 interroga-

924 4574 76 32 teur,
1022 4574 137 27 attendait
1178 4574 5 32 :

1016 4607 57 28 Ben
1106 4610 58 34 oui,
1196 4612 27 27 la
1241 4613 141 28 Claudine
1396 4607 5 41 !
1420 4615 21 27 11
1457 4615 92 34 paraît
1567 4622 57 26 que
1652 4622 53 19 son

925 4645 119 38 père...
1063 4645 128 34 Voyons,
1208 4650 70 32 père
1306 4650 148 32 Prudhon,
1470 4657 52 26 pas
1538 4649 35 27 de
1589 4649 102 27 cachot-

927 4680 87 28 teries
1025 4680 5 39 ;
1049 4682 59 26 tout
1122 4681 27 30 le
1165 4683 105 35 village
1286 4685 27 27 le
1325 4685 54 26 sait.
1393 4680 4 39 !

963 4716 37 27 Le
1016 4717 48 27 fait
1078 4719 44 26 est
1137 4726 58 26 que
1209 4721 64 26 tout
1298 4721 27 27 le
1355 4721 105 34 village
1488 4719 67 30 était
1586 4728 35 19 au
1639 4726 50 20 cou-

924 4754 77 25 rant.
1018 4753 37 27 La
1070 4752 123 30 Nanetto
1209 4755 104 27 n'avait
1329 4762 52 27 pas
1395 4763 37 19 su
1444 4756 76 27 tenir
1535 4762 32 21 sa
1586 4755 118 33 langue.

926 4786 54 28 Les
997 4795 57 20 uns
1076 4789 86 33 après
1178 4789 44 27 les
1250 4792 99 26 autres
1376 4791 43 27 les
1448 4798 74 27 gens
1547 4789 156 33 défilaient,

925 4825 154 33 apportant
1106 4822 191 37 l'expression
1328 4826 35 27 de
1401 4825 66 28 leur
1494 4825 56 34 joie
1581 4832 39 20 un
1648 4831 58 27 peu

927 4859 144 28 curieuse.
1088 4858 40 27 De
1144 4858 116 30 bouche
1277 4867 38 20 en
1324 4860 117 27 bouche
1453 4860 149 27 d'ailleurs
1611 4859 94 28 l'héri-

1336 2844 124 20 MEMBRE
1476 2843 39 21 DU
1531 2842 128 22 CONSEIL
1681 2837 168 26 SUPÉRIEUR
1866 2841 35 21 DE
1919 2841 35 21 LA
1972 2839 118 24 GUERRE

1535 2885 189 24 INSPECTEUR
1750 2876 133 32 D'ARMÉE

1170 2929 52 26 QUI
1254 2931 90 21 VIENT
1378 2934 39 20 DE
1447 2934 167 20 DEMANDER
1650 2933 58 21 SON
1742 2931 150 27 PASSAGE,
1929 2931 58 21 PAR
2023 2930 228 26 ANTICIPATION,

1468 2978 77 19 DANS
1574 2978 37 19 LE
1646 2978 97 19 CADRE
1773 2976 39 20 DE
1844 2968 136 28 RÉSERVE

1728 237 65 33 tage
1811 235 76 28 avait
1916 236 92 34 grossi
2028 235 4 39 :
2062 237 94 27 c'était
2180 237 185 30 maintenant
2391 240 67 34 plus
2480 241 34 26 de

1728 273 117 25 100.000
1861 272 102 27 francs
1978 279 57 27 que
2053 272 142 27 Claudine
2209 273 78 27 allait
2313 275 158 33 recueillir,
2489 278 26 25 et

1726 306 28 27 la
1770 306 135 27 dernière
1924 308 157 32 commère,
2100 307 132 35 clignant
2248 308 34 27 de
2307 309 77 34 l'œil,
2406 312 106 33 ajouta,

1776 350 113 20 comme
1909 343 22 27 si
1946 343 54 27 eile
2026 344 79 27 n'eût
2120 350 54 28 pas
2191 344 46 27 été
2268 351 37 20 au
2330 348 124 25 courant
2477 346 35 27 du

1724 378 96 33 projet
1840 378 35 27 de
1892 378 130 34 mariage
2037 378 5 34 :

1769 429 15 2 -
1817 412 38 35 Ça
1884 416 72 32 peut
1982 413 72 28 faire
2081 420 41 21 un
2148 413 76 35 parti
2243 420 78 28 pour
2349 419 83 26 votre
2456 417 56 33 fils,

1723 449 198 26 maintenant.

1759 483 24 27 A
1795 490 120 21 mesure
1946 491 57 28 que
2030 484 44 28 les
2100 484 189 28 confidences
2308 487 119 28 allaient
2450 488 65 28 leur

1723 519 86 34 train,
1839 520 26 27 ie
1892 520 102 34 visage
2022 521 38 26 du
2073 521 71 33 père
2170 520 141 28 Prudhon
2326 523 96 28 s'était
2435 533 60 20 rem-

1723 554 87 27 bruni
1819 575 40 7 ...
1872 554 25 28 A
1909 562 34 20 ce
1956 555 118 28 dernier
2088 556 70 33 mot,
2170 555 20 27 il
2203 562 31 20 se
2245 555 77 37 leva,
2331 560 30 26 et
2370 561 142 26 secouant

1722 589 44 28 les
1780 591 124 27 cendres
1920 592 35 26 de
1976 599 32 19 sa
2022 592 69 33 pipe
2108 589 5 35 :

1809 625 157 34 Rentrons,
1982 626 122 32 femme,
2126 625 77 28 dit-ii
2218 625 230 37 brusquement.

1760 660 63 28 Une
1839 661 54 27 fois
1911 661 72 28 dans
1998 660 65 28 leur
2080 661 149 33 chambre,
2243 661 34 27 ils
2294 666 174 33 essayèrent
2478 666 35 28 de

1722 694 163 35 reprendre
1902 697 28 27 la
1954 697 216 33 conversation,
2185 697 73 26 mais
2276 697 69 28 leur
2374 700 58 34 joie
2445 703 70 27 était

1723 731 126 28 tombée.
1865 732 73 27 Tout
1955 739 35 20 au
2015 732 137 28 bonheur
2178 731 51 35 qui
2258 733 122 28 arrivait
2409 738 17 26 à
2450 737 65 27 leur

1724 767 111 34 enfant,
1854 775 115 20 comme
1982 768 34 27 ils
2029 767 196 35 l'appelaient,
2243 768 34 27 ils
2298 769 148 31 n'avaient
2460 781 53 27 pas

1723 802 91 34 songé
1831 809 109 22 encore
1957 810 58 28 que
2042 810 32 20 ce
2102 802 136 28 bonheur
2270 804 97 28 même
2392 808 122 34 pouvait

1723 837 8 26 1
1744 837 131 35 éloigner
1891 839 87 28 d'eux
1995 841 17 26 à
2022 839 112 34 jamais.
2146 837 143 30 Claudine
2302 841 80 28 riche
2400 843 99 28 n'était-

1722 873 57 27 elle
1794 880 53 28 pas
1878 873 132 37 toujours
2037 873 66 30 leur
2119 874 150 33 Claudine,
2289 875 85 33 qu'ils
2396 880 116 27 avaient

1723 908 112 35 élevée,
1847 909 89 35 qu'ils
1951 911 116 27 avaient
2085 909 97 27 chérie
2199 917 113 20 comme
2329 912 67 28 leur
2406 922 105 27 propre

1723 945 103 26 chair?
1847 945 38 26 Ils
1902 945 150 28 n'avaient
2066 952 52 27 pas
2130 945 91 33 songé
2237 947 117 27 surtout
2367 956 58 27 que
2438 952 73 26 cette

1724 3061 118 31 fortune
1874 3060 139 28 soudaine
2040 3059 129 43 pourrait
2209 3059 106 27 rendre
2341 3056 167 35 impossible

1724 3098 111 27 l'union
1867 3097 85 34 qu'ils
1982 3097 117 27 avaient
2128 3097 99 27 revée.
2270 3093 32 28 Et
2330 3091 177 32 maintenant

1724 3133 34 27 ils
1776 3132 223 35 comprenaient
2015 3133 37 31 et,
2070 3138 71 22 sans
2153 3131 66 28 rien
2235 3137 30 21 se
2281 3130 70 32 dire,
2366 3133 31 21 se
2409 3136 83 27 regar-

1726 3170 106 32 daient,
1861 3170 132 26 honteux
2022 3169 87 27 d'une
2135 3164 152 32 mauvaise
2317 3163 105 35 pensée
2456 3167 51 33 qui

1726 3204 65 28 leur
1806 3203 99 31 venait
1922 3213 35 19 en
1969 3202 96 30 même
2074 3204 97 34 temps
2183 3204 27 27 et
2226 3201 84 38 qu'ils
2322 3200 184 30 n'arrivaient

1724 3248 52 26 pas
1793 3241 17 27 à
1826 3240 132 28 chasser.

1762 3285 54 27 Les
1841 3285 81 34 jours
1952 3283 133 28 suivants
2117 3283 100 27 furent
2242 3281 106 28 tristes.
2366 3278 141 33 Claudine

1726 3320 107 26 n'avait
1848 3327 51 27 pas
1915 3320 81 27 écrit,
2019 3320 41 27 lin
2212 3320 60 26 mot
2287 3318 34 27 de
2337 3315 99 28 l'oncle
2453 3326 35 20 an-

1727 3354 117 32 nonçait
1874 3361 57 27 que
1963 3357 61 26 tout
2063 3354 144 28 marchait
2237 3352 77 28 bien.
2353 3351 40 27 La
2424 3354 83 27 mère

1728 3390 139 28 Prudhon
1883 3390 89 34 allait,
1990 3390 98 28 venait
2106 3391 72 27 dans
2198 3390 26 27 la
2245 3386 118 32 maison,
2380 3386 66 33 plus
2461 3390 31 26 af-

1727 3424 152 28 fectueuse
1894 3432 71 20 avec
1982 3425 26 27 le
2037 3426 73 34 père
2137 3424 107 37 qu'elle
2262 3422 100 31 sentait
2376 3425 126 33 ennuyé,

1726 3461 66 34 plus
1809 3459 174 30 maternelle
2000 3468 73 21 avec
2093 3462 102 27 Benoît
2217 3461 59 35 qui,
2306 3457 97 34 depuis
2417 3458 26 27 le
2459 3461 31 27 dé-

1726 3497 65 32 part,
1804 3496 34 27 de
1856 3496 154 33 Claudine,
2031 3496 67 28 l'œil
2122 3498 92 32 terne,
2242 3496 27 27 la
2293 3500 86 30 gorge
2396 3496 107 32 serrée,

1723 3523 138 37 ''semblait
1874 3533 17 27 à
1904 3531 86 35 peine
2008 3533 81 27 avoir
2104 3533 28 27 la
2161 3533 80 28 force
2271 3531 34 27 do
2328 3536 28 21 se
2372 3530 105 28 rendre
2491 3534 15 25 à

1726 3574 53 20 son
1793 3568 113 27 travail.
1920 3568 141 26 Claudine
2075 3568 99 26 n'était
2190 3567 67 35 plus
2283 3567 35 27 là.
2337 3565 20 27 11
2374 3567 132 27 semblait,

1727 3604 91 33 qu'un
1834 3611 96 27 nuage
1946 3602 100 35 planât
2063 3611 51 19 sur
2130 3602 26 27 la
2171 3602 123 28 maison.
2310 3600 41 30 On
2376 3600 113 30 n'enten-

1727 3638 58 27 dait
1800 3638 78 34 plus,
1897 3639 17 26 à
1929 3638 27 28 la
1985 3637 64 28 nuit
2074 3635 161 35 tombante,
2265 3639 30 26 la
2324 3637 125 31 chanson
2467 3639 38 26 du

1726 3674 71 33 père
1814 3672 50 37 qui
1880 3674 63 27 s'en
1971 3673 143 34 revenait,
2143 3673 28 30 la
2200 3676 80 26 holte
2298 3680 34 20 au
2348 3672 51 26 dos
2427 3674 28 26 et
2479 3673 27 28 la

1726 3709 104 35 pioche
1848 3711 13 26 à
1878 3710 133 35 l'épaule,
2040 3711 28 26 et
2083 3710 26 27 le
2130 3711 58 26 rire
2209 3717 106 20 sonore
2337 3707 32 27 de
2394 3707 110 35 Benoît,

1727 3745 98 35 quand
1843 3745 18 28 il
1876 3745 176 37 apercevait,
2067 3752 52 21 sur
2134 3745 27 28 le
2187 3745 72 28 seuil
2277 3745 34 27 de
2327 3744 24 27 la
2370 3745 92 34 porte,
2479 3744 28 28 la

1724 3781 91 35 petite
1830 3782 47 27 fée
1890 3783 70 26 dont
1975 3783 18 26 il
2013 3782 104 34 rêvait,
2134 3783 26 26 le
2176 3782 67 34 jour
2272 3781 111 31 durant,
2406 3788 37 19 en
2458 3788 32 21 re-

1729 3820 138 26 tournant
1883 3819 27 26 la
1928 3820 91 27 terre.

1763 3862 38 27 Le
1818 3861 155 28 dimanche
1985 3868 98 30 passa,
2092 3861 67 35 puis
2172 3862 26 27 le
2215 3861 151 28 dimanche
2381 3861 124 34 suivant,

1728 3899 30 26 et
1769 3896 142 30 Claudine
1928 3906 37 20 ne
1989 3898 133 28 revenait
2135 3906 63 27 pas.
2217 3899 45 27 Un
2290 3898 58 26 mot
2369 3895 71 34 bref,
2456 3905 34 19 en-

1728 3939 79 26 core,
1826 3934 28 25 et
1867 3939 32 20 ce
1916 3933 44 27 fut
1976 3933 73 27 tout.
2068 3933 40 27 De
2135 3940 76 28 peur
2226 3934 52 27 des
2294 3931 146 37 questions
2461 3933 31 26 in-

1728 3967 151 32 discrètes,
1898 3969 50 27 dès
1965 3969 25 27 le
2008 3969 60 28 soir
2082 3970 143 33 tombant,
2244 3970 43 27 les
2296 3966 133 31 Prudhon
2443 3967 50 28 bar-

1727 4003 162 28 ricadaient
1915 4004 65 27 leur
2006 4006 93 32 porte.
2131 4004 39 28 Ce
2186 4005 99 27 n'était
2308 4004 65 34 pins
2389 4004 100 27 mainte-

1728 4041 71 25 nant
1814 4039 167 27 seulement
1991 4041 157 33 l'angoisse
2158 4042 89 26 d'être
2264 4046 67 21 sans
2341 4038 163 32 nouvelles;

1729 4074 32 28 ils
1776 4074 149 28 sentaient
1937 4076 15 26 à
1971 4075 99 34 jamais
2083 4076 115 34 perdue
2213 4076 76 26 cctle
2307 4072 99 30 enfant
2425 4074 80 35 qu'ils

1729 4109 113 28 avaient
1857 4116 70 21 crue
1941 4109 69 30 bien
2022 4113 15 26 à
2055 4119 59 20 eux
2128 4114 27 25 et
2181 4109 165 38 pleuraient
2368 4115 51 20 sur
2431 4116 56 19 eux-

1728 4146 120 33 mêmes,
1869 4153 51 20 sur
1938 4147 27 27 la
1983 4148 152 26 tendresse
2163 4147 86 34 qu'ils
2272 4144 112 28 avaient
2400 4143 89 34 dépen-

1728 4181 48 26 sée
1795 4187 34 20 en
1847 4181 78 33 vain,
1944 4188 51 20 sur
2010 4181 26 27 le
2061 4181 77 28 beau
2156 4188 90 28 songe
2263 4181 91 34 qu'un
2376 4185 53 27 peu
2445 4180 59 27 d'or

1728 4215 74 28 avail
1817 4215 52 28 fait
1884 4217 183 35 disparaîlre.

1763 4259 133 28 D'aulres
1915 4260 106 28 ennuis
2035 4261 182 28 survinrent*
2233 4260 44 27 Un
2304 4258 96 33 matin,
2419 4265 32 20 on
2466 4258 24 27 al-

1728 4297 60 27 lant
1805 4298 15 26 à
1835 4297 26 26 la
1887 4297 98 34 vigne,
2008 4296 27 28 le
2052 4296 227 35 père.Prudhon
2294 4292 92 34 apprit
2408 4299 51 27 q:ie
2477 4291 25 27 la

1730 4331 150 33 Ravaude,
1897 4331 25 27 la
1950 4333 77 26 terre
2043 4331 71 35 qu'il
2130 4331 122 34 guettait
2265 4328 102 34 depuis
2388 4328 22 26 si
2425 4326 61 33 long-

1729 4369 106 33 temps,
1851 4368 100 27 venait
1962 4368 90 27 d'être
2076 4363 129 35 vendue,
2220 4364 65 35 puis
2315 4361 107 33 Benoît,
2444 4362 57 33 pris

1731 4403 34 28 de
1789 4403 103 35 fièvre,
1920 4403 52 28 dut
2000 4404 96 26 rester
2118 4403 17 25 à
2157 4402 28 26 la
2207 4398 119 28 maison.
2355 4396 38 28 Ce
2415 4395 85 34 grand

1730 4440 131 34 gaillard,
1879 4448 59 20 aux
1968 4440 96 34 larges
2089 4436 129 34 épaules,
2238 4441 54 20 aux
2319 4433 65 25 bras
2401 4430 28 26 d«
2446 4430 45 26 fer

1731 4483 37 20 11e
1783 4474 139 37 bougeait
1942 4475 66 34 plus
2019 4474 35 27 de
2070 4480 31 19 sa
2117 4469 109 32 chaise,
2243 4468 57 33 plie
2315 4472 35 21 en
2365 4467 84 30 doux,
2459 4467 41 25 les

1730 4520 79 27 yeux
1826 4513 124 34 fixes...

1766 4556 21 27 Il
1804 4553 135 28 semblait
1952 4552 122 33 qu'avec
2091 4546 142 28 Claudine
2246 4546 61 26 tout
2321 4544 25 27 le
2361 4543 139 33 bonteur,

1730 4591 79 27 toute
1825 4590 27 26 la
1867 4587 54 34 joie
1935 4586 35 26 de
1995 4583 156 33 travailler,
2170 4581 34 27 de
2220 4579 129 35 respirer
2372 4579 27 28 le
2415 4581 86 34 grand

1729 4624 41 27 air
1783 4631 65 24 pur,
1867 4623 33 26 do
1918 4620 61 27 voir
1994 4620 25 26 le
2035 4618 93 32 soleil,
2145 4624 30 20 se
2191 4616 43 28 fut
2248 4616 171 39 envolée...

1762 4717 38 27 La
1818 4724 92 27 soupe
1926 4716 79 27 fume
2020 4722 51 21 sur
2079 4715 26 28 la
2121 4715 89 35 table,
2220 4716 69 35 près
2302 4715 86 30 d'une
2400 4719 105 33 grande

1728 4749 112 32 écuelle
1857 4754 39 26 où
1911 4752 156 28 tremblote
2083 4760 40 20 un
2140 4760 139 21 morceau
2295 4753 33 27 de
2350 4754 63 27 lard
2432 4761 72 22 rose.

1730 4788 149 28 Personne
1907 4795 37 20 ne
1970 4794 117 30 mange.
2107 4788 141 30 Claudine
2264 4788 76 28 n'est,
2348 4789 66 35 plus
2437 4792 28 28 là
2478 4794 30 26 et

1728 4825 48 34 n'y
1792 4832 67 20 sera
1872 4825 65 35 plus
1948 4824 113 35 jamais.
2081 4824 39 28 Sa
2133 4825 84 34 place
2233 4827 40 25 esl
2294 4826 73 26 vide.

1763 4859 83 28 Trois
1861 4867 92 27 coups
1968 4859 119 35 frappés
2101 4861 14 27 à
2132 4860 27 30 la
2173 4863 96 32 porte.
2281 4860 44 30 Un
2335 4861 94 30 voisin
2439 4872 69 21 sans

2536 248 97 27 doute.
2659 249 79 26 Avec
2763 250 144 35 défiance,
2922 254 28 27 la
2992 256 83 28 mère
3100 255 139 32 Prudhon
3267 265 54 21 en-

2536 286 25 25 Ir
2572 289 90 22 ouvre
2688 285 87 27 lhuis
2806 288 28 25 et
2859 288 104 27 recule
2980 296 74 22 avec
3079 300 41 20 un
3135 294 93 33 grand
3255 294 43 28 cri
3312 301 8 21 :

2535 318 141 28 Claudine
2691 318 5 28 !

2569 354 65 31 Oui,
2649 354 152 37 Claudine,
2829 357 142 28 Claudine
2987 359 180 38 elle-même,
3194 372 60 20 non
3269 371 52 28 pas

2535 397 35 20 en
2590 390 70 28 robe
2678 391 35 27 de
2730 392 60 27 soie
2809 394 28 25 et
2854 392 102 30 coiffée
2972 394 70 27 d'un
3057 396 133 35 chapeau
3220 400 17 26 à
3259 400 47 33 plu-

2535 432 71 25 mes,
2622 425 72 32 mais
2711 426 27 27 la
2752 429 83 27 vraie
2848 429 151 35 Claudine,
3028 438 73 20 avec
3115 425 66 34 'son
3210 433 111 30 bonnet

2535 461 84 28 blanc
2648 464 27 25 et
2704 470 53 20 son
2802 464 154 30 devantîer
2985 468 34 27 de
3058 468 80 27 toile.
3170 468 41 27 La
3239 470 81 26 mère

2535 496 141 28 Prudhon
2689 497 144 34 sanglote,
2852 500 27 28 le
2894 503 71 32 père
2979 509 32 20 se
3024 503 71 33 jette
3109 503 71 27 dans
3196 510 46 20 ses
3252 503 69 28 bras

2535 535 28 26 et
2580 533 111 34 Benoît,
2720 535 63 26 tout
2811 536 129 35 gauche,
2965 540 64 26 tout
3056 540 191 33 embarrassé,
3272 547 33 20 es-

2535 568 98 35 quisse
2650 569 51 27 des
2717 568 93 28 saints
2828 572 30 26 et
2878 570 54 28 lui-
2946 574 71 27 tend
3033 575 27 27 la
3077 575 78 28 main
3180 582 35 20 en
3233 576 71 26 trem-

2535 605 78 28 blant
2622 605 5 28 .

2569 640 188 27 Ali'comme
2771 640 27 27 la
2823 647 92 27 soupe
2944 645 45 26 est
3017 645 110 34 bonne,
3155 653 112 22 comme
3292 646 28 28 le

2536 676 61 28 lard
2615 677 44 26 est
2672 683 169 21 savoureux
2859 676 5 35 !
2883 677 39 27 En
2936 685 41 20 un
2999 679 58 27 clin
3071 681 76 27 d'œil
3161 683 43 28 les
3219 683 89 28 assiet-

2536 712 43 26 tes
2594 713 65 25 sont
2669 711 93 31 vides.
2776 712 39 27 La
2829 712 87 35 petite
2933 712 45 27 fée
2996 717 44 24 est
3056 723 144 21 revenue.
3213 718 44 27 On
3272 725 33 20 ou-

2535 745 57 28 blie
2604 748 73 26 tout.
2695 746 60 30 Elle
2781 751 43 26 est
2845 749 35 31 là,
2897 748 54 28 elle
2968 750 91 33 parle,
3091 751 56 26 elle
3171 755 85 25 conte
3274 761 47 20 ses

2535 783 175 26 démarches
2776 784 38 27 oh
2825 783 4 37 !
2844 784 43 27 les
2902 791 174 28 paperasses
3087 783 5 37 !
3155 788 30 25 et
3193 787 40 27 les
3246 788 57 27 bon-

2535 817 45 27 tés
2594 817 38 27 du
2653 819 104 28 cousin
2771 817 123 31 Matthias
2911 821 48 34 qui
2973 821 37 27 l'a
3022 822 216 33 accompagnée
3255 829 50 27 par-

2537 855 61 25 tout
2615 854 83 34 (c'est
2715 854 24 27 si
2750 855 104 35 grand,
2863 855 84 34 Dijon
2959 854 5 40 :
2978 855 53 27 elle
3044 862 31 21 se
3084 856 89 28 serait
3184 856 135 38 perdue!)

2537 889 28 26 et
2580 895 33 20 sa
2631 888 58 35 joie
2706 892 80 27 enfin
2799 892 35 27 de
2851 892 165 28 devenir...

2572 924 45 27 On
2637 932 15 20 a
2668 926 71 27 sorti
2753 927 34 26 de
2804 927 145 27 l'armoire
2961 934 58 20 une
3030 927 139 28 bouteille
3180 930 35 27 de
3231 928 90 28 vieux

2537 966 90 26 marc,
2646 967 41 20 un
2699 960 84 28 bocal
2805 963 35 27 de
2857 964 111 27 cerises
2985 960 4 35 :
3020 964 71 28 c'est
3116 964 58 27 fête
3198 965 105 31 aujour-

2538 994 89 26 d'hui.

2551 1029 5 41 .
2572 1029 142 34 Claudine
2731 1038 31 21 se
2776 1032 65 28 lève
2856 1036 28 26 et
2896 1035 96 35 prend
3004 1042 40 21 un
3059 1035 41 28 air
3119 1035 126 28 sérieux.
3259 1033 60 30 Elle

2539 1064 52 27 lire
2602 1064 35 26 de
2654 1071 33 20 sa
2701 1068 96 32 poche
2809 1076 41 20 un
2867 1070 72 34 petit
2952 1077 139 22 morceau
3116 1072 34 27 de
3165 1070 109 37 papier,
3291 1070 31 28 et

2537 1101 26 26 le
2577 1100 70 28 tend
2659 1107 39 21 au
2712 1103 71 32 père
2800 1100 5 35 :

2620 1135 87 34 Lisez,
2720 1136 120 30 dit-elle.

2574 1170 20 28 11
2606 1172 133 35 regarde,
2750 1173 43 34 lit,
2806 1174 73 27 mais
2895 1181 47 20 ses
2959 1182 79 27 yeux
3056 1183 31 20 se
3112 1179 159 28 troublent.
3296 1176 21 31 Il

2537 1214 37 19 ne
2587 1207 58 26 voit
2662 1208 77 35 plus,
2756 1208 19 27 il
2790 1217 38 21 ne
2841 1212 161 33 comprend
3017 1212 79 34 plus.

2571 1244 99 26 —La
2685 1244 189 28 Ravaude...
2897 1246 242 27 balbutie-t-i1...
3168 1247 150 33 Qu'est-ce

2537 1285 59 27 que
2611 1279 61 26 cela
2685 1283 70 25 veut
2769 1280 60 28 dire
2837 1279 63 33 ?...

2571 1312 139 30 Claudine
2730 1317 86 33 alors,
2830 1317 77 27 riant
2922 1317 34 27 de
2974 1324 52 20 son
3039 1318 57 26 riro
3112 1318 79 33 frais,
3207 1318 91 34 empoi-

2535 1354 57 27 gne
2607 1349 35 27 de
2659 1356 47 21 ses
2722 1351 79 27 deux
2815 1351 93 28 mains
2920 1352 26 26 la
2956 1352 57 27 tête
3028 1352 125 30 blanche
3165 1354 39 28 du
3213 1352 103 38 vieux,

2536 1384 28 26 et
2580 1390 35 20 au
2629 1384 98 28 milieu
2743 1388 33 27 de
2789 1388 113 28 baisers
2915 1396 122 20 sonores
3057 1384 5 32 :

2616 1420 41 28 Eh
2670 1421 69 28 bien
2753 1423 58 34 oui,
2822 1423 27 27 la
2863 1423 152 35 Ravaude,
3030 1427 70 34 père
3110 1420 5 41 !
3126 1424 32 28 Je
3170 1424 46 28 l'ai
3231 1424 71 30 ache-

2536 1454 56 34 tée,
2623 1456 54 27 elle
2704 1460 46 26 est
2780 1461 15 26 à
2823 1467 87 22 vous.
2947 1461 77 27 C'est
3054 1468 71 21 mon
3149 1462 110 27 cadeau
3283 1462 35 27 de

2535 1495 100 22 noces.

2569 1525 44 33 Et,
2635 1527 182 31 redevenant
2844 1538 102 28 grave,
2980 1534 27 25 et
3038 1540 32 21 se
3096 1535 139 26 tournant
3255 1540 65 21 vers

2537 1559 102 28 Benoit
2650 1570 6 17 :

2623 1597 79 30 Vous
2717 1600 110 27 m'avez
2841 1600 39 27 dit
2896 1603 142 28 autrefois
3053 1597 5 35 :
3080 1615 14 14 «
3107 1605 32 27 Je
3154 1612 79 20 veux
3244 1612 76 20 vous

2535 1631 133 35 épouser.
2679 1635 54 28 »Je
2750 1643 73 20 vous
2832 1636 144 28 demande
2983 1638 17 26 à
3012 1645 71 20 mon
3096 1642 67 25 tour
3172 1638 145 34 .-«Benoît,

2535 1668 194 31 voulez-vous
2743 1671 34 27 de
2792 1670 57 27 moi
2863 1677 76 28 pour
2953 1671 109 28 femme
3074 1674 13 25 ?
3105 1683 13 13 »

2570 1703 39 27 Le
2620 1711 110 27 pauvre
2747 1714 67 28 gars
2837 1714 37 20 ne
2890 1707 136 34 répondit
3050 1709 69 33 mot,
3135 1709 72 27 mais
3220 1709 98 27 tomba

2535 1740 15 25 à
2565 1746 118 26 genoux
2709 1744 27 25 et
2752 1750 31 19 se
2796 1742 52 26 mit
2859 1743 15 25 à
2890 1742 150 34 sangloter
3057 1750 37 20 en
3122 1746 142 26 couvrant
3281 1744 35 27 de

2535 1774 111 30 baisers
2660 1776 28 27 la
2707 1778 78 28 main
2802 1778 106 35 qu'elle
2924 1778 208 30 abandonnait.

3058 1833 73 28 Paul
3148 1833 117 28 ISNARD.

1224 2773 57 31 Le
1307 2770 178 41 général
1515 2771 52 32 de
1600 2770 188 32 division
1822 2770 44 31 F.
1890 2770 53 31 de
1970 2760 221 41 NÉGRIER

2585 2470 200 44 MOTS
2817 2471 214 41 POUR
3069 2470 189 43 RIRE

2525 2572 1 37 I
2564 2576 40 24 Lo
2621 2577 133 24 médecin
2771 2580 44 22 est
2839 2580 109 30 auprès
2973 2580 35 24 de
3025 2578 146 30 Madame,
3184 2580 28 24 et
3231 2578 61 25 Mon-

2529 2607 89 32 sieur,
2634 2608 71 25 dans
2718 2609 27 25 le
2758 2609 94 31 salon,
2862 2611 98 24 attend
2968 2617 33 18 ce
3017 2610 90 32 qu'on
3119 2613 41 24 esl
3176 2617 137 20 convenu

2529 2641 146 34 d'appeler
2691 2642 18 25 1'
2725 2652 13 13 «
2756 2642 136 26 heureux
2909 2643 177 26 événement
3110 2654 25 24 »,
3161 2643 152 34 impatient

2529 2678 34 27 de
2575 2676 97 28 savoir
2685 2676 43 27 s'il
2741 2683 66 20 sera
2822 2683 109 27 garçon
2946 2685 37 19 ou
2998 2678 69 26 fille.

2565 2722 139 33 Soudain,
2721 2728 38 21 on
2777 2724 83 26 entre
2888 2724 26 26 et
2941 2728 39 21 on
3002 2722 41 27 lui
3067 2724 141 34 présente
3234 2724 79 30 deux

2530 2759 150 37 jumeaux.

2567 2805 94 34 Alors,
2678 2804 115 37 surpris
2807 2806 27 27 et
2849 2804 69 28 ému
2934 2812 6 19 :

2614 2841 94 30 Est-ce
2722 2849 76 28 pour
2813 2841 107 30 choisir
2931 2839 64 38 ?...
3017 2839 89 28 dit-il.

2568 2952 24 26 A
2608 2950 26 28 la
2647 2952 105 28 forme.

2628 2987 155 28 Comment
2815 2994 203 28 pouvez-vous
3061 2987 165 37 distinguer
3253 2991 58 26 une

2530 3021 91 33 jeune
2634 3024 89 33 poule
2738 3024 86 27 d'une
2842 3024 98 26 vieille
2950 3022 65 28 ?...

2621 3059 81 34 Mais,
2718 3066 52 28 par
2785 3060 43 26 les
2842 3059 84 27 dents
2936 3057 57 27 !...

2615 3094 80 27 Vous
2720 3096 103 27 voulez
2852 3094 57 27 rire
2928 3093 43 27 !...
2988 3092 44 30 les
3053 3096 107 33 poules
3174 3096 51 27 ont
3237 3094 73 28 donc

2529 3128 51 28 des
2595 3130 96 33 dénis,
2709 3132 15 26 à
2738 3130 180 35 présent?...

2614 3165 85 32 Elles,
2717 3174 73 24 non;
2809 3165 73 27 mais
2894 3164 66 33 moi,
2975 3163 58 34 j'en
3047 3170 26 20 ai
3086 3165 57 27 !...

2529 3476 47 84 À
2619 3476 60 84 la
2722 3472 268 109 conquête
3034 3470 69 84 de
3142 3472 165 84 Paris

2562 3653 37 27 Ils
2615 3652 110 30 étaient
2741 3650 77 32 (rois,
2837 3645 69 28 trois
2931 3645 85 34 amis,
3034 3646 70 28 trois
3129 3646 105 37 frères,
3248 3648 61 35 qui,

2528 3689 38 27 du
2581 3690 97 33 temps
2692 3689 37 26 où
2758 3686 34 26 ils
2818 3681 116 27 usaient
2960 3681 256 31 fraternellement
3230 3685 79 27 leurs

2528 3724 125 27 culottes
2674 3729 51 21 sur
2744 3722 40 26 les
2810 3718 91 27 baucs
2917 3717 71 28 d'un
3011 3719 97 28 même
3132 3718 124 35 collège,'
3272 3722 26 26 là-

2528 3761 61 32 bas,
2608 3767 58 20 non
2682 3758 58 28 loin
2754 3756 48 27 des
2820 3752 142 28 aimables
2975 3754 80 28 rives
3069 3755 34 27 de
3119 3755 28 27 la
3162 3756 145 32 Garonne,

2529 3795 132 28 s'élaient
2678 3791 135 35 engagés,
2829 3796 54 28 par
2898 3796 41 21 un
2953 3793 131 26 serment
3097 3791 143 31 solennel,
3253 3793 14 25 à
3279 3796 30 20 se

2529 3831 81 33 faire,
2628 3837 41 21 un
2685 3830 65 34 jour
2765 3827 117 32 venant,
2901 3826 27 27 la
2944 3827 100 26 courte
3064 3826 111 26 échelle
3191 3826 71 26 clans
3281 3824 28 26 la

2529 3866 149 37 grimpade
2694 3865 34 27 de
2745 3862 26 27 la
2784 3860 56 28 vie.
3188 3860 2 43 ■
3243 3860 5 43 _

2568 3904 35 26 Ils
2634 3899 115 31 avaient
2773 3904 74 27 pour
2872 3904 85 20 noms
2982 3893 155 34 respectifs
3155 3901 6 17 :
3181 3892 124 37 Cabirol,

2529 3938 174 34 Plumigeon
2715 3935 28 27 et
2759 3933 188 33 Roquentou.

2562 3972 81 28 Trois
2666 3969 144 40 gaillards,
2824 3967 53 27 liés
2894 3974 53 27 par
2960 3972 39 21 un
3021 3961 90 35 pareil
3128 3966 132 26 serment

2528 4010 27 27 et
2569 4009 39 27 du
2623 4007 69 28 Midi
2747 4012 37 20 ne
2798 4003 148 28 sauraient
2962 4004 145 27 manquer
3120 3997 100 31 d'aller
3236 4002 71 30 loin.

2563 4044 177 33 Roquenlou
2757 4037 185 31 arrondissait
2956 4041 57 20 une
3031 4032 116 37 pelote,
3163 4036 69 35 déjà
3246 4048 48 19 res-

2526 4078 143 34 pectable,
2686 4077 72 28 dans
2777 4076 27 26 la
2819 4070 141 30 mercerie
3021 4067 47 30 bis
3085 4077 38 20 en
3138 4071 124 32 bobines

2526 4115 15 26 à
2558 4113 90 27 Paris.
2828 4113 4 34 .
2940 4139 105 8 ....

2562 4148 172 33 Plumigeon
2754 4143 91 34 gérait
2869 4142 28 26 et
2916 4140 144 37 rédigeait
3077 4152 37 20 en
3130 4146 70 30 chef
3214 4148 27 28 le
3257 4149 35 28 Sé-

2525 4182 145 34 maphore
2686 4182 35 26 de
2747 4187 30 19 sa
2791 4178 65 27 ville
2882 4176 110 37 natale,
3011 4185 60 24 aux
3096 4185 151 28 mensuels
3260 4193 33 27 ap-

2525 4218 196 35 pointements
2735 4214 34 27 de
2786 4213 78 26 deux
2888 4215 83 27 cents
2992 4215 103 33 francs
3156 4228 58 20 non
3230 4228 60 21 com-

2523 4253 60 34 pris
2596 4252 26 26 le
2640 4248 98 30 casuel
2756 4248 50 26 des
2823 4248 159 32 élections.

2559 4286 96 33 Quant
2674 4285 15 25 à
2712 4283 126 37 Cabirol,
2856 4285 20 28 il
2893 4289 123 33 pouvait
3038 4299 112 28 passer,
3168 4293 34 27 do
3217 4289 92 39 prime

2524 4322 97 30 abord,
2640 4326 74 27 pour
2727 4319 26 27 le
2771 4320 97 30 moins
2890 4319 239 37 favorablement
3138 4328 118 34 partagé
3273 4328 37 26 du

2524 4355 172 27 triumvirat.
2724 4354 150 34 Demeuré
2891 4369 74 24 avec
2986 4363 175 35 Plumigeon
3176 4370 37 20 au
3227 4369 83 28 pays,

2524 4389 115 28 Cabirol
2655 4390 165 33 s'attardait
2836 4397 77 30 dans
2926 4407 40 20 un
2982 4400 107 34 emploi
3103 4398 191 27 d'admiuistra-

2523 4427 6 25 -1
2535 4427 241 32 ion—inférieur
2791 4433 17 27 à
2824 4441 53 21 son
2894 4431 115 38 mérite,
3022 4442 74 20 nous
3111 4434 198 30 l'admellrons

2523 4468 72 21 avec
2608 4462 41 28 bu
2714 4467 76 31 mais
2806 4469 18 28 il
2843 4472 70 27 était
2928 4470 229 33 fonctionnaire;
3175 4470 34 27 de
3234 4470 74 34 plus,

2524 4498 26 27 la
2563 4498 89 37 digne
2667 4501 78 31 Mme
2759 4505 117 31 Cabirol
2891 4507 99 27 l'avait
3013 4506 97 28 rendu
3131 4507 69 34 père
3215 4506 35 27 de
3266 4504 44 26 six

2523 4541 129 27 garçons
2682 4541 38 33 et,
2745 4550 115 20 comme
2888 4543 26 27 le
2941 4543 66 33 ciel,
3031 4543 104 33 dit-on,
3162 4541 79 27 bénit
3266 4538 43 25 les

2524 4572 129 35 grandes
2674 4574 136 38 familles,
2829 4579 34 27 de
2882 4586 32 20 ce
2929 4578 70 28 chef
3061 4578 84 27 sinon
3158 4577 34 25 do
3207 4572 100 30 l'autre

2569 4609 21 27 il
2608 4611 69 30 ôlait
2689 4620 35 20 en
2738 4615 77 27 droit
2828 4615 150 34 d'espérer
2989 4615 34 26 de
3038 4612 119 28 l'avenir
3165 4609 34 26 de
3211 4607 97 33 larges

2525 4648 252 33 compensations.

2563 4681 43 30 En
2627 4685 152 27 attendant
2802 4693 48 21 ces
2869 4681 182 33 réalisations
3070 4677 236 37 hypolMdiques,

2526 4717 26 27 le
2575 4720 123 34 présent
2721 4721 110 28 laissait
2854 4721 94 35 plutôt
2961 4722 15 24 à
2989 4717 110 28 désirer
3117 4714 5 43 :
3141 4714 26 28 le
3184 4714 124 35 ménage

2528 4755 180 30 connaissait
2719 4757 51 26 des
2785 4757 57 26 fins
2857 4759 34 26 de
2904 4755 73 28 mois
2991 4750 210 35 gandilleuses,
3214 4756 51 21 car
3276 4756 33 20 co

2529 4791 76 28 n'est
2626 4799 52 27 pas
2699 4791 91 35 petite
2811 4791 98 30 affaire
2927 4795 61 28 que-
2999 4787 34 27 de
3051 4787 152 34 dispenser
3216 4785 25 26 la
3257 4785 35 33 pâ-

2530 4828 64 26 ture
2610 4826 191 37 quotidienne
2816 4830 17 25 à
2849 4826 63 28 huit
2930 4822 133 28 bouches
3076 4827 132 27 voraces,
3224 4826 64 22 meu-

2529 4863 81 26 blées
2623 4870 115 19 comme
2751 4863 52 26 des
2819 4859 164 30 mâchoires
2998 4858 34 27 de
3048 4856 132 33 requins.

1363 169 197 44 Supplément
1577 169 128 38 illustré
1721 171 40 37 du
1778 172 86 35 Petit
1878 172 133 37 Journal

3122 191 94 27 351

2556 1951 247 90 Ulcères,
2829 1951 203 89 Plaies,
3060 1951 230 80 Eczéma

2687 2043 219 25 MALADIES
2923 2048 39 20 DE
2981 2048 40 20 LA
3039 2043 113 25 (PEAU

2569 2080 50 22 Les
2635 2080 94 21 ulcères
2745 2080 46 20 dits
2805 2080 148 26 incurables,
2967 2080 35 20 les
3020 2079 77 26 plaies
3110 2080 155 27 variqueuses
3274 2079 22 21 eft

2544 2106 28 20 de
2587 2107 124 19 mauvaise
2724 2108 90 22 nature,
2825 2105 122 26 l'eczéma,
2962 2106 37 20 les
3013 2105 102 26 dartres,
3130 2107 34 19 les
3182 2105 115 21 maladies

2544 2132 30 20 de
2593 2133 24 19 la
2635 2138 60 20 peau
2714 2132 37 20 les
2771 2131 54 27 plus
2843 2131 111 24 rebelles,
2970 2131 35 21 les
3032 2131 111 26 boutons,
3161 2132 83 22 l'acné,
3260 2130 37 20 les

2544 2163 124 20 rougeurs,
2682 2158 37 20 les
2733 2157 201 26 démangeaisons
2948 2157 37 20 les
2998 2157 54 26 plus
3066 2160 104 20 atroces,
3182 2156 34 20 les
3229 2153 67 20 vices

2543 2183 31 20 du
2590 2187 61 20 sang
2668 2183 126 22 invétérés,
2810 2185 24 18 et
2850 2185 53 20 tous
2920 2180 35 22 les
2970 2187 73 14 maux
3060 2180 28 20 de
3104 2180 102 26 jambes,
3217 2179 78 19 même

2543 2211 61 18 ceux
2614 2207 40 26 qui
2662 2210 41 18 ont
2712 2207 85 20 résisté
2807 2207 86 24 depuis
2902 2206 41 20 des
2952 2207 89 19 années
3048 2205 13 20 à
3071 2209 52 17 tous
3132 2204 35 20 les
3177 2204 117 22 remèdes,

2543 2236 56 18 sont
2614 2232 190 21 infailliblement
2819 2236 24 15 et
2855 2231 170 21 radicalement
3037 2230 80 26 guéris
3133 2235 28 14 en
3177 2230 118 26 quelques

2542 2258 78 28 jours,
2634 2258 77 20 même
2725 2263 28 14 en
2771 2257 145 25 travaillant,
2934 2262 44 20 par
2993 2256 21 20 le
3032 2261 109 15 nouveau
3159 2255 137 21 traitement;

2543 2283 91 24 végétal
2652 2283 28 20 du
2696 2283 103 19 Docteur
2811 2282 78 24 Wolf,
2900 2288 40 19 qui
2954 2284 38 17 est
3004 2281 91 25 envoyé
3110 2281 79 20 franco
3202 2285 58 17 avec
3273 2281 22 21 le

2544 2308 70 20 mode
2621 2308 113 27 d'emploi
2741 2314 12 14 c
2754 2309 25 12 tre
2784 2308 99 20 mandat
2889 2308 25 20 de
2921 2307 25 21 10
2950 2308 21 20 fr.
2976 2307 102 20 adressé
3084 2306 48 21 àM.
3138 2306 158 22 Passerieux.

2585 2339 22 11 ,eß
2611 2334 89 27 ,46,rue
2706 2334 44 20 des
2757 2334 103 25 Faures,
2864 2334 136 20 Bordeaux.
3006 2333 291 28 L-essaverc'estguérir.

2545 2361 77 26 Dépôt
2634 2361 14 21 à
2662 2360 80 26 Paris,
2754 2360 145 21 Pharmacie
2910 2360 100 26 Girand,
3025 2359 48 26 217,
3084 2360 56 21 Rue
3155 2361 139 26 Lalàyette.

2715 3278 156 28 ÜBlJ£©
2883 3273 184 24 TABLETTES
3081 3273 223 26 COQUELICOTS

2557 3296 317 31 JfkSMl£/£lesßlïfilKs
2885 3305 109 21 Saules
3017 3305 141 20 e/flcaces
3180 3308 81 18 contre
3281 3306 24 21 lo

2530 3333 161 21 HHUME
2699 3340 8 19 ;
2726 3334 61 21 elles
2803 3334 93 28 portent
2913 3333 80 18 toutes
3008 3331 22 20 le
3046 3337 57 15 nom
3118 3332 28 20 de
3162 3332 143 22 l'inventeur

2529 3359 67 24 dOHN
2615 3360 137 22 TAVERNIER
2759 3360 78 25 imprimé
2845 3360 44 21 dans
2898 3358 17 21 li
2924 3359 59 20 sucrs.
2993 3358 92 22 Refusez
3100 3360 30 21 tes
3144 3359 161 26 ContrtfaQont.
