3441 5027
150 228 133 28 Pendant
295 227 70 34 qu'il
381 227 111 27 achève
509 227 176 27 l'ascension
702 227 35 27 de
763 227 28 27 la
821 226 76 34 côte,

116 270 77 21 nous
208 263 141 28 mettrons
374 262 26 27 le
431 262 113 28 lecteur
572 269 37 21 au
643 263 124 26 courant
800 261 35 27 de
866 269 31 20 ce

118 300 118 34 qu'était
270 299 28 27 le
337 305 151 27 voyageur
520 299 217 34 brusquement
770 296 54 28 mis
862 304 34 21 on

117 335 89 28 scène
216 344 6 17 :

151 371 45 26 Au
209 369 157 35 physique,
378 376 41 21 un
431 373 111 31 garçon
557 367 70 28 bien
639 367 98 35 planté
755 367 34 27 de
804 365 77 38 vingt-

118 405 67 35 cinq
197 411 52 22 ans
265 411 37 21 au
315 404 78 35 plus,
409 404 72 28 dont
502 404 30 26 la
557 403 161 27 chevelure
746 403 96 27 brune
872 404 25 26 et

118 442 163 27 abondante
294 439 182 35 ombrageait
489 439 53 27 des
559 439 81 27 traits
659 438 145 34 réguliers
831 437 65 28 bien

118 476 122 30 éclairés
254 483 53 27 par
319 476 79 27 deux
412 482 79 28 yeux
509 475 56 27 vifs
581 474 161 34 empreints
752 475 35 27 de
802 475 94 27 bonne

117 513 128 28 humeur
260 514 27 26 et
300 511 35 27 de
350 509 159 30 cordialilé.
526 508 38 30 Sa
579 509 80 27 taille
673 509 103 35 souple
798 511 28 26 et
853 516 44 21 ses

118 548 146 28 membres
281 547 129 27 musclés
430 544 185 35 indiquaient
639 552 41 21 un
705 547 133 26 amateur
865 546 32 27 de

118 586 67 27 tous
201 585 41 26 les
256 589 107 28 genres
379 582 35 27 de
431 582 91 34 sport.

155 619 118 27 Comme
299 618 138 28 situation
464 618 72 27 dans
563 615 27 27 le
620 614 117 35 monde,
765 614 131 28 Edouard

119 653 174 30 Danvilliers
307 653 67 28 était
386 652 168 35 ingénieur,
572 651 72 27 sorti
659 651 34 27 de
711 660 13 14 «
739 651 135 27 Centrale
887 659 9 14 »

118 687 73 35 dans
207 691 43 26 les
263 691 74 26 bons
359 689 151 33 numéros,
539 687 158 26 inventeur
723 686 87 27 d'une
837 692 40 20 ma-

119 726 85 28 chine
221 732 74 28 pour
309 724 152 35 simplifier
485 724 27 26 la
535 722 172 28 fabrication
736 722 39 27 du
801 720 96 35 papier

120 763 35 27 de
171 762 64 27 bois
247 770 6 25 ;
269 761 90 34 enfin,
376 768 98 20 neveu
489 758 111 35 unique
617 758 35 27 do
664 757 39 27 M°
716 756 181 34 Danvilliers,

118 798 96 28 avoué
229 796 164 32 honoraire,
411 795 193 35 propriétaire
620 795 38 26 de
671 794 78 27 deux
776 793 100 27 immeu-

119 834 64 27 bles
197 840 53 21 rue
267 831 109 35 Royale
393 834 30 25 et
437 831 87 27 d'une
542 829 69 28 villa
630 836 37 20 au
683 828 129 28 Vésinet.

157 873 38 27 Le
211 872 96 28 chalet
320 882 12 13 «
348 872 57 28 Les
418 870 105 28 Ormes
541 880 14 13 »
586 868 67 28 était
678 874 59 22 une
754 868 56 27 fort
826 867 71 27 belle

118 907 161 30 habitation
295 909 15 25 à
325 906 126 37 laquelle
469 906 44 26 les
528 905 109 34 grands
657 905 100 27 arbres
788 902 50 35 qui
861 901 35 28 lui

118 945 117 27 avaient
250 943 96 28 donné
359 944 65 27 leur
439 947 69 20 nom
522 939 157 30 formaient
692 945 58 21 une
775 938 107 34 réjouis-

120 981 83 26 sante
220 978 131 28 ceinture
380 978 35 26 de
444 977 150 33 feuillage.
622 976 24 27 A
676 974 69 28 l'Est
772 973 124 28 s'élevait

119 1023 59 20 une
194 1017 125 26 terrasse
335 1013 70 27 dont
418 1012 27 27 la
459 1019 58 20 vue
530 1010 149 35 plongeait
696 1017 51 20 sur
762 1010 118 27 l'Océan
894 1010 2 35 ;

119 1051 40 27 du
176 1050 61 28 côté
255 1050 38 26 du
309 1049 107 33 Havre,
431 1055 59 21 une
508 1046 81 35 grille
607 1054 38 20 en
665 1046 46 27 fer
736 1045 94 35 forgé,
848 1052 33 20 ou-

119 1088 85 27 vrant
221 1093 51 20 sur
285 1093 40 19 un
347 1083 97 35 jardin
470 1082 194 34 d'agrément,
680 1082 119 26 donnait
817 1082 79 26 accès

119 1123 18 27 à
151 1121 28 27 la
194 1122 81 33 porte
291 1121 35 26 de
339 1121 27 26 la
383 1119 123 32 maison,
524 1126 37 19 en
578 1117 110 34 poirier
710 1116 125 35 sculpté.

156 1156 78 28 Pour
256 1156 26 27 le
302 1155 142 30 moment,
462 1155 77 26 cette
555 1153 135 28 dernière
707 1153 70 27 était
791 1150 105 37 grande

120 1193 133 27 ouverte.

156 1231 196 35 L'ingénieur,
381 1230 96 28 arrivé
508 1234 52 22 sur
585 1227 28 30 le
643 1227 84 33 seuil,
744 1233 104 30 pressa
863 1233 33 20 un

119 1267 111 28 bouton
247 1265 161 35 électrique
423 1267 27 25 et
467 1264 123 28 attendit
613 1265 90 34 qu'un
718 1263 178 34 domestique

119 1304 63 28 vint
196 1304 26 27 le
240 1303 145 27 recevoir.

156 1339 70 27 Mais
242 1345 32 21 ce
289 1338 45 27 fut
346 1344 58 21 une
418 1337 67 27 voix
509 1336 90 35 jeune
628 1337 30 26 et
685 1336 69 27 bien
782 1335 115 28 timbrée

120 1375 52 35 qui
184 1375 92 27 clama
291 1375 38 27 du
343 1374 71 27 fond
428 1374 38 27 du
483 1371 131 28 corridor
625 1371 5 39 :

207 1409 129 27 Excusez
348 1406 5 35 !
372 1408 215 27 Arrivez-douc
600 1413 54 28 par
670 1406 35 27 ici
717 1406 57 35 !...
791 1406 46 34 j'ai
854 1406 43 27 des

122 1443 159 28 confitures
296 1449 53 21 sur
364 1443 27 26 le
406 1441 103 34 feu...
528 1441 170 34 impossible
716 1441 34 26 do
777 1441 109 33 quitter

156 1482 93 37 Après
276 1488 58 21 une
366 1481 128 28 seconde
528 1480 195 33 d'hésitation,
756 1480 27 26 le
815 1480 81 34 jeune

122 1520 116 28 homme
254 1519 135 33 s'avança
403 1517 118 35 jusqu'à
539 1514 175 31 l'extrémité
745 1514 39 28 du
813 1514 71 28 corri-

123 1558 53 26 dor
191 1558 28 26 et
235 1563 31 21 se
281 1556 105 27 trouva
402 1553 107 28 devant
524 1558 59 21 une
598 1552 80 27 vaste
692 1551 113 28 cuisine
835 1551 61 27 donl

122 1592 43 28 les
180 1591 157 30 ustensiles
353 1591 33 26 de
403 1589 89 28 métal
514 1586 172 31 reluisaient
711 1594 59 20 aux
795 1594 102 28 rayons

123 1629 39 27 du
177 1628 91 34 soleil,
285 1628 156 35 pénétrant
456 1632 53 30 par
523 1631 59 21 une
600 1624 79 34 large
699 1623 78 28 baie.

157 1672 113 27 Debout
287 1671 105 27 devant
407 1670 26 27 le
448 1669 159 33 fourneau,
632 1676 59 20 une
717 1668 91 34 jeune
835 1674 46 28 per-

123 1715 92 21 sonne
230 1707 162 28 surveillait
405 1706 174 28 l'ébullilion
595 1704 87 27 d'une
706 1710 98 21 masse
833 1709 48 21 rou-

122 1750 35 30 ge
162 1743 60 28 litre
239 1743 137 27 écumant
392 1743 14 26 à
419 1741 30 30 la
463 1741 117 27 surface
596 1740 70 27 d'un
690 1740 152 27 chaudron
868 1737 28 27 de

124 1780 109 27 cuivre.

159 1824 53 28 Ses
228 1828 87 30 yeux,
333 1821 70 26 d'un
418 1819 70 28 bleu
503 1819 94 33 foncé,
614 1818 117 28 avaient
756 1824 57 20 une
836 1815 46 27 lim-

123 1858 86 35 pidité
226 1857 169 28 caressante
411 1861 69 21 sous
496 1854 26 27 le
536 1853 93 27 calme
654 1853 39 27 du
720 1852 89 27 front.
837 1852 59 26 L'oi

123 1894 86 28 bruni
224 1893 33 27 de
274 1899 47 20 ses
333 1891 137 28 cheveux
498 1887 161 35 emplissait
686 1887 35 28 de
750 1894 53 21 son
830 1894 50 27 opu-

123 1932 83 26 lence
222 1937 39 19 un
274 1929 59 27 iiiet
347 1928 35 27 de
398 1925 61 28 soie
474 1925 51 34 qui
541 1924 73 28 avait
631 1923 85 37 peine
746 1924 17 26 à
790 1923 106 27 retenir

124 1974 47 20 ses
185 1968 109 26 tresses
305 1963 117 27 lourdes
437 1969 53 20 sur
502 1968 53 20 son
572 1967 65 21 cou.
657 1959 60 28 Son
741 1967 63 26 nez,
823 1958 59 34 légè-

123 2002 116 27 rement
249 1998 99 30 relevé
364 2006 52 27 par
442 1996 26 28 le
483 1996 83 32 bout,
592 1995 120 28 donnait
737 2002 39 19 au
802 1993 94 35 visage

124 2044 58 20 une
198 2042 106 21 saveur
320 2035 33 27 de
367 2033 103 27 malice
484 2033 103 27 douce.

158 2073 64 27 Une
236 2072 71 27 robe
324 2069 97 32 claire,
435 2074 52 21 sur
501 2066 126 37 laquelle
644 2063 124 28 s'étalait
791 2072 41 20 un
861 2066 24 27 ta-

123 2107 74 28 blier
211 2107 96 33 blanc,
321 2104 141 30 dessinait
476 2109 59 22 une
550 2101 77 30 taille
640 2100 104 28 svelte.

158 2145 25 26 A
197 2143 27 27 la
242 2150 54 20 vue
313 2141 67 27 d'un
397 2140 146 34 étranger,
561 2139 26 26 la
602 2138 89 34 jeune
705 2135 58 28 fille
781 2134 103 28 s'écria
894 2134 2 40 :

214 2177 214 33 Excusez-moi,
464 2174 151 28 monsieur
634 2172 58 30 !...
730 2171 46 28 Ah
794 2170 6 27 !
833 2177 64 21 mon

124 2213 73 28 Dieu
209 2213 6 26 !
233 2212 76 28 voici
320 2212 26 27 le
363 2211 77 34 sirop
456 2211 48 34 qui
521 2211 98 26 monte
632 2210 57 26 !...

161 2250 43 27 En
216 2249 78 33 effet,
307 2249 26 26 le
345 2246 47 35 jus
405 2248 34 27 de
456 2246 151 35 groseilles
620 2252 39 20 ou
670 2244 35 28 de
716 2242 181 34 framboises,

123 2284 162 35 atteignant
309 2283 27 27 le
359 2282 81 34 point
464 2282 163 27 culminant
656 2281 35 27 de
715 2278 182 33 l'ébullition,

124 2320 79 27 allait
229 2319 144 27 déborder
403 2317 39 27 du
468 2323 70 20 vase
563 2317 28 26 et
613 2322 33 20 se
671 2315 145 34 répandre
842 2315 54 26 toul

124 2355 116 28 autour.

159 2386 204 40 L'opératrice,
398 2385 154 28 raidissant
585 2391 48 21 ses
659 2383 65 34 jolis
750 2383 69 27 bras
843 2391 53 20 aux

124 2426 141 28 manches
279 2421 184 30 retroussées
476 2419 116 35 jusqu'à
607 2419 128 28 hauteur
745 2419 38 27 du
797 2419 99 34 coude,

124 2463 76 27 avait
215 2458 98 39 grand'
328 2458 87 35 peine
430 2458 15 26 à
458 2463 120 21 remuer
593 2456 139 28 l'énorme
755 2456 142 28 machine.

126 2497 59 30 Son
197 2496 116 35 regard,
331 2494 64 28 levé
411 2500 52 21 sur
475 2493 28 27 le
516 2491 91 38 jeune
624 2492 128 31 homme,
770 2492 126 28 semblail

124 2533 168 32 l'implorer,
307 2531 119 32 lorsque
444 2529 125 32 celui-ci,
588 2536 32 19 se
641 2529 178 34 précipitant
835 2529 61 26 d'un

124 2567 86 27 bond,
229 2564 119 25 souleva
359 2563 91 25 l'anse
472 2563 39 24 du
528 2562 74 25 chau-

124 2596 73 28 dron
224 2596 37 32 et,
287 2595 216 30 délicatement,
520 2595 27 25 le
572 2600 32 19 re-

124 2640 72 28 posa
209 2636 52 22 sur
274 2628 26 28 le
318 2628 158 32 fourneau,
496 2628 17 26 à
539 2627 65 34 quel-

125 2676 58 30 que
203 2667 128 30 distance
346 2665 38 28 du
399 2663 94 35 foyer.

161 2704 103 35 Quand
279 2702 63 28 cela
353 2700 45 30 fut
413 2700 60 34 l'ait,
483 2699 43 28 les
542 2698 78 28 deux

124 2746 202 32 personnages
345 2745 37 21 en
411 2738 154 37 présence,
588 2741 32 22 se

125 2778 189 34 dévisageant
337 2781 70 21 sans
444 2774 96 34 façon,
556 2779 50 30 par-

124 2813 89 30 tirent
228 2811 151 30 ensemble
403 2811 70 28 d'un
489 2809 73 30 éclat
586 2810 34 27 de

124 2850 69 28 rire.

209 2884 77 28 C'est
304 2889 41 21 un
370 2882 59 28 bon
457 2882 85 34 génie
572 2881 51 34 qui

124 2928 74 20 vous
223 2928 17 19 a
272 2919 113 35 envoyé
426 2920 17 26 à
475 2923 70 21 mon
574 2923 32 20 se-

124 2962 98 27 cours,
243 2954 167 33 monsieur;
428 2954 28 33 je
481 2952 142 35 comptais

124 3000 53 20 sur
203 2992 43 27 les
256 2991 71 27 bras
348 2989 138 27 robustes
503 2987 34 27 de
561 2987 40 26 Ma-

124 3027 102 28 rianne
261 3032 74 28 pour
374 3024 138 28 soulever
546 3022 74 26 cetle

123 3061 154 33 masse-là,
299 3059 72 27 mais
386 3058 57 28 elle
469 3058 74 26 n'est
568 3064 53 22 pas

123 3092 165 34 rentrée...
318 3092 152 30 Vraiment
481 3092 51 33 !je
548 3098 73 21 vous

125 3133 61 28 suis
202 3131 67 28 bien
287 3129 243 30 reconnaissante
542 3126 6 26 !

209 3165 159 34 Enchanté,
389 3162 231 34 mademoiselle,

125 3204 110 28 d'avoir
261 3210 40 28 pu
337 3208 74 21 vous
449 3198 107 30 rendre
588 3206 33 20 ce

126 3242 63 25 tout
216 3241 71 33 petit
314 3235 163 32 service...
498 3234 71 28 Mais
594 3234 26 33 je

125 3275 63 28 dois
202 3282 46 20 me
275 3273 157 38 présenter
444 3280 6 26 ;
474 3270 77 28 voici
574 3276 48 21 ma

125 3312 90 33 carte,
244 3309 76 30 dit-il
360 3315 38 22 en
431 3306 123 30 tendant
581 3313 41 19 un

136 3346 99 28 bristol
249 3356 6 24 ;
301 3345 27 35 je
372 3344 102 28 venais
515 3341 105 30 rendre

124 3383 85 27 visite
235 3384 18 26 à
276 3381 40 28 M.
344 3379 122 37 Bujard.

208 3422 112 28 Mon...
353 3420 39 28 M.
423 3419 120 34 Bujard,
574 3417 33 28 ré-

124 3458 79 34 pond
216 3457 150 28 vivement
391 3456 27 26 la
432 3456 90 33 jeune
543 3454 58 27 fille
613 3463 7 22 ;

124 3489 122 32 mais...
262 3500 74 21 vous
353 3497 70 21 avez
437 3489 40 28 dû
503 3489 26 27 le
554 3495 53 20 ren-

125 3528 188 28 contrer?...

161 3565 97 26 —je
287 3562 79 26 m'en
402 3557 132 34 doutais,
581 3557 41 27 dit

126 3596 135 30 Edouard
276 3593 175 31 Danvilliers
463 3604 6 24 ;
490 3600 33 21 ce
541 3600 60 20 mon-

124 3634 90 33 sieur,
230 3632 72 30 dans
318 3639 58 20 une
402 3631 146 27 charrette
574 3635 33 21 an-

125 3671 102 34 glaise,
242 3676 71 21 avec
328 3674 59 22 line
405 3666 90 35 jeune
510 3665 93 28 demoi-

125 3705 81 34 selle,
224 3712 31 21 sa
269 3704 70 34 fille,
360 3704 28 35 je
402 3710 102 28 pense,
531 3700 77 30 conti-

124 3741 120 28 nua-t-il
270 3742 70 27 d'un
373 3739 44 28 air
463 3738 145 34 interroga-

124 3781 77 26 teur.

209 3815 54 30 Oui
278 3815 5 34 !
312 3822 80 21 sa...
424 3815 70 33 fille,
511 3815 92 34 répon-

124 3852 40 28 dit
196 3852 28 27 la
265 3850 89 35 jeune
399 3856 148 30 personne
585 3857 38 20 en

122 3887 162 37 réprimant
313 3893 41 21 un
380 3886 159 28 malicieux
555 3893 50 20 sou-

123 3924 107 28 rire...
255 3922 39 27 Ils
308 3924 66 26 sont
399 3928 37 20 en
463 3921 67 28 ville
547 3924 76 31 pouf

124 3966 58 20 une
197 3958 92 27 heure
313 3965 39 19 ou
376 3957 79 27 deux
468 3957 5 34 ;
506 3957 115 34 puis-je

123 4002 74 21 vous
210 3993 77 35 prier
302 3993 34 28 de
353 3992 44 28 les
411 3992 132 28 attendre
555 3991 13 27 ?

208 4029 98 34 Merci,
333 4028 230 34 mademoiselle,
589 4028 28 34 je

123 4065 64 28 dois
229 4064 90 37 partir
361 4065 45 26 cet
451 4063 169 37 après-midi

120 4101 96 30 même
230 4108 54 27 par
302 4101 145 33 l'express
468 4100 35 27 de
528 4098 89 27 Paris.

124 4136 180 32 Seulement,
340 4135 27 33 je
415 4141 76 20 vous
527 4133 92 27 serais

123 4172 94 34 obligé
233 4170 35 28 de
282 4169 156 34 présenter
452 4175 64 21 mes
539 4168 60 27 hom-

120 4214 102 30 mages
248 4207 15 26 à
287 4205 38 27 M.
345 4206 131 26 votre...
496 4205 27 34 je
540 4211 78 20 veux

122 4245 61 27 dire
209 4244 18 27 à
255 4240 38 30 M.
318 4239 117 34 Bujard.

207 4278 78 28 Dites
296 4276 165 28 seulement
476 4274 14 26 à
503 4273 35 28 M.
548 4280 70 21 mon

118 4316 104 27 maitre
235 4323 7 26 ;
273 4320 59 28 car,
359 4311 67 30 telle
456 4317 57 27 que
542 4317 74 20 vous

120 4358 45 20 me
209 4356 98 28 voyez,
337 4349 27 34 je
398 4346 61 30 suis
482 4346 80 27 toute
600 4346 18 26 à

122 4398 53 20 son
198 4389 123 34 service,
338 4388 125 30 termina
490 4385 27 28 la
542 4384 90 37 jeune
659 4383 59 30 fille
749 4390 35 22 en
809 4383 85 28 riant

158 4427 76 33 Puis,
252 4426 69 28 d'un
335 4427 83 33 geste
433 4422 151 37 gracieux,
604 4422 126 27 ouvrant
743 4427 58 22 une
815 4421 81 34 porte

119 4469 53 21 sur
184 4461 96 37 jardin
294 4461 129 27 donnant
439 4467 52 20 sur
507 4459 27 27 la
549 4457 149 28 vêrandah
711 4466 6 19 :

207 4498 77 27 Vous
298 4496 126 28 voudrez
439 4495 70 28 bien
537 4501 76 21 vous
637 4499 123 30 reposer
785 4499 40 20 un
854 4491 28 27 in-

119 4534 86 32 stant,
221 4532 239 28 CQiTtinua-t-elle
477 4539 35 20 en
539 4532 142 33 avançant
706 4535 41 22 un
774 4526 123 30 fauteuil

119 4569 35 28 de
170 4569 124 28 bambou
308 4569 107 27 devant
432 4574 38 20 un
488 4565 155 37 guéridon.

156 4604 40 34 Et,
213 4611 67 20 sans
295 4604 132 26 atlendre
442 4604 28 26 la
480 4604 125 33 réponse
618 4603 38 27 du
671 4603 89 34 jeune
769 4599 128 32 homme,

119 4639 56 28 elle
187 4642 100 27 rentra
300 4639 73 28 dans
386 4639 31 27 la
431 4638 124 27 cuisine.

208 4675 100 34 Quelle
347 4675 159 28 délicieuse
546 4674 135 28 créature
700 4672 5 37 !
746 4678 150 22 murmura

118 4709 143 37 Edouard,
292 4710 97 37 quelle
417 4709 97 37 grâce,
548 4710 69 35 quel
640 4708 117 31 naturel
770 4709 56 27 !...
861 4708 35 27 Ce

118 4747 74 27 n'est
208 4754 51 27 pas
274 4747 136 35 croyable
436 4747 106 34 qu'elle
572 4754 37 19 no
638 4747 56 26 soit
719 4747 110 33 qu'une
848 4743 33 27 do-

117 4782 144 35 mestique
272 4780 5 38 !
295 4782 150 33 Pourtant,
465 4781 56 28 elle
550 4788 17 21 a
591 4781 69 28 bien
689 4780 40 28 dit
742 4789 6 18 :
780 4792 13 13 «
808 4780 24 27 A
846 4786 51 20 son

118 4818 113 27 service
248 4828 64 19 »...
331 4819 41 27 En
385 4819 64 26 tout
464 4825 59 26 cas,
542 4817 56 28 elle
615 4818 45 27 est
672 4817 184 28 charmante.
887 4834 6 6 .

151 4852 26 30 Il
191 4861 38 21 en
243 4854 69 27 était
327 4854 27 28 là
366 4854 35 27 de
418 4860 33 21 sa
464 4852 144 28 réflexion
632 4852 119 34 lorsque
776 4852 27 26 la
830 4851 66 33 jolie

920 228 151 26 soubrette
1087 227 170 35 réapparut,
1273 228 104 27 tenant
1393 228 17 27 à
1423 228 28 27 la
1467 228 79 27 main
1572 235 41 21 un
1643 229 48 35 pla-

920 263 67 26 teau
1005 269 71 21 avec
1093 270 40 20 un
1149 269 84 20 verre
1251 263 34 26 de
1303 262 87 35 sirop.

1005 298 78 28 Vous
1100 306 35 20 ne
1153 298 150 27 refuserez
1318 306 53 26 pas
1400 298 35 28 de
1462 299 106 33 goûter
1598 300 15 26 à
1637 306 70 20 mon

921 332 126 37 sirop...
1067 332 141 37 puisqu'il
1222 339 76 21 vous
1313 333 59 27 doit
1384 332 28 28 la
1428 332 57 34 vie,
1513 333 194 34 ajoula-t-elie

921 367 34 28 de
972 376 32 20 ce
1019 369 106 35 regard
1139 367 94 28 mutin
1250 369 51 35 qui
1325 367 28 30 la
1377 369 115 28 rendait
1515 376 107 21 encore
1638 371 69 34 plus

920 404 167 32 gracieuse.

957 483 64 28 Une
1050 483 188 27 demi-heure
1266 483 96 34 après,
1380 483 136 28 Edouard
1532 484 175 30 Danvilliers

922 520 151 34 regagnait
1090 520 26 27 le
1129 519 109 35 Havre,
1256 519 83 35 mais,
1356 521 76 26 cette
1448 520 65 34 fois,
1528 521 163 34 singulière-

922 556 80 25 ment
1018 554 176 34 préoccupé.

1010 591 32 27 .le
1080 589 97 30 crains
1215 589 110 28 d'avoir
1361 591 123 28 commis
1522 598 41 21 un
1600 592 106 35 impair

922 627 181 27 monstre...
1122 626 25 26 si
1162 625 56 27 elle
1239 626 98 27 n'était
1363 633 53 27 pas
1444 633 33 20 ce
1504 626 107 34 qu'elle
1637 627 53 34 pré-

922 660 70 27 tend
1018 660 80 28 être:
1128 667 59 21 une
1213 660 105 35 simple
1350 661 235 35 domestique...
1618 663 71 27 N'im-

922 697 92 33 porte,
1033 697 56 26 elle
1103 697 44 26 est
1161 697 170 26 séduisante
1344 705 6 25 ;
1377 697 84 33 mais,
1487 697 158 35 peut-être,
1669 697 26 30 ai-

922 731 26 34 je
966 738 38 19 eu
1019 732 93 33 grand
1127 733 57 25 tort
1196 731 35 26 do
1248 731 72 27 faire
1336 738 33 20 ce
1382 739 57 27 que
1453 732 45 33 j'ai
1515 732 51 27 fait
1581 733 6 26 !

959 767 98 28 Grand
1074 768 71 27 Dieu
1159 767 5 34 !
1181 767 157 34 qu'avait-il
1356 768 76 27 donc
1448 768 59 33 fait,
1525 775 32 20 ce
1573 768 113 27 malheu-

922 808 76 21 reux
1012 802 90 34 jeune
1114 802 126 32 homme,
1251 808 76 27 pour
1339 809 32 20 se
1382 802 145 28 lamenter
1535 804 18 26 à
1561 810 34 21 ce
1605 802 102 37 point?

979 837 74 28 Tout
1095 836 187 35 simplement

924 873 99 33 glissé,
1041 875 87 26 avant
1143 873 35 27 de
1194 880 70 26 pren-

924 908 51 27 dre
1002 909 104 34 congé,
1133 914 40 21 un
1205 907 76 27 beau

924 944 74 27 louis
1016 944 34 27 do
1081 945 80 33 vingt
1181 943 99 28 francs

924 986 70 20 sous
1020 980 26 27 le
1070 980 117 34 plateau
1201 978 78 27 resté

926 1023 51 20 sur
992 1016 27 27 le
1037 1015 152 35 guéridon.

1098 1063 11 11 *

1087 1088 9 11 ¥
1109 1088 11 9 ¥

1011 1108 131 27 Madame
1159 1106 104 28 Danvil-

948 1150 47 21 ers
1007 1143 5 28 !
1035 1146 81 25 votre
1133 1143 142 28 neveu...

1024 1179 79 27 Dites
1137 1178 73 27 donc
1253 1176 26 28 le

925 1214 93 32 vôtre,
1033 1221 67 21 mon
1117 1213 71 27 cher
1212 1219 67 20 ami.

1024 1250 41 28 Eh
1096 1248 67 30 bien
1175 1248 6 26 !
1213 1254 69 21 mon

926 1291 106 26 neveu,
1064 1285 26 27 le
1129 1284 91 33 nôtre,
1257 1284 24 26 si

926 1328 74 20 vous
1023 1320 141 34 préférez,
1182 1320 43 26 est
1243 1325 38 20 en

926 1356 74 27 train
1012 1356 117 34 d'aigrir
1142 1362 63 20 mes
1212 1355 52 26 rhu-

927 1390 152 28 matismes
1097 1402 6 24 ;
1155 1389 110 35 figurez-

927 1434 73 20 vous
1022 1427 70 34 qu'il
1111 1427 70 27 veut
1205 1431 76 21 nous

927 1461 149 35 échapper
1095 1468 73 28 pour
1194 1460 26 27 le
1237 1460 30 27 di-

927 1505 54 20 ner
997 1499 35 26 de
1050 1498 124 28 demain.

1010 1532 57 28 Pas
1080 1532 128 37 possible
1220 1530 5 39 !
1246 1530 33 28 Et

926 1570 146 34 pourquoi
1087 1567 94 30 donc?

1006 1604 74 27 Tout
1096 1603 184 35 simplement

925 1646 87 28 parce
1024 1648 57 27 que
1097 1641 27 35 je
1140 1639 41 27 lui
1194 1637 26 30 ai
1232 1644 32 20 an-

925 1676 94 26 noncé
1042 1683 57 27 que
1122 1682 74 21 nous
1230 1681 33 20 au-

925 1710 80 28 rions
1020 1719 70 21 mon
1103 1711 56 28 ami
1174 1708 104 37 lïujard

924 1748 28 25 et
966 1754 33 19 sa
1015 1747 69 26 fille.

1010 1781 70 28 Mais
1107 1782 70 27 c'est
1202 1780 76 26 donc

922 1824 43 21 un
987 1818 74 34 parti
1075 1818 60 34 pris
1155 1822 57 28 que
1241 1814 35 27 de

922 1859 37 20 ne
990 1859 53 27 pas
1071 1852 115 28 vouloir
1215 1852 60 25 cire

922 1886 137 35 présenté
1076 1891 17 26 à
1114 1889 73 27 celle
1205 1885 58 27 déli-

924 1923 99 27 cieuse
1062 1923 100 28 enfant
1174 1920 4 31 !
1206 1920 44 28 Ah
1265 1920 4 31 !
1297 1920 22 27 si
1354 1920 165 30 seulement
1553 1922 19 28 il
1598 1923 109 27 n'avait

922 1965 51 28 pas
986 1959 130 35 manqué
1133 1965 31 20 sa
1179 1956 84 28 visite
1279 1956 39 27 du
1335 1956 97 27 Havre
1448 1956 6 26 !

1007 1994 71 28 Mais
1094 1995 19 26 il
1126 1995 35 26 Ta
1189 2000 69 26 vue,
1286 1991 25 28 le
1339 1993 197 27 malheureux
1547 1991 6 27 !
1584 2001 69 20 sans
1678 1993 30 28 la

922 2029 161 35 connaître,
1100 2036 54 30 par
1167 2027 133 34 exemple
1312 2035 7 25 ;
1346 2028 54 26 elle
1429 2027 69 27 était
1527 2034 38 20 en
1591 2029 115 27 voiture

922 2072 72 21 avec
1011 2073 52 20 son
1078 2067 70 34 père
1162 2067 27 26 et
1206 2063 19 27 il
1240 2062 44 27 les
1299 2070 15 19 a
1331 2062 110 27 croisés
1463 2069 38 21 en
1531 2063 90 28 allant
1648 2073 59 19 aux

922 2111 14 14 «
953 2100 103 28 Ormes
1072 2112 14 14 »
1101 2111 6 25 ;
1137 2100 71 28 c'est
1237 2106 60 20 une
1324 2098 96 28 bonne
1437 2099 35 27 de
1487 2099 27 27 la
1527 2099 113 28 maison
1657 2100 50 34 qui

922 2135 37 27 l'a
972 2137 144 34 prévenu.

1009 2171 32 27 Et
1057 2173 54 27 elle
1129 2178 35 21 ne
1178 2170 41 28 lui
1234 2169 71 35 plaît
1319 2169 76 35 pas?

1007 2206 45 28 Oh
1065 2204 5 39 !
1090 2215 73 28 pour
1180 2212 44 27 ça,
1240 2212 52 28 pas
1307 2205 39 28 du
1361 2206 63 26 tout
1435 2204 6 26 !

1009 2242 151 34 Pourtant,
1178 2242 155 27 Germaine
1350 2248 15 21 a
1381 2242 61 27 tout
1459 2246 76 30 pour
1548 2241 54 28 elle
1618 2250 6 19 :
1650 2242 43 27 dis-

926 2277 129 35 tinction,
1070 2280 128 34 joliesse,
1215 2276 117 28 fortune
1348 2275 56 33 !..,
1435 2276 21 27 11
1476 2276 128 28 faudrait
1631 2277 74 28 donc

925 2314 69 32 qu'il
1011 2308 87 34 aimiit
1114 2314 118 30 ailleurs
1246 2313 6 26 !

1009 2348 44 30 Hé
1064 2350 6 27 !
1091 2352 27 34 je
1135 2356 37 20 ne
1187 2347 125 35 jurerais
1338 2354 52 28 pas
1420 2347 27 28 le
1472 2347 157 35 contraire,
1657 2348 33 28 ob-

925 2392 85 21 serva
1025 2393 38 20 en
1076 2387 76 27 riant
1167 2383 35 28 M.
1221 2382 175 30 Danvilliers
1409 2393 7 25 ;
1447 2391 33 21 ce
1505 2392 112 27 pauvre
1644 2392 63 27 gai'-

924 2427 57 28 çon
1009 2427 17 20 a
1052 2421 155 33 beaucoup
1233 2419 115 37 changé
1383 2419 104 37 depuis
1520 2426 56 21 son
1605 2421 103 27 retour

925 2457 187 37 d'Amérique
1122 2467 7 25 ;
1156 2456 19 28 il
1198 2464 17 20 a
1234 2457 104 35 maigri
1355 2458 28 26 et
1397 2457 19 27 il
1433 2456 112 28 semble
1572 2457 135 34 toujours

925 2493 175 37 préoccupé.

1005 2530 74 26 Mais
1107 2529 77 27 alors
1213 2529 98 32 quelle
1348 2528 87 27 serait
1461 2529 28 25 la
1518 2526 183 28 femme?...

1728 229 79 28 main
1824 230 59 27 soir
1894 240 6 24 ;
1930 239 73 20 vous
2033 230 26 28 le
2089 233 155 27 trouverez
2259 233 154 28 sûrement
2430 236 15 26 à
2461 240 50 22 son

1728 265 115 27 bureau
1858 266 33 26 de
1909 265 135 28 l'avenue
2059 266 34 27 de
2108 267 128 33 l'Opéra.

1765 300 46 27 Au
1822 300 96 28 même
1935 301 119 34 instant,
2080 308 43 21 un
2146 301 195 35 domestique,
2359 302 152 35 pénétrant

1729 335 72 27 dans
1818 337 27 26 le
1861 337 116 27 cabinet
1990 337 34 27 de
2040 337 37 26 M.
2093 337 183 34 Danvilliers,
2294 339 93 27 tendit
2408 346 51 21 sur
2474 345 37 20 un

1728 371 118 35 plateau
1864 379 58 20 une
1938 373 78 27 carte
2031 379 76 27 pour
2122 372 142 28 Madame.

1814 406 87 28 Tiens
1915 406 5 37 !
1936 407 33 27 fit
1983 407 124 32 celle-ci,
2125 407 67 27 Mlle
2207 407 157 28 Germaine
2383 409 109 34 Bujard
2504 409 6 26 !

1767 442 78 28 Vous
1857 450 69 20 avez
1938 443 52 27 fait
2002 442 120 28 entrer?
2137 442 112 28 dit-elle
2264 450 37 20 au
2316 444 195 35 domestique.

1814 477 80 28 Dans
1907 480 26 26 le
1950 478 72 34 petit
2035 478 83 27 salon
2134 478 34 27 de
2184 477 143 28 Madame.

1817 514 61 27 Une
1906 514 84 27 visite
2016 514 35 27 de
2080 513 165 34 Germaine,
2278 514 41 27 dit
2348 517 77 26 cette
2451 515 46 28 der-

1729 548 81 33 nièrç
1827 550 15 26 à
1858 556 54 21 son
1928 549 72 30 mari
2010 548 5 33 ;
2034 549 26 32 je
2079 556 85 20 cours
2179 548 28 28 la
2222 550 145 28 recevoir.

1763 621 73 28 Bien
1851 628 38 21 en
1902 628 66 25 vue,
1978 622 17 26 à
2009 620 64 27 côié
2092 619 39 27 du
2146 618 104 35 portail
2261 619 86 30 d'une
2356 622 115 27 maison
2478 622 33 27 de

1728 657 136 28 l'avenue
1879 657 34 27 de
1936 656 124 35 l'Opéra,
2091 661 37 21 on
2151 656 32 27 lit
2199 661 50 21 ces
2265 656 123 35 simples
2405 659 78 26 mots
2506 656 5 35 :

1904 709 223 28 Constructions
2144 707 190 34 mécaniques

1812 750 144 28 EDOUARD
1976 748 263 33 DANVILLIERS,
2261 748 168 32 INGÉNIEUR

1761 801 48 28 Au
1825 798 156 30 deuxième
1997 797 83 34 étage
2112 797 65 28 sont
2202 796 43 27 les
2272 796 80 30 deux
2378 800 133 27 bureaux

2153 833 38 26 où
2203 833 169 30 travaillent
2385 836 51 27 des
2451 836 46 26 des-

2154 867 145 27 sinateurs
2314 867 5 37 ;
2362 878 37 20 au
2428 870 81 33 fond,

2154 908 39 21 un
2210 901 117 28 cabinet
2340 907 38 25 où
2401 906 26 27 le
2445 906 50 27 mai-

2157 939 40 25 ire
2212 937 35 27 de
2262 937 89 31 céans
2361 941 91 34 reçoit
2470 941 41 27 les

2157 973 115 28 clients.

2192 1016 77 28 C'est
2297 1018 28 27 là
2355 1028 58 27 que
2435 1028 74 20 nous

2156 1054 178 27 retrouvons
2373 1057 26 26 le
2421 1056 89 35 jeune

2156 1095 151 27 voyageur
2319 1093 126 27 entrevu
2461 1100 50 20 sur

2156 1123 28 27 la
2210 1124 65 26 côte
2306 1126 204 37 dlngouville,

2156 1159 43 27 les
2210 1165 78 28 yeux
2302 1160 77 30 fixés
2387 1170 52 20 sur
2451 1170 59 20 une

2157 1194 90 34 épure
2261 1196 38 25 où
2328 1204 43 20 un
2393 1198 118 28 homme

2156 1230 38 27 du
2225 1230 105 28 métier
2357 1235 137 26 reconnaî-

2156 1264 66 28 trait
2250 1265 145 33 aisément
2419 1271 92 26 toutes

2154 1300 43 27 les
2235 1302 111 33 parties
2394 1305 100 34 compli-

2156 1336 92 35 quées
2257 1336 89 31 d'une
2363 1341 146 33 machine,

2154 1371 73 28 mais
2235 1372 130 33 où,pour
2373 1375 137 34 l'instant,

2154 1407 27 27 le
2222 1409 118 27 nommé
2378 1410 133 28 Edouard

2156 1442 174 30 Danvilliers
2346 1452 38 21 ne
2399 1446 112 35 perçoit

2156 1478 107 34 qu'une
2271 1485 97 24 masse
2386 1482 124 27 confuse

2152 1514 37 28 de
2223 1514 138 30 cheveux
2405 1517 104 28 blonds

2153 1550 105 34 égarée
2297 1557 53 21 sur
2385 1560 40 20 un
2464 1552 45 28 col

2153 1586 85 27 blanc
2274 1587 28 26 et
2334 1594 59 21 une
2427 1589 80 34 paire

2153 1622 107 34 d'yeux
2276 1622 165 34 saphiriens
2458 1624 51 35 qui

2152 1657 27 27 le
2204 1657 170 35 regardent,
2395 1661 66 26 tour
2493 1661 17 26 à

2154 1691 304 38 lourmélancoliques
2471 1702 38 21 ou

2152 1728 106 28 rieurs.

2187 1772 40 27 Le
2251 1772 97 35 temps
2388 1774 47 28 n'a
2459 1774 51 28 fait

2153 1808 195 34 qu'accroître
2367 1811 128 34 l'impres-

2152 1843 65 28 sion
2245 1843 107 30 laissée
2382 1853 37 20 au
2444 1846 53 27 visi-

2151 1880 66 27 teur
2246 1878 35 28 de
2308 1879 30 28 la
2363 1881 69 27 villa
2458 1881 52 27 des

1728 1932 14 14 «
1757 1922 103 28 Ormes
1876 1931 13 14 »
1904 1928 53 28 par
1975 1919 26 28 la
2016 1918 89 35 jeune
2122 1922 149 30 personne
2301 1916 51 34 qui
2375 1916 135 37 fabrique

1728 1957 24 28 si
1767 1957 70 28 bien
1858 1956 27 28 le
1910 1956 78 34 sirop
2006 1955 34 27 de
2055 1950 148 37 groseille.

1763 1993 96 28 L'idée
1877 1989 90 31 d'être
1981 1988 105 31 envahi
2102 1994 52 28 par
2169 1993 41 20 un
2233 1993 104 21 amour
2362 1988 148 28 ancillaire

1728 2027 137 30 troublait
1891 2026 112 35 l'esprit
2034 2026 38 26 du
2102 2028 112 31 pauvre
2249 2021 167 38 ingénieur,
2450 2026 59 33 qui,

1727 2065 120 34 parfois,
1866 2061 180 37 s'emportait
2070 2059 71 28 dans
2169 2065 41 20 un
2237 2059 180 35 monologue
2441 2067 53 27 pas-

1728 2099 104 28 sionné
1845 2107 6 19 :

1815 2134 41 28 Eh
1872 2133 50 28 oui
1936 2128 5 37 !
1956 2132 137 28 servante
2106 2130 58 27 !...
2184 2128 97 27 bonne
2295 2128 5 37 !
2317 2138 58 27 que
2392 2130 97 35 sais-je
2504 2128 4 37 !

1728 2170 73 28 mais
1832 2170 67 35 plus
1930 2166 164 35 distinguée
2125 2172 57 28 que
2209 2171 32 20 sa
2270 2167 204 27 maîtresse...
2494 2167 15 26 à

1728 2215 74 26 coup
1818 2206 103 27 sûr...
1938 2205 76 27 cotte
2030 2203 107 33 longue
2154 2202 94 33 figure
2264 2202 102 32 sèche,
2387 2202 107 33 insigni-

1728 2242 97 33 fiante,
1843 2248 56 27 que
1913 2241 58 26 l'on
1985 2237 135 30 voudrait
2135 2244 46 20 me
2197 2235 123 31 faire...
2348 2238 45 27 Ah
2406 2238 6 26 !
2438 2244 72 28 pour

1728 2277 72 31 cela,
1818 2283 59 20 non
1887 2271 5 39 !
1920 2274 103 37 jamais
2043 2274 35 27 de
2094 2274 27 27 la
2137 2272 45 27 vie
2191 2272 6 27 !
2228 2271 100 30 Plutôt
2354 2275 156 26 retourner

1728 2320 37 21 en
1780 2311 159 34 Amérique
1954 2310 6 27 !

1735 2352 6 2 '
1763 2346 102 31 Tiens!
1892 2354 50 20 ma
1964 2346 80 27 tante
2060 2344 7 27 !
2094 2342 162 31 s'écria-t-il
2271 2346 65 27 tout
2349 2347 17 26 à
2381 2352 76 28 coup
2473 2350 37 21 en

1729 2385 111 27 sortant
1857 2383 34 27 de
1907 2389 53 21 son
1974 2380 80 30 rêve.

1765 2421 77 27 Mme
1856 2418 176 30 Danvilliers
2047 2415 98 30 venait
2160 2415 34 27 de
2218 2414 142 35 pénétrer
2382 2417 72 27 dans
2484 2414 26 28 le

1729 2456 126 30 cabinet.

1813 2492 32 27 Je
1860 2498 38 21 ne
1915 2496 73 24 vous
2006 2489 128 35 dérange
2150 2496 61 27 pas,
2228 2486 135 30 Edouard
2373 2487 13 27 ?

1813 2526 73 27 Mais
1906 2533 69 24 non,
2008 2526 89 27 chère
2121 2526 78 26 tante
2213 2524 56 27 !...
2289 2523 25 28 A
2341 2522 70 35 quel
2437 2522 74 28 heu-

2533 242 37 28 de
2587 242 35 27 M.
2639 242 137 28 Edouard
2791 243 177 31 Danvilliers
2994 248 17 26 à
3034 254 32 20 se
3092 248 120 26 trouver
3235 255 37 19 en
3291 255 32 22 sa

2536 278 184 34 compagnie,
2735 278 44 28 lui
2793 281 123 27 renvoie
2939 281 28 27 le
2992 282 143 28 souvenir
3158 282 67 32 qu'il
3244 283 39 28 lui
3307 293 15 20 a

2535 313 85 26 laissé
2637 320 37 20 au
2692 313 98 28 chalet
2804 314 51 27 des
2871 326 13 13 «
2901 314 106 31 Ormes
3022 327 25 24 »,
3066 326 38 19 en
3118 319 26 27 le
3170 320 94 32 priant
3287 320 35 30 de

2535 348 169 34 pardonner
2719 350 27 27 la
2759 351 200 27 modification
2973 352 34 26 de
3024 352 112 34 l'objet.
3150 364 13 14 »

2570 383 135 28 Ouvrant
2714 385 190 28 fébrilement
2919 385 112 35 l'écrin,
3046 387 180 34 l'ingénieur
3239 398 67 27 aper-

2536 420 47 31 çut
2596 426 41 19 un
2654 420 159 28 médaillon
2839 422 136 35 fabriqué
3005 429 72 21 avec
3104 430 40 20 un
3178 424 77 28 louis
3287 426 35 27 de

2533 454 83 35 vingt
2629 455 111 35 francs,
2754 457 111 34 lequel,
2884 459 115 33 ouvert,
3017 457 109 28 laissait
3150 462 172 31 apercevoir

2536 490 40 27 les
2593 489 83 28 traits
2692 491 143 34 gracieux
2858 496 30 26 et
2910 495 111 27 mutins
3051 494 59 34 qui,
3142 494 103 34 depuis
3274 496 47 27 six

2536 526 81 34 mois,
2636 526 26 27 le
2680 528 227 33 poursuivaient
2920 536 67 21 sans
3000 530 86 34 répit.

2621 561 66 27 Mlle
2705 561 112 34 Bujard
2826 561 5 39 !
2850 565 163 28 s'écria-t-il
3025 568 165 32 rayonnant
3209 573 39 21 en
3267 566 41 28 sai-

2537 596 105 28 sissant
2657 596 25 28 la
2700 598 79 27 main
2796 599 35 26 de
2844 606 33 20 sa
2891 601 93 26 tante.

2621 633 156 27 Germaine
2793 633 119 34 Bujard,
2933 635 178 30 elle-même.

2622 669 71 28 Mais
2722 669 152 37 l'autre...
2907 671 74 27 celle
3008 672 52 33 qui
3092 673 70 28 était
3191 680 72 21 avec
3294 673 26 30 le

2535 704 71 34 père
2616 704 13 27 ?

2622 739 66 28 Mlle
2705 738 123 37 Dantan,
2844 746 32 21 sa
2891 739 131 30 cousine.

2571 775 33 27 Et
2619 783 115 19 comme
2750 776 136 28 Edouard
2897 776 116 27 ouvrait
3034 776 35 28 de
3093 780 111 32 grands
3220 788 97 20 veux:

2622 810 168 35 Germaine,
2818 813 92 34 reprit
2941 811 74 28 Mme
3048 811 185 37 Danvilliers,
3261 816 59 26 m'a

2535 847 64 27 tout
2615 847 136 37 conté...
2773 848 119 34 Surpris
2906 855 53 26 par
2974 855 73 19 vous
3065 848 72 27 dans
3151 849 27 27 la
3194 849 123 34 cuisine,

2535 882 37 26 où
2590 881 54 27 elle
2667 881 94 28 faisait
2776 883 51 27 des
2842 883 170 33 confitures,
3030 882 56 30 elle
3100 892 15 20 a
3129 886 91 27 voulu
3235 886 84 34 jouer

2535 924 58 20 une
2608 918 89 34 petite
2712 918 181 34 comédie...

2569 952 135 28 Alors...
2722 960 38 20 on
2789 961 37 21 ne
2854 957 73 33 peut
2952 961 53 30 pas
3032 957 132 33 compter
3180 963 52 21 sur
3242 964 76 21 vous

2532 992 76 27 pour
2622 987 27 27 le
2663 989 84 28 dîner
2758 989 63 28 ?...

2617 1023 93 28 Chère
2725 1025 98 27 bonne
2837 1026 92 34 tante,
2947 1032 37 22 ne
3000 1026 174 28 m'accablez
3193 1033 63 28 pas,
3273 1028 31 27 ré-

2531 1057 103 33 pondit
2646 1058 188 35 l'ingénieur,
2849 1061 44 28 les
2909 1069 79 27 yeux
3002 1063 136 28 humides
3154 1063 33 27 de
3203 1063 67 33 joie.

2570 1146 39 28 Le
2624 1146 168 30 lendemain
2810 1148 69 34 soir,
2903 1149 73 28 dans
3000 1152 26 26 le
3053 1154 94 33 grand
3176 1154 83 27 salon
3282 1153 33 27 de

2535 1181 124 35 l'avoué,
2676 1189 40 20 un
2733 1183 104 34 couple
2852 1183 58 27 fort
2926 1192 60 27 peu
3004 1188 113 33 occupé
3143 1188 51 27 des
3219 1191 97 26 autres

2535 1218 106 28 invités
2668 1219 93 27 s'était
2790 1219 115 34 réfugié
2930 1220 73 27 dans
3020 1220 196 31 l'embrasure
3231 1225 84 27 d'une

2535 1252 126 28 fenêtre.

2619 1289 93 35 Ainsi,
2739 1289 84 30 disait
2845 1290 27 27 la
2898 1289 119 30 bouche
3045 1292 112 27 mutine
3183 1293 34 26 de
3246 1292 53 28 Ger-

2535 1324 106 33 maine,
2657 1331 73 20 vous
2747 1324 100 28 aimiez
2862 1325 26 26 la
2909 1324 90 35 petite
3021 1325 99 30 bonne
3144 1335 59 20 aux
3224 1328 77 28 confi-

2533 1358 81 27 tures
2627 1358 61 27 ?...
2708 1359 33 28 Et
2754 1362 17 26 à
2785 1361 122 34 présent
2919 1361 60 28 ?...

2620 1394 70 28 Plus
2707 1402 58 27 que
2780 1396 103 34 jamais
2897 1396 6 26 !
2922 1396 118 37 soupira
3053 1396 26 28 le
3093 1396 90 37 jeune
3200 1398 116 28 homme

2532 1435 37 20 on
2587 1429 154 30 adressant
2759 1433 15 26 à
2798 1440 32 20 sa
2850 1431 112 30 fiancée
2979 1440 41 21 un
3044 1434 106 34 regard
3174 1435 38 26 où
3237 1435 78 26 toute

2531 1470 54 21 son
2603 1466 64 28 âme
2682 1466 77 28 avait
2773 1468 99 34 passé.

3015 1509 92 27 Henri
3125 1509 117 27 RENOU.

1532 1795 50 32 M,
1613 1794 291 33 FORESTIER

1400 1850 234 26 Conservateur
1650 1851 41 25 du
1709 1851 77 25 Bois
1805 1850 38 26 de
1866 1848 163 31 Boulogne

906 2622 86 39 LES
1037 2621 304 40 CONCOURS
1389 2622 65 37 DE
1496 2617 171 41 PÊCHE
1717 2621 30 37 A
1792 2620 63 38 LA
1897 2619 152 38 LIGNE
2088 2629 50 24 DU
2184 2624 117 31 Petit
2335 2622 180 33 Journal

953 4381 91 28 —Mu
1058 4380 39 28 foi
1111 4380 5 38 !
1131 4380 123 35 j'ignore
1272 4381 51 35 qui
1345 4389 33 20 ce
1403 4382 71 35 peut
1504 4381 60 28 être
1576 4389 6 26 ;
1612 4381 19 27 il
1670 4388 35 20 ne

919 4417 58 30 voit
992 4423 53 30 que
1062 4423 76 21 nous
1148 4420 28 25 el
1192 4424 54 21 nos
1260 4419 139 28 relations
1411 4428 6 25 ;
1444 4417 39 28 du
1511 4419 90 33 reste,
1629 4415 20 30 il
1674 4423 31 24 se

919 4454 112 27 confine
1046 4453 71 27 dans
1133 4460 53 20 son
1201 4454 115 27 travail.
1344 4454 48 33 Or,
1422 4461 74 20 vous
1522 4461 37 20 ne
1592 4453 112 27 sauriez

920 4489 104 30 croire,
1037 4494 50 22 ma
1101 4488 98 30 bonne
1217 4489 85 35 amie,
1319 4489 136 28 combien
1468 4489 28 35 je
1513 4489 61 28 suis
1591 4491 97 26 contra-

920 4526 52 33 rié,
991 4532 45 20 car
1050 4524 110 35 Bujard
1176 4526 27 26 cl
1219 4526 67 32 moi,
1303 4533 76 20 nous
1404 4526 103 27 avions
1524 4526 69 27 bien
1609 4525 93 27 formé

920 4561 26 28 le
961 4558 94 39 projet
1070 4560 97 28 d'unir
1183 4569 50 21 ces
1250 4561 78 28 deux
1344 4561 128 28 enfants.

957 4597 38 28 Le
1011 4596 66 37 père
1095 4604 37 20 en
1148 4604 15 20 a
1179 4597 97 28 môme
1290 4597 109 28 touché
1422 4597 78 27 deux
1530 4596 76 27 mots
1635 4596 15 26 à
1674 4594 28 27 la

920 4633 98 35 petite,
1035 4632 48 34 qui
1100 4633 48 27 n'a
1161 4639 51 28 pas
1226 4633 63 28 l'air
1312 4633 34 28 de
1376 4632 59 27 dire
1463 4637 58 20 non
1533 4630 6 26 !
1566 4630 33 26 Et
1624 4630 77 26 voilà

920 4677 58 28 que
994 4676 30 21 ce
1037 4669 77 27 beau
1129 4669 167 27 ténébreux
1324 4669 50 27 fait
1396 4668 27 27 le
1448 4670 138 30 sauvage,
1605 4664 93 34 prend

920 4708 51 26 des
992 4704 106 30 allures
1122 4704 152 37 éplorées;
1303 4704 89 34 enfin,
1423 4702 20 27 il
1474 4708 38 20 ne
1539 4701 71 27 veut
1633 4698 64 33 rityi

920 4741 188 28 entendre...

956 4778 58 28 Sur
1025 4783 32 21 ce
1076 4776 87 35 sujet,
1181 4776 19 28 il
1214 4782 38 21 ne
1267 4775 144 28 m'écoute
1427 4773 92 34 guère
1528 4780 7 26 ;
1566 4776 73 21 mais
1655 4769 43 26 les

919 4813 120 28 femmes
1056 4814 50 25 ont
1119 4813 51 27 des
1186 4805 222 41 arguments...
1429 4806 167 32 Faites-moi
1623 4805 73 27 donc

918 4850 26 28 le
959 4847 96 34 plaisir
1070 4847 102 28 d'aller
1195 4847 27 27 le
1247 4847 155 27 raisonner
1415 4852 40 20 un
1468 4851 59 28 peu
1541 4841 89 28 avant
1644 4839 52 30 do-

1728 4387 76 22 reux
1820 4378 107 30 hasard
1939 4377 105 35 dois-je
2069 4384 15 20 e
2096 4376 102 35 plaisir
2213 4375 34 26 de
2263 4372 39 26 cel
2309 4371 26 26 te
2348 4369 130 35 surprise
2490 4369 12 25 ?

1728 4416 64 33 Car,
1821 4416 56 27 soit
1904 4414 39 30 dit
1975 4421 66 21 sans
2073 4410 154 37 reproche,
2255 4411 73 22 vous
2352 4410 37 20 ne
2404 4404 98 26 visitez

1726 4454 92 32 guère
1832 4459 67 20 mon
1915 4452 81 26 antre
2009 4449 6 26 !
2254 4449 5 37 ,
2421 4473 18 9 ~

1812 4488 41 27 Eh
1870 4487 67 27 hien
1950 4473 4 46 !
1983 4486 27 33 je
2035 4482 83 27 viens
2133 4483 74 31 pour
2219 4483 31 20 m
2262 4474 142 34 acquitter
2413 4473 20 28 d
2443 4481 58 21 une

1724 4522 200 32 commission,
1938 4518 118 30 d'ahord
2069 4526 6 22 ;
2093 4513 124 32 ensuite,
2230 4515 76 30 pour
2320 4514 73 21 vous
2406 4509 96 34 parler

1723 4560 34 26 de
1775 4565 32 20 ce
1821 4557 83 27 dîner
1919 4553 34 28 de
1970 4551 124 30 demain.

1806 4592 40 27 Le
1863 4590 84 28 dîner
1963 4590 27 25 et
2001 4586 28 28 la
2039 4584 202 37 présentation
2251 4579 6 28 !
2272 4579 45 30 Oh
2327 4579 5 41 !
2348 4586 48 24 ma
2411 4580 89 39 tante,

1722 4633 81 21 assez
1820 4632 52 20 sur
1885 4631 32 20 ce
1935 4623 77 33 sujet
2020 4620 6 26 !

1806 4658 63 30 Soit
1879 4658 64 26 !La
1958 4655 189 30 commission
2185 4652 125 30 voici...

1754 4697 43 26 En
1813 4695 96 28 disant
1920 4701 50 21 ces
1984 4693 86 33 mots,
2100 4691 76 28 Mme
2192 4690 177 30 Danvilliers
2393 4690 109 39 déposa

1720 4739 52 20 sur
1786 4731 27 27 le
1826 4730 113 27 bureau
1956 4736 40 20 un
2013 4729 81 27 ëcrin
2109 4728 169 28 minuscule
2300 4729 28 26 et
2354 4735 41 21 un
2420 4729 81 30 billet

1720 4767 187 34 simplement
1920 4765 69 37 plié.

1754 4802 135 30 Edouard
1904 4801 80 30 saisit
2000 4801 26 27 le
2040 4800 103 37 papier
2159 4801 28 27 et
2202 4801 61 28 lut:

1754 4850 14 14 «
1786 4840 67 28 Mlle
1873 4838 119 35 Bujard,
2015 4838 145 27 informée
2190 4838 34 27 de
2255 4838 27 27 la
2307 4837 195 37 répugnance

1311 4260 176 33 Côté
1546 4260 45 32 cl
1597 4271 35 22 o
1641 4271 35 22 s
1733 4261 380 32 Hommes

2565 1632 78 60 LE
2683 1631 234 61 BILLET
2957 1632 321 63 GAGNANT

2564 1770 150 37 Quelques
2739 1769 116 28 artistes
2878 1769 139 28 venaient
3046 1769 181 38 d'organiser
3254 1779 59 21 une

2530 1807 103 28 loterie
2659 1813 74 30 pour
2760 1806 133 27 secourir
2922 1806 26 27 la
2978 1813 98 21 veuve
3091 1811 30 25 et
3136 1807 41 28 les
3198 1807 115 28 enfants

2530 1844 70 28 d'un
2610 1843 51 28 des
2679 1843 89 33 leurs,
2783 1844 76 26 mort
2872 1841 193 30 récemment.

2567 1879 39 27 Le
2622 1878 116 35 peintre
2750 1878 133 32 Renaud,
2902 1885 37 20 ne
2953 1879 124 27 sachant
3090 1879 69 34 quel
3169 1879 40 27 lot
3224 1878 89 35 offrir,

2531 1915 78 30 avait
2623 1913 110 35 promis
2751 1913 67 27 d'un
2831 1913 52 27 ton
2898 1913 112 34 dégagé
3024 1923 6 18 :

2617 1950 65 33 Moi,
2698 1949 28 34 je
2739 1949 72 27 ferai
2828 1949 26 26 le
2869 1950 123 32 portrait
3007 1950 38 26 du
3061 1952 139 33 gagnant.

2569 1985 21 27 11
2617 1983 126 37 espérait
2770 1990 41 20 un
2830 1990 70 27 peu,
2927 1990 35 20 en
2987 1984 98 27 disant
3109 1988 72 31 cela,
3209 1994 57 28 que
3287 1984 26 30 la

2531 2021 102 27 loterie
2648 2017 187 31 n'aboutirait
2848 2026 64 28 pas.
2929 2019 43 27 En
2987 2021 64 27 tout
3065 2028 59 27 cas,
3137 2022 21 26 il
3172 2022 69 27 n'en
3250 2022 47 34 pré-

2531 2056 98 35 voyait
2643 2055 27 27 le
2687 2055 91 33 tirage
2793 2061 57 27 que
2867 2055 72 26 dans
2954 2061 41 20 un
3013 2056 103 28 avenir
3137 2066 9 18 A
3156 2063 85 28 ague,
3257 2057 56 26 fort

2532 2092 125 34 éloigné,
2676 2092 28 27 et
2719 2091 111 27 bientôt
2846 2089 19 27 il
2881 2092 48 34 n'y
2944 2098 90 28 pensa
3052 2093 77 33 plus.

2567 2127 74 27 Tout
2667 2126 98 27 arrive
2783 2126 5 35 :
2813 2126 27 27 le
2862 2126 67 33 jour
2953 2127 40 26 du
3020 2127 91 34 tirage
3137 2128 60 26 vint
3224 2127 86 32 enfin,

2531 2171 70 21 sans
2623 2170 58 27 que
2702 2161 136 33 Renaud,
2856 2161 51 34 qui
2922 2163 78 27 avait
3015 2163 97 27 oublié
3137 2169 52 20 son
3210 2161 69 34 don,
3295 2169 18 27 y

2530 2198 124 34 songeât
2666 2198 26 27 le
2708 2198 96 27 moins
2820 2198 38 26 du
2874 2198 119 26 monde.

2567 2235 48 33 Or,
2635 2241 56 28 par
2705 2238 41 22 un
2760 2232 48 27 bel
2830 2231 175 34 après-midi
3034 2231 34 26 de
3098 2230 174 37 printemps,
3293 2232 20 27 il

2529 2270 156 27 travaillait
2713 2268 241 34 tranquillement
2981 2267 71 27 dans
3073 2272 52 20 son
3148 2268 103 28 atelier
3279 2268 34 28 de

2530 2306 202 31 Montmartre,
2759 2303 71 27 clair
2854 2303 30 26 et
2903 2302 79 32 frais,
2999 2302 38 27 où
3052 2301 27 27 le
3096 2302 83 27 soleil
3194 2303 34 27 de
3244 2303 67 35 mai,

2530 2342 118 26 entrant
2659 2340 137 34 gannent,
2813 2336 120 27 donnait
2947 2342 59 21 une
3019 2335 143 34 jeunesse
3176 2340 137 27 nouvelle

2531 2383 58 20 aux
2606 2376 84 27 toiles
2702 2373 176 28 accrochées
2903 2378 41 21 un
2969 2378 60 28 peu
3045 2374 125 33 partout.
3189 2374 124 28 Renaud

2530 2420 32 20 se
2576 2409 165 31 demandait
2757 2409 24 27 si
2793 2414 52 21 son
2871 2407 116 27 tableau
3004 2407 38 26 du
3060 2407 90 27 Salon
3175 2409 87 28 serait
3278 2409 35 30 de

2530 2450 98 31 vente-,
2646 2453 74 28 pour
2735 2444 138 33 l'instant,
2890 2450 53 21 son
2961 2443 91 34 esprit
3065 2443 180 37 s'inquiétait
3255 2446 58 27 fort

2532 2485 17 27 à
2563 2490 33 21 ce
2611 2483 89 34 sujet.
2717 2480 54 28 Les
2787 2479 115 28 affaires
2920 2479 118 28 allaient
3064 2479 73 34 mal;
3167 2479 132 38 l'acquisi-

2532 2520 60 27 tion
2608 2518 70 28 d'un
2693 2518 81 27 billet
2791 2517 33 27 de
2839 2515 80 30 mille
2936 2515 99 30 francs
3058 2515 159 38 s'imposait
3240 2525 73 27 pour

2815 2554 142 27 remettre
2985 2551 145 34 d'aplomb
3162 2561 52 19 son
3241 2554 54 27 bud-

2816 2587 44 30 get
2880 2587 129 30 quelque
3028 2593 60 25 peu
3104 2588 208 31 déséquilibré.

2849 2616 85 26 Deux
2948 2624 37 18 ou
3004 2619 70 25 trois
3089 2624 92 28 coups
3194 2621 119 34 frappés

2813 2648 244 37 énergiquement
3072 2653 72 26 dans
3169 2660 31 21 sa
3215 2659 96 30 porle.

2846 2688 38 28 Le
2902 2691 96 34 temps
3014 2691 34 27 de
3061 2698 107 28 songer
3188 2688 4 38 :

2896 2726 77 27 ('/est
2993 2733 59 21 une
3070 2730 185 30 commande!

2832 2760 46 28 •El
2894 2759 79 31 deux
2989 2763 104 30 dames
3109 2766 154 30 entraient.

2848 2797 70 27 Très
2930 2798 71 33 vite,
3020 2798 126 31 Renaud
3163 2810 91 27 pensa
3268 2811 6 19 :

2913 2832 54 28 Des
2993 2832 124 31 clientes
3132 2832 5 41 !
3155 2837 67 34 Déjà
3237 2845 76 28 pour

2813 2877 70 21 mon
2897 2870 126 34 tableau,
3041 2870 148 35 peut-être
3201 2872 13 26 ?

2850 2913 63 30 Une
2928 2913 60 28 très
3011 2919 102 30 grosse
3133 2911 93 34 dame,
3244 2920 52 21 san-

2815 2948 65 33 glée
2907 2948 73 28 dans
2995 2955 41 22 un
3052 2955 120 28 corsage
3195 2948 33 28 de
3248 2948 50 28 fou-

2815 2983 71 31 lard,
2893 2986 28 26 et
2949 2986 167 34 paraissant
3144 2986 165 34 essoufflée,

2816 3019 83 27 disait
2915 3026 35 20 en
2972 3022 77 26 mots
3066 3022 110 34 coupés
3191 3019 5 38 :

2898 3053 119 30 Comme
3035 3064 34 26 ça,
3086 3059 123 33 grimpe,
3228 3066 64 19 mon-

2817 3090 86 33 sieur,
2922 3097 76 27 pour
3013 3085 115 34 arriver
3137 3093 71 30 chez
3222 3092 87 30 vous!

2901 3124 40 28 En
2952 3124 80 33 effet,
3052 3129 144 32 madame,
3222 3131 73 26 Mont-

2816 3163 106 26 martre
2934 3161 45 26 n'a
2993 3167 53 26 pas
3060 3163 66 26 volé
3143 3170 53 20 son
3209 3171 102 20 nom...

2817 3196 70 27 Mais
2902 3197 17 25 à
2933 3195 48 34 qui
3004 3194 69 35 ni-je
3100 3194 207 35 l'honneur...

2850 3230 177 27 —-Madame
3051 3229 149 35 Limay...
3231 3235 30 26 et
3280 3242 32 19 sa

2815 3268 129 27 nièce...
2966 3265 39 27 Ce
3020 3272 71 21 nom
3111 3273 37 21 ne
3170 3274 76 20 vous
3272 3269 40 27 dit

2815 3305 73 30 rien,
2902 3300 171 28 monsieur?

2897 3337 122 34 Jusqu'à
3031 3338 122 34 présent
3163 3346 70 27 non,
3249 3347 43 20 ma-

2815 3373 91 28 dame.

2900 3406 79 27 Voici
2998 3406 5 39 :
3026 3409 31 34 je
3072 3410 61 27 suis
3154 3411 157 34 gagnante,

2816 3450 69 22 avec
2900 3443 25 26 le
2941 3444 126 27 numéro
3083 3448 63 31 367,
3163 3448 17 25 à
3190 3446 30 27 la
3234 3448 59 26 lote-

2815 3481 41 27 rie
2884 3475 155 37 organisée
3069 3485 37 19 en
3132 3481 106 27 faveur
3257 3483 51 26 des

2817 3514 146 35 orphelins
2980 3513 38 27 du
3033 3511 116 35 peintre
3164 3511 73 38 X...

2850 3548 59 30 Elle
2924 3547 120 34 dépliait
3059 3555 39 19 un
3117 3549 103 34 papier
3236 3547 5 37 :

2909 3582 38 27 Le
2974 3583 124 28 numéro
3138 3587 50 26 367
3214 3587 97 27 donne

2815 3620 72 28 droit
2902 3625 38 21 au
2961 3620 124 33 portrait
3115 3620 40 30 du
3183 3624 130 35 gagnant

2812 3663 53 28 par
2880 3653 37 28 M.
2934 3654 131 31 Renaud.

2846 3691 126 27 Renaud
2993 3692 131 35 éprouva
3141 3693 15 27 à
3170 3700 59 28 peu
3244 3693 67 37 près

2812 3726 28 27 la
2863 3726 98 30 même
2987 3730 151 27 sensation
3164 3737 58 26 que
3248 3737 50 20 res-

2813 3764 67 26 sent,
2894 3763 76 28 celui
3000 3771 52 21 sur
3077 3764 27 27 le
3124 3764 66 34 pied
3204 3765 35 27 de
3261 3763 50 34 qui

2813 3800 57 27 Ton
2884 3801 120 27 marche
3015 3800 4 28 :
3030 3806 58 21 une
3104 3800 124 27 douleur
3241 3800 70 26 faite

2815 3836 115 25 surtout
2944 3835 35 26 de
2987 3835 131 33 surprise
3126 3836 28 24 et
3161 3835 33 25 de
3202 3834 105 27 colère.

2851 3870 19 26 il
2888 3878 30 19 se
2934 3869 32 26 fil
2976 3868 105 33 glacial
3098 3878 6 17 :

2900 3905 32 27 Et
2942 3902 128 34 laquelle
3090 3902 34 25 do
3141 3908 74 21 vous
3229 3902 80 28 deux

2812 3940 81 27 vient
2920 3937 145 30 réclamer
3085 3943 54 19 son
3161 3939 150 32 portrait?

2813 3972 201 33 demanda-t-il
3039 3977 35 20 en
3099 3973 158 33 regardant
3283 3974 28 28 la

2812 4011 89 37 jeune
2928 4007 69 31 fille,
3020 4005 174 32 charmante
3230 4011 69 30 d'ail-

2812 4049 90 28 leurs,
2922 4043 50 34 qui
2993 4041 111 30 n'avait
3124 4051 109 25 encore
3248 4049 65 27 rien

2812 4083 50 27 dit.

2894 4114 228 32 Comment?...
3142 4116 73 32 Mais
3241 4120 69 35 moi,

2809 4149 165 31 monsieur!

2845 4187 76 26 Mme
2950 4187 104 39 Limay
3091 4191 27 30 le
3148 4192 165 37 foudroyait

2809 4220 40 31 du
2862 4225 118 34 regard.

2826 4259 5 39 _
2845 4259 97 37 Après
2981 4263 83 30 avoir
3105 4264 126 28 cherché
3268 4270 43 22 un

2810 4293 81 38 siège
2909 4298 90 35 qu'on
3025 4307 38 21 ne
3078 4299 41 28 lui
3138 4299 96 28 offrait
3247 4305 61 28 pas,

2811 4332 57 30 elle
2884 4343 32 20 se
2929 4336 90 27 laissa
3032 4336 125 31 tomber,
3176 4336 38 27 du
3228 4333 81 35 poids

2524 4369 33 27 de
2569 4375 47 20 ses
2630 4370 315 39 quatre-vingt-douze
2959 4376 222 34 kilogrammes,
3190 4381 51 21 sur
3255 4380 54 22 une

2524 4403 97 27 chaise
2635 4403 113 38 légère,
2766 4416 38 21 an
2826 4411 96 34 grand
2942 4411 84 28 effroi
3052 4410 35 27 de
3111 4409 124 28 Renaud
3262 4409 47 34 qui

2522 4446 93 28 pensa,
2635 4442 64 28 voir
2714 4443 177 32 s'effondrer
2906 4455 34 19 ce
2955 4446 120 28 meuble
3091 4446 116 28 délicat.

2559 4474 38 30 Le
2614 4478 117 34 peintre
2746 4488 38 22 ne
2798 4482 148 37 marquait
2961 4488 98 21 aucun
3073 4481 216 27 enthousiasme
3300 4486 6 18 :

2608 4514 74 28 C'est
2700 4524 107 30 que....
2824 4519 83 34 dit-il,
2922 4517 28 35 je
2967 4517 54 28 fais
3038 4519 118 26 surtout
3178 4518 43 26 les
3241 4520 51 28 por-

2523 4548 84 28 traits
2622 4551 35 28 de
2670 4551 110 35 jeunes
2800 4553 85 35 filles,
2902 4556 28 27 et
2944 4553 22 27 si
2983 4559 76 21 vous
3085 4552 117 27 vouliez*
3222 4547 86 28 céder

2523 4586 84 28 votre
2620 4587 86 35 place
2721 4591 17 27 à
2752 4589 273 30 mademoiselle...

2558 4620 78 31 Mme
2653 4624 102 35 Limay
2770 4628 86 35 parut,
2871 4624 130 28 offensée
3020 4632 6 18 :

2610 4658 72 32 Mais
2706 4669 60 21 non
2769 4652 5 43 -
2773 4669 7 7 *
2804 4661 163 34 monsieur,
2992 4659 41 34 j'y
3053 4657 76 26 tiens
3142 4661 77 30 pour
3233 4654 57 28 moi
3300 4652 6 27 !

2523 4695 46 28 Ma
2588 4696 207 35 physionomie
2811 4704 15 20 a
2843 4696 38 28 du
2902 4694 158 33 caractère,
3079 4697 38 21 on
3131 4697 47 21 me
3196 4690 38 30 l'a
3248 4693 46 26 tou-

2523 4731 83 34 jours
2619 4734 54 33 dit;
2691 4740 74 21 vous
2778 4733 182 35 apprendrez
2980 4730 15 25 à
3022 4734 47 21 me
3096 4728 159 27 connaître.
3276 4726 33 28 Je

2524 4768 61 27 suis
2598 4768 17 27 à
2630 4768 27 27 la
2672 4768 54 28 fois
2743 4768 63 33 gaie
2824 4768 27 26 et
2863 4762 216 35 mélancolique
3087 4762 43 39 ...

2622 4804 57 28 Les
2707 4802 150 30 extrêmes
2885 4807 30 20 se
2941 4799 156 33 touchent,
3125 4796 185 37 interrompit

2524 4839 126 30 Renaud
2666 4845 37 21 en
2717 4838 169 31 s'efforçant
2898 4837 15 26 à
2926 4834 107 34 garder
3050 4840 54 21 son
3119 4833 129 28 sérieux.

3141 182 102 30 ■353

1370 164 206 46 Supplément
1593 167 125 37 illustré
1734 167 44 37 du
1796 168 89 37 Petit
1899 167 132 39 Journal
