3461 5046
259 226 91 27 Vaille
365 231 56 26 que
433 222 94 34 vaille,
547 223 61 27 tout
625 221 34 28 de
674 221 107 35 même,
801 228 38 20 011
854 220 86 28 vivait
951 229 6 24 ;
979 220 27 26 la

222 261 105 30 nichée
344 257 129 35 poussait
489 260 35 31 et,
541 265 58 21 aux
613 257 110 27 heures
739 257 34 26 de
789 256 91 27 crises
895 255 93 34 budgé-

222 296 100 33 taires,
344 296 117 33 lorsque
483 295 26 27 la
534 295 79 26 mère
639 301 32 19 se
697 292 161 31 lamentait,
873 292 27 26 le
925 292 79 33 père,

227 333 145 27 heureuse
400 332 115 32 nature,
535 328 124 33 clamait,
679 327 35 27 de
744 334 53 20 son
824 326 50 28 bel
899 332 109 28 organe

226 376 115 26 sonore,
358 374 71 20 avec
444 373 40 20 un
502 364 96 34 ample
619 364 80 34 geste
717 361 35 27 de
776 361 209 28 moissonneur
1002 361 5 40 :

314 403 56 28 Eh!
392 403 84 32 donc,
495 400 132 27 madame
654 397 124 34 Gabirol,
796 394 151 38 patience!
976 402 33 20 ce

226 441 74 26 n'est
326 439 26 27 là
365 438 92 34 qu'un
483 433 132 30 moment
630 432 190 34 désagréable
852 433 15 26 à
894 437 112 30 passer,

224 477 97 25 toutes
337 472 105 28 choses
457 471 105 27 auront
581 468 66 28 leur
664 470 94 32 temps
769 464 5 38 ;
801 467 86 27 laisse
912 464 83 28 seule-

226 511 81 27 ment
321 509 66 28 finir
403 514 47 20 ses
465 506 102 27 études
581 506 17 26 à
613 506 83 26 notre
711 502 109 35 coquin
835 502 34 27 de
886 498 123 30 Marius!

263 548 118 33 Marius,
397 544 94 30 c'était
503 544 84 27 l'aîné
600 544 51 27 des
669 543 45 27 six
730 548 136 30 garçons,
878 546 43 21 un
933 537 78 33 sujet

228 580 317 39 exceptionnellement
563 580 76 27 doué
664 579 48 34 qui
729 583 73 21 vous
824 574 96 30 raflait
944 574 67 25 tous

228 621 44 26 les
287 618 123 28 lauriers
425 617 34 27 de
476 622 52 21 son
544 615 123 33 collège,
685 615 46 32 où,
750 619 76 28 pour
840 609 41 26 lui
898 608 113 27 obtenir

228 661 59 20 une
298 654 117 33 bourse,
424 653 41 27 les
475 652 164 27 influences
646 650 34 27 de
692 647 176 34 Plumigeon
880 651 13 20 s
905 644 107 26 étaient

230 690 138 28 exercées
384 689 213 28 efficacement.

263 733 50 34 Or,
328 735 83 27 notre
428 732 107 34 coquin
550 731 34 27 de
598 728 110 30 Marius
719 724 102 30 venait
834 723 33 27 de
886 722 107 35 conqué-

228 771 50 28 rir,
293 771 70 26 hcivit
385 769 27 27 la,
433 767 87 32 main,
536 767 97 26 toutes
658 762 105 28 boules
785 758 152 33 blanches,
958 764 53 21 son

228 806 126 35 diplôme
367 806 34 26 de
417 802 157 33 bachelier,
594 802 27 25 et
637 798 28 27 la
679 795 137 37 question
833 801 30 20 se
878 793 92 35 posait

229 849 32 20 se
276 840 93 33 posait
390 839 94 27 même
503 844 71 20 avec
589 842 41 20 un
648 834 60 26 très
728 830 171 34 particulier
915 837 80 20 carac-

228 878 63 26 tère
307 876 155 33 d'urgence
526 870 152 30 d'utiliser,
698 874 34 19 au
749 872 99 20 mieux
863 865 50 27 des
934 866 61 26 inté-

228 911 60 30 rêts
305 912 34 27 de
356 918 52 20 son
422 908 110 32 avenir,
548 913 33 20 ce
596 904 143 35 précieux
755 901 181 34 parchemin.

267 1013 99 28 C'était
391 1012 27 26 le
446 1015 59 22 cas,
522 1013 37 20 ou
587 1004 111 37 Jamais,
731 1003 33 28 de
794 1004 132 28 recourir
952 1011 59 20 aux

229 1050 74 28 bons
317 1046 102 28 offices
432 1044 35 27 de
482 1043 187 34 Iïoquentou.

268 1081 130 35 Rappelé
420 1081 17 26 à
462 1078 207 27 l'observation
700 1076 34 28 de
770 1082 53 21 son
867 1076 141 32 serment,

231 1119 22 27 fi
260 1117 148 34 oquentou
417 1114 132 37 répondit
565 1121 35 21 en
620 1111 157 30 s'offrantà
791 1110 130 35 prendre
940 1110 70 27 chez

230 1154 43 28 lui
285 1152 106 30 Marius
407 1163 13 13 «
437 1159 37 20 au
489 1152 64 34 pair
569 1161 25 22 »,
607 1156 67 21 sans
691 1148 77 34 plus.

267 1191 46 26 Au
333 1196 71 26 reçu
426 1188 34 27 de
483 1188 76 26 celte
581 1183 193 35 proposition,
796 1180 113 28 Cabirol
931 1186 60 21 com-

229 1233 103 27 mença
343 1232 52 28 par
407 1222 120 28 exhaler
536 1221 52 27 des
596 1218 215 35 rugissements
822 1222 35 20 en
869 1217 142 26 secouant

230 1270 32 20 sa
278 1261 124 28 crinière
418 1260 34 27 de
481 1258 58 26 lion
607 1256 69 33 ni-jo
700 1253 39 27 dit
764 1259 39 28 qu
815 1251 19 27 il
863 1251 148 35 possédait

229 1305 60 21 une
306 1296 124 30 crinière
445 1294 35 26 de
496 1291 79 30 lion?
875 1291 5 37 .

319 1328 214 39 Capédédious!
553 1328 89 26 est-ce
658 1324 71 35 qu'il
749 1331 30 20 se
796 1322 98 28 fichait
909 1322 34 27 de
965 1329 45 20 ma

229 1368 78 34 fiole,
325 1364 195 38 Roquentou?
873 1364 4 38 .

266 1403 102 33 Quelle
391 1397 177 31 dérision!...
589 1393 126 32 Marius!
741 1398 53 21 son
808 1391 123 27 Marius!
959 1400 52 20 son

229 1439 150 26 bachelier
394 1436 34 26 de
450 1431 124 30 Marius!
601 1429 120 35 balayer
738 1428 44 27 les
808 1427 74 27 sales
906 1427 105 28 locaux

233 1475 34 26 de
283 1479 34 21 ce
332 1470 137 27 méchant
485 1466 72 37 petit
572 1463 169 35 boutiquier
757 1463 34 27 de
815 1462 197 34 Roquentou?

281 1506 58 30 Ah!
358 1513 69 25 non,
442 1511 54 30 par
510 1499 149 38 exemple!
679 1501 27 27 et
726 1500 58 27 l'on
802 1498 78 28 allait
895 1501 25 25 te
939 1506 73 21 vous

233 1543 41 30 lui
287 1543 144 34 répondre
448 1541 34 27 de
495 1539 27 28 la
535 1539 98 27 bonne
647 1543 98 27 encre,
764 1534 142 28 milodiou
915 1534 5 43 !

269 1578 56 30 Par
346 1578 143 30 bonheur,
506 1576 76 28 Mme
599 1573 113 28 Cabirol
741 1573 47 26 sut
815 1576 123 21 amener
960 1576 53 20 son

234 1615 174 34 susceptible
423 1615 97 33 époux
534 1613 14 26 à
566 1617 57 21 une
639 1609 66 35 plus
720 1607 78 34 juste
813 1605 202 35 appréciation

234 1651 34 28 de
283 1651 28 28 la
326 1649 145 30 situation.
841 1649 2 31 ■

266 1687 125 28 Dûment
418 1683 130 35 chapitré
566 1688 53 28 par
643 1682 76 26 celte
746 1680 109 26 femme
891 1676 35 28 de
957 1676 58 27 bon

231 1730 78 25 sens,
325 1720 112 30 Cabirol
454 1719 102 28 écrivit
568 1719 17 26 à
601 1717 177 33 Roquentou
807 1720 74 28 pour
915 1711 26 28 le
966 1719 32 20 re-

230 1757 125 28 mercier
371 1757 33 26 de
419 1763 53 19 son
489 1754 71 27 offre
574 1752 176 33 obligeante,
765 1750 28 27 et
809 1749 40 27 lui
865 1755 151 20 annoncer

231 1792 132 30 l'arrivée
378 1789 158 35 prochaine
550 1788 35 27 de
601 1794 53 20 son
670 1785 159 32 bachelier,
837 1783 66 34 puis
918 1783 19 26 il
953 1785 61 26 s'en

233 1828 44 27 fut
294 1837 13 13 «
324 1830 81 31 taper
422 1835 12 13 »
449 1822 73 28 l'ami
539 1822 183 33 Plumigcon,
737 1827 38 21 en
797 1826 32 21 sa
844 1819 109 34 qualité
979 1819 34 27 de

231 1861 182 37 journaliste,
431 1860 85 28 d'une
533 1865 87 28 passe
634 1864 38 20 ou
698 1856 110 35 permis
834 1856 33 26 de
898 1854 118 28 chemin

234 1900 35 27 de
285 1898 44 28 fer
391 1897 34 27 de
441 1894 144 38 première
601 1893 103 34 classe,
724 1899 22 20 s.
759 1898 27 19 v.
802 1898 27 27 p.
850 1891 4 41 !
931 1892 83 26 entre

233 1937 96 32 temps
376 1933 27 27 la
444 1933 78 26 mère
561 1929 126 31 Dressait
724 1928 213 33 l'équipement
976 1928 37 26 du

233 1976 158 30 voyageur,
464 1967 76 32 bref,
565 1967 59 27 àla
639 1965 40 26 fin
710 1964 38 26 du
770 1962 84 34 mois,
882 1963 81 26 toute
989 1962 26 27 la

235 2006 117 33 famille,
365 2006 59 26 très
436 2004 69 27 fiôre
519 2003 34 27 de
569 2002 27 27 le
613 2000 63 28 voir
689 1998 115 27 monter
819 2004 35 21 en
867 1997 148 34 première

235 2042 113 30 classe,
383 2041 53 32 put
476 2037 139 27 conduire
650 2037 15 25 à
698 2035 26 27 la
764 2040 71 28 gare
865 2033 28 27 le
925 2031 90 35 jeune

235 2091 13 9 »
265 2074 206 35 conquistador
484 2083 25 15 ».
585 2072 39 26 Le
637 2072 61 26 mot
711 2069 67 27 était
795 2069 38 27 du
848 2069 81 34 père,
946 2069 70 27 dont

234 2112 27 28 le
274 2109 91 30 verbe
380 2108 116 27 sonnait
508 2106 229 28 naturellement
751 2111 38 20 en
804 2104 125 27 fanfare.
959 2104 39 27 Eh
1009 2104 4 37 !

234 2148 85 33 donc,
334 2147 96 27 est-ce
445 2150 57 28 que
519 2143 27 27 le
561 2141 72 34 petit
646 2143 37 24 rie
698 2139 115 35 prenait
823 2146 51 27 pas
889 2146 31 20 sa
932 2140 83 27 volée

234 2191 73 30 pour
322 2183 28 27 la
365 2179 145 37 conquête
527 2178 34 27 de
579 2174 130 46 Paris...
724 2181 38 20 en
776 2174 151 27 attendant
943 2176 73 27 celle

235 2220 39 27 du
288 2218 116 33 monde,
420 2216 50 37 qui
485 2213 124 39 sait?...

270 2255 43 27 En
327 2254 41 27 lui
384 2254 129 26 donnant
528 2246 157 32 l'accolade
697 2246 52 27 des
759 2246 116 33 adieux,
891 2246 120 33 Cabirol,

235 2290 71 28 chez
320 2289 59 35 qui,
391 2290 84 33 après
491 2285 81 30 avoir
586 2284 59 28 tâté
661 2283 43 27 les
718 2281 145 35 coussins,
881 2282 133 35 l'orgueil

235 2326 27 27 le
275 2324 137 35 disputait
424 2331 17 20 a
456 2321 157 33 l'émotion,
630 2319 41 28 lui
685 2319 90 35 glissa
787 2319 73 27 dans
874 2319 26 26 le
922 2326 91 19 creux

235 2361 37 28 de
292 2361 27 27 la
341 2360 87 33 main,
446 2366 37 21 en
506 2357 128 27 manière
651 2355 34 28 de
703 2355 138 33 viatique,
856 2361 59 20 une
932 2353 81 35 pièce

235 2398 35 27 de
287 2396 139 34 quarante
450 2401 78 26 sous,
547 2394 27 26 et
591 2398 117 21 maman
724 2391 113 28 Cabirol
859 2389 40 27 lui
914 2389 102 27 fourra

235 2440 70 20 sous
333 2431 9 27 l
353 2430 113 30 aisselle
494 2437 41 19 un
562 2428 112 33 paquet
703 2425 197 33 accompagné
927 2425 86 26 d'une

235 2466 150 28 bouteille.
671 2466 5 32 .

326 2500 96 30 Tiens,
437 2496 120 32 dit-elle,
578 2502 30 26 je
630 2494 48 25 t'ai
704 2499 56 19 mis
781 2491 157 26 ta-dedans
959 2499 57 18 une

235 2536 99 28 bonne
350 2532 120 28 (ranclie
488 2530 34 28 de
533 2528 69 38 pâté
618 2528 15 27 à
647 2524 67 35 l'ail,
733 2526 83 27 entre
833 2524 77 30 deux
925 2525 91 28 belles

235 2572 135 33 tartines;
393 2576 70 22 avec
484 2568 77 28 celte
581 2564 104 28 iiloche
700 2564 34 28 do

235 2608 111 33 clairet,
369 2608 32 26 tu
423 2613 35 20 ne
481 2607 28 25 te
526 2603 136 28 laisseras
683 2608 52 27 pas

235 2643 111 30 mourir
356 2649 35 21 en
402 2642 94 32 roule,
510 2646 70 20 111011
587 2636 106 35 coquin
704 2636 28 26 !..

272 2679 170 31 Là-dessus,
471 2674 188 28 embrassade
686 2673 33 33 gé-

235 2714 111 32 nérale,
370 2719 74 27 coup
474 2711 35 27 de
536 2709 87 26 sifflet
644 2708 34 27 de
707 2707 28 26 la

236 2748 182 33 locomotive,
448 2748 27 26 et
501 2745 77 30 voilà
606 2744 27 28 le
659 2743 78 27 train

236 2783 124 37 parti...

274 2820 85 27 Noire
383 2818 106 28 Marius
504 2815 109 31 roulait
633 2815 104 31 depuis

236 2863 41 20 un
288 2856 71 28 bout
372 2855 34 27 de
417 2856 97 30 temps
528 2851 76 32 déjà,
617 2849 120 31 lorsque

235 2893 45 26 les
304 2889 204 30 tiraillements
529 2885 37 26 de
587 2889 53 21 son
664 2882 59 27 esto-

236 2931 67 20 mac
318 2926 41 25 lui
380 2921 142 27 remirent
546 2926 35 20 en
596 2916 141 28 souvenir

237 2960 44 27 les
296 2957 122 27 tartines
433 2956 35 27 de
483 2955 27 27 la
526 2960 126 22 maman.
665 2952 72 30 Mais

239 3000 125 26 comme,
386 2991 43 27 les
457 2992 85 35 ayant
562 2991 157 34 soigneuse-

239 3031 81 27 ment
328 3028 207 33 dépaquetées,
543 3026 113 28 flairées
665 3031 72 21 avec

239 3071 59 22 une
321 3063 156 28 sensualité
494 3061 182 38 gourmande

237 3099 74 30 hon!
335 3098 163 30 l'affriolant
515 3097 118 37 parfum
650 3094 74 34 d'épi-

237 3144 50 21 ces
318 3138 28 26 et
365 3135 66 30 d'ail
455 3135 50 37 qui
527 3130 155 32 s'exhalait
700 3129 37 28 de

236 3180 34 22 ce
295 3171 115 30 hachis!
476 3172 19 26 il
509 3167 169 37 s'apprêtait
689 3167 15 26 à
719 3172 19 26 y

235 3211 116 33 planter
380 3216 47 20 ses
459 3207 85 28 dents
575 3203 99 27 avides
702 3201 37 26 de

236 3246 90 33 jeune
352 3244 69 33 loup
506 3247 78 26 crac,
613 3239 26 27 le
665 3239 74 25 train

237 3280 129 31 s'arrêta,
383 3281 27 22 et
426 3278 27 26 la
468 3278 129 40 portière
617 3270 124 32 s'ouvrit

237 3321 76 27 pour
339 3313 113 26 donner
480 3318 124 28 passage
633 3311 17 26 à
679 3314 59 20 une

237 3348 169 27 charmante
439 3347 89 34 petite
568 3343 170 31 demoiselle

239 3381 215 35 accompagnée
487 3381 69 27 d'un
587 3379 152 28 monsieur

239 3419 50 35 ijui
305 3418 94 28 devait
413 3417 60 28 être
490 3424 53 20 son
562 3423 86 28 papa.

274 3455 39 30 Le
328 3454 152 30 monsieur
496 3452 70 28 était
581 3449 106 31 décoré
702 3449 35 28 de

235 3493 28 28 la
279 3493 117 33 rosette,
415 3491 27 27 la
456 3488 91 38 petite
567 3485 170 30 demoiselle

235 3529 87 27 vêtue
346 3534 70 21 avec
439 3534 57 21 une
514 3524 139 34 élégance
679 3521 39 28 im-

235 3565 222 33 pressionnante
526 3562 84 28 notre
626 3557 111 30 Marins

237 3599 96 32 rougit
359 3599 58 26 très
451 3598 67 33 fort,
553 3595 184 37 prestement

239 3632 97 26 écarta
364 3633 34 25 de
418 3639 47 20 ses
493 3639 119 27 genoux
633 3639 52 20 sur
706 3630 31 27 la

237 3667 158 34 banquette
404 3666 44 27 les
456 3669 164 33 provisions
627 3669 90 26 mater-

239 3702 93 27 nelles
360 3703 28 25 et
417 3702 157 34 s'employa
605 3704 34 27 de
678 3709 56 22 son

237 3737 102 27 mieux
367 3743 76 27 pour
470 3736 78 27 aider
580 3745 48 20 ces
652 3738 80 28 deux

236 3777 202 32 personnages
449 3771 71 27 dans
537 3771 81 28 leurs
635 3772 97 28 divers

236 3807 253 35 aménagements.

274 3842 150 34 C'étaient,
454 3848 48 21 ma
521 3841 47 34 foi,
594 3842 50 28 des
659 3852 72 27 gens

235 3883 60 26 très
324 3881 78 32 bien,
420 3879 26 26 et
464 3879 83 25 notre
566 3878 109 31 Marius
699 3888 32 19 se

235 3918 90 28 sentit
346 3913 252 30 immédiatement
611 3915 123 33 conquis

235 3961 53 27 par
299 3951 158 31 l'affabilité
464 3950 80 28 toute
556 3948 90 27 ronde
660 3956 72 20 avec

235 3990 125 34 laquelle
374 3989 35 27 ils
430 3989 27 27 le
471 3983 214 32 remercièrent
698 3984 34 26 do

236 4033 47 20 ses
295 4025 77 27 bons
385 4024 112 28 offices.
509 4020 81 33 Puis,
599 4019 27 27 la
633 4018 100 28 fillette

235 4059 84 28 sortit
343 4061 69 27 d'un
436 4059 104 34 panier
568 4064 40 21 un
630 4061 105 22 amour

237 4095 34 27 de
299 4096 119 28 caniche
437 4096 65 27 noir
514 4095 50 37 qui
578 4090 156 39 répondait

239 4136 35 19 au
299 4139 67 19 nom
391 4131 35 27 do
450 4131 60 35 Tip,
526 4131 27 27 le
580 4128 154 30 monsieur

239 4170 31 19 se
289 4167 152 27 retrancha
467 4167 128 27 derrière
617 4172 39 21 un
680 4165 35 27 im-

237 4204 102 21 mense
351 4200 112 33 journal
470 4204 25 26 el
509 4202 26 27 le
553 4202 73 27 train
639 4201 92 35 reprit

239 4240 32 20 sa
281 4233 106 27 vitesse
402 4235 119 30 d'enfer.

274 4267 46 28 Un
347 4269 107 28 silence
487 4273 91 34 régna
611 4273 120 28 d'abord

236 4306 73 27 dans
332 4303 26 27 le
378 4310 104 27 wagon
554 4310 174 33 cependant,

235 4338 149 33 toutefois,
392 4339 203 33 queMariuset
606 4344 123 34 lapetito

236 4377 178 35 demoiselle,
431 4378 51 33 qui
496 4385 32 20 se
548 4380 175 39 trouvaient,
741 4384 63 28 faut
824 4384 103 34 croire,
944 4390 45 21 mu-

236 4414 168 27 tuellement
422 4413 34 28 de
468 4413 66 28 leur
548 4416 78 33 goût,
643 4424 30 20 se
689 4421 187 34 reluquaient
891 4420 38 27 du
945 4419 64 28 coin

235 4452 37 26 de
296 4449 76 31 l'œil,
386 4455 71 22 avec
483 4449 26 27 la
539 4449 76 27 mine
632 4452 67 27 d'un
724 4456 136 34 compère
881 4456 27 26 et
921 4455 86 28 d'une

235 4485 146 31 commère
398 4485 48 33 qui
470 4486 151 27 n'eussent
639 4486 81 33 point
744 4491 45 26 été
808 4491 100 27 fâchés
928 4491 65 34 d'ap-

233 4519 154 41 profondir
410 4519 26 26 la
463 4520 222 28 connaissance.
711 4522 53 27 Les
789 4526 157 32 gambades
970 4527 35 27 du

231 4557 122 33 caniche
365 4554 66 28 noir
445 4561 31 20 se
490 4556 175 33 chargèrent
679 4557 35 27 de
737 4565 116 28 rompre
876 4560 28 27 la
926 4561 81 33 glace

231 4598 28 26 et
272 4603 33 21 ce
318 4594 54 30 fut,
390 4590 102 33 tantôt,
507 4597 40 20 un
562 4591 131 34 échange
716 4592 125 35 bruyant
856 4594 34 26 de
907 4596 85 28 bavar-

230 4633 89 33 dages
333 4632 30 26 et
378 4629 33 28 de
430 4626 84 33 rires,
531 4626 72 27 ainsi
617 4628 71 33 qu'il
709 4629 73 26 n'est
795 4635 57 27 que
874 4632 65 32 trop
956 4639 35 19 na-

228 4661 84 34 turel'
322 4668 81 26 entre
418 4665 79 27 deux
524 4661 104 28 braves
646 4662 117 30 enfants
776 4663 34 28 de
839 4664 26 27 la
886 4664 122 35 joyeuse

230 4702 162 34 Gascogne.

319 4737 57 27 Ah!
391 4744 69 21 mon
472 4733 141 35 Dieu!...
634 4741 80 21 —ce
731 4734 53 33 fut,
802 4734 132 34 soudain,
950 4743 58 20 une

228 4772 194 30 exclamation
445 4773 135 37 tragique
647 4772 76 26 cette
748 4770 106 26 vilaine
881 4770 65 26 bête
972 4772 34 26 de

228 4808 50 34 Tip
292 4809 48 34 qui
356 4809 79 27 vient
450 4809 33 28 de
500 4813 124 30 manger
637 4807 83 27 votre
731 4804 204 32 sandwich!...

261 4844 229 31 Effectivement,
508 4845 104 28 maître
628 4841 50 33 Tip
699 4841 136 28 achevait
854 4841 154 27 innocem-

1026 219 91 33 ment,
1135 226 34 20 en
1187 226 30 20 se
1233 217 196 35 pourléchant
1441 217 43 27 les
1499 216 133 34 babines,
1644 215 34 27 de
1689 214 124 28 dévorer

1029 255 25 26 le
1068 253 103 28 hachis
1186 254 34 27 de
1238 254 26 26 la
1279 260 117 20 maman
1413 252 125 28 Cabirol.

1065 289 117 33 Marius,
1200 288 187 28 dissimulant
1448 287 67 27 bien
1530 286 65 34 qu'à
1612 283 201 35 grand'peine,

1031 330 224 21 convenons-en
1324 330 59 20 une
1409 322 138 33 grimace,
1572 322 58 31 sut,
1657 326 37 21 en
1716 318 100 37 galant

1030 359 128 33 homme,
1175 366 38 20 ne
1235 359 65 27 rien
1322 364 141 27 marquer

1031 394 34 26 de
1097 400 52 20 son
1180 394 87 33 dépit,
1306 392 20 27 il
1355 399 109 28 poussa

1031 428 94 27 même
1141 428 27 27 la
1189 428 89 28 bonté
1294 428 93 28 d'âme
1403 428 45 32 jus-

1031 463 67 34 qu'à
1121 470 126 21 excuser
1272 463 26 27 le
1329 462 132 34 caniche,

1032 506 57 26 que
1120 506 30 20 sa
1178 498 154 27 maîtresse
1361 504 80 20 mena-

1032 531 57 34 çait
1116 533 86 28 d'une
1233 531 175 30 correction.

1122 568 115 28 Laissez
1259 569 85 31 donc,
1365 567 79 27 made-

1032 604 142 33 moiselle,
1192 604 19 26 il
1239 604 64 26 faut
1316 604 70 26 bien
1406 609 57 27 que

1033 639 113 27 chacun
1161 639 65 28 vive
1239 638 4 30 !
1261 638 102 30 C'était
1378 639 17 26 à
1406 638 57 26 moi

1033 676 38 26 de
1089 674 198 27 survciller
1303 681 71 20 mes
1396 673 79 27 vie-,

1033 709 113 28 luailles
1163 712 28 25 et
1213 710 33 27 de
1267 717 37 20 ne
1325 716 52 27 pas
1397 710 50 25 ten-

1033 746 44 26 ter
1093 752 32 20 ce
1142 745 135 27 chien...

1069 790 14 13 «
1106 780 252 31 Heureusement,
1389 785 57 27 pen-

1032 816 97 33 sa-t-il,
1148 824 57 26 que
1230 819 31 25 tu
1280 823 32 20 as
1331 815 28 27 la
1381 815 83 34 pièce

1032 852 39 26 du
1080 852 84 32 père;
1176 854 32 25 tu
1221 859 37 20 en
1276 857 80 20 seras
1372 850 91 33 quille

1032 893 76 28 pour
1128 894 97 20 serrer
1248 887 70 27 d'un
1344 892 70 21 cran
1437 885 27 27 la

1032 922 105 26 boucle
1162 922 139 34 jusqu'au
1323 921 142 35 prochain

1032 957 107 28 buffet!
1163 969 13 13 »

1070 996 86 31 Hélas
1167 996 5 38 !
1187 998 137 27 l'homme
1337 1004 129 30 propose

1033 1033 28 26 et
1070 1033 28 26 la
1109 1032 125 28 Fortune
1245 1033 116 34 dispose
1370 1032 5 35 !
1387 1032 80 27 Voilà

1050 1068 89 34 qu'au
1168 1069 143 35 prochain
1344 1068 103 33 buffet,

1032 1111 123 27 comme,
1169 1106 70 26 d'un
1246 1106 85 33 geste
1345 1104 104 34 deprin-

1032 1146 44 26 ce,
1094 1141 81 26 noire
1187 1141 109 26 Marius
1307 1139 159 35 allongeait

1031 1182 32 20 sa
1085 1174 132 30 fameuse
1239 1176 85 33 pièce
1343 1183 35 19 au
1398 1182 51 27 gar-

1032 1217 56 26 çon
1109 1209 33 27 de
1166 1213 46 25 cet
1233 1211 231 33 établissement,

1033 1252 37 21 on
1088 1244 152 38 désignant
1257 1247 72 27 dans
1351 1246 27 27 la
1402 1253 50 20 cor-

1032 1280 86 27 beille
1141 1289 41 21 un
1205 1281 67 35 pain
1289 1284 18 25 à
1322 1281 27 27 la
1363 1281 104 28 croûte

1032 1316 98 34 dorée,
1150 1317 99 28 fourré
1276 1318 86 27 d'une
1380 1317 71 35 appé-

1032 1352 122 27 tissante
1187 1354 119 27 tranche
1335 1354 35 27 de
1396 1361 53 27 jam-

1032 1389 70 31 bon,
1120 1388 85 34 voilà,
1220 1389 94 34 dis-je,
1329 1396 67 28 que,
1411 1396 57 28 par

1033 1429 58 21 une
1120 1424 177 27 maladresse
1326 1426 124 27 inconce-

1033 1457 96 33 vable,
1147 1459 27 28 la
1183 1460 83 35 pièce
1278 1460 41 27 lui
1335 1461 133 34 échappa

1035 1494 53 27 des
1107 1495 103 34 mains,
1227 1496 84 26 roula
1335 1496 39 26 du
1400 1496 67 33 quai

1036 1535 69 20 sous
1133 1530 27 27 le
1188 1532 115 31 convoi,
1337 1533 27 25 et
1391 1532 76 27 voilà

1037 1571 65 28 que,
1117 1566 96 28 tandis
1226 1574 58 27 que
1296 1567 27 27 le
1342 1574 107 27 person-

1037 1600 46 26 nel
1100 1607 30 20 se
1148 1602 163 35 précipitait
1336 1604 17 25 à
1371 1603 33 26 la
1420 1610 32 20 re-

1037 1636 124 28 cherche
1170 1638 35 27 de
1213 1638 143 34 l'objet—
1368 1638 99 26 tu-ut!

1093 1670 28 28 la
1152 1680 89 21 corne
1272 1674 130 27 enrouée
1428 1672 39 28 du

1036 1706 67 30 chef
1116 1707 34 28 de
1173 1709 76 27 train
1267 1710 99 26 donna
1383 1709 26 27 le
1424 1710 28 26 si-

1036 1743 77 34 gnal,
1128 1744 28 26 et
1172 1748 57 31 que
1244 1744 28 27 la
1286 1744 181 27 locomotive

1036 1779 90 34 reprit
1148 1786 32 22 sa
1202 1787 105 20 course
1330 1781 136 34 enragée,

1036 1821 67 21 sans
1120 1821 28 21 se
1163 1817 117 26 soucier
1294 1815 67 34 plus
1389 1817 35 26 de
1441 1817 27 26 là

1035 1850 81 35 pièce
1133 1851 38 27 du
1187 1853 71 33 père
1276 1858 58 28 que
1350 1851 39 28 du
1417 1851 51 35 joli

1033 1886 69 35 pain
1128 1885 102 30 fourré
1248 1887 8 26 1

1069 1925 59 28 Ah!
1154 1928 19 26 il
1187 1935 19 27 y
1221 1933 18 21 a
1263 1928 51 27 des
1337 1928 131 27 minutes

1037 1962 111 28 amères
1179 1963 73 27 dans
1280 1963 28 27 la
1335 1963 48 27 vie
1394 1962 5 28 !
1424 1962 43 28 Le

1037 1998 78 27 front
1134 1998 33 27 do
1192 2001 85 25 notre
1304 1998 109 27 Marius
1435 2006 32 20 se

1036 2033 113 28 couvrit
1167 2034 71 27 d'un
1265 2041 106 27 nuage.
1394 2033 56 28 Tou-

1036 2068 94 33 tefois,
1148 2069 17 26 à
1179 2069 28 27 la
1226 2070 143 26 réflexion
1378 2078 14 18 ::

1072 2115 12 12 «
1102 2104 73 27 Bah!
1201 2112 32 20 se
1252 2104 215 34 raisonna-t-il,

1036 2140 27 27 la
1076 2139 76 28 belle
1168 2140 98 27 affaire
1277 2140 44 28 l'tii
1337 2147 130 21 serreras

1036 2176 34 27 de
1095 2176 76 26 deux
1200 2183 86 20 crans
1311 2176 27 26 la
1357 2176 111 28 'boucle

1036 2211 117 35 jusqu'à
1187 2211 26 27 la
1250 2211 133 34 capitale,
1415 2210 51 28 ëh!

1037 2246 84 33 donc,
1139 2248 28 25 et
1186 2248 31 25 lu
1233 2248 26 25 le
1270 2249 194 32 rattraperas,

1036 2290 32 20 ce
1091 2281 67 35 soir,
1189 2283 70 26 chez
1284 2284 51 25 ton
1361 2284 105 33 patron

1036 2319 191 33 Roquentou!

1070 2352 79 35 Puis,
1167 2360 69 21 sans
1257 2354 77 34 pins,
1351 2360 115 21 comme

1036 2389 116 33 devant,
1172 2389 27 26 la
1224 2389 207 27 conversation
1449 2387 105 34 reprit,
1577 2388 76 25 cette
1671 2385 56 26 fois
1748 2391 69 20 sans

1035 2424 206 33 interruption,
1266 2422 117 33 jusqmà
1400 2422 35 26 la
1452 2428 76 26 gare
1554 2421 35 26 de
1613 2420 148 30 Chartres,
1779 2419 38 25 où

1037 2466 40 19 un
1090 2464 151 26 voyageur
1253 2456 110 26 s'avisa
1375 2456 34 26 de
1422 2457 117 25 monter
1552 2454 72 27 dans
1641 2453 159 33 le'compar-

1038 2493 98 25 timent
1146 2493 5 25 ■

1076 2524 78 30 Vous
1180 2530 106 30 pensez
1311 2523 26 30 si
1358 2523 63 30 l'on
1441 2523 124 38 regarda
1579 2523 35 30 do
1643 2524 112 27 travers
1772 2522 46 28 cet

1833 213 27 28 le
1873 213 84 35 point
1970 213 35 27 de
2022 213 104 33 savoir,
2140 219 37 20 en
2191 211 120 35 pareille
2326 210 132 35 matière,
2472 211 69 34 quel
2557 211 65 27 était

1835 249 26 27 le
1879 248 74 28 droit
1969 248 34 27 de
2021 248 128 26 chacun.

1872 298 39 5 •
1926 282 70 28 Mon
2021 282 85 34 droit,
2124 281 64 28 finit
2209 289 53 27 par
2277 280 138 28 trancher
2431 280 116 28 l'intrus
2571 288 51 20 sur

1837 325 43 21 un
1893 320 51 26 ton
1968 318 191 34 d'arrogance
2185 318 178 34 hargneuse,
2381 317 44 26 est
2439 317 35 26 de
2490 317 132 34 disposer

2185 352 34 27 de
2237 353 76 27 cette
2329 351 83 34 glace
2433 358 112 20 comme
2562 351 60 27 bon

2185 394 46 20 me
2256 386 123 32 semble,
2396 386 126 34 puisque
2550 386 58 34 j'oc-

2185 429 77 27 cupe
2293 422 26 27 la
2344 420 83 33 place
2453 422 14 26 à
2492 422 64 26 côté
2567 420 5 35 ;
2602 422 17 26 il

2185 465 46 19 me
2255 457 80 35 plaît,
2372 456 15 26 à
2417 455 69 34 moi,
2515 456 106 35 qu'elle

2185 494 78 26 reste
2281 493 132 32 ouverte,
2434 493 26 26 et
2485 491 56 27 elle
2557 500 48 20 res-

2185 529 64 26 tera
2264 527 132 32 ouverte,
2414 526 91 27 voilà!

2269 562 78 27 Dans
2360 567 32 21 ce
2406 568 58 27 cas,
2481 561 141 28 intervint

2186 605 71 20 avec
2269 596 187 34 impétuosité
2466 599 84 25 notre
2564 598 39 27 Ma-

2185 634 72 33 rius,
2274 633 59 34 qui,
2352 631 104 34 depuis
2479 632 25 27 le
2530 632 92 28 début

2185 670 37 26 de
2244 670 27 26 la
2294 666 142 37 querelle,
2452 669 170 27 n'attendait

2186 711 58 28 que
2265 702 159 30 l'occasion
2441 703 35 27 do
2493 710 31 20 se
2546 703 76 35 jeter

2185 741 74 26 dans
2288 739 28 27 la
2343 737 104 34 mêlée,
2474 741 148 33 occupant

2185 782 60 21 une
2267 774 83 35 place
2368 772 180 28 mêmement
2563 781 57 30 que

2185 817 86 26 vous,
2287 811 17 26 à
2317 808 64 28 côté
2399 808 34 27 de
2452 809 27 27 la
2493 810 93 33 glace,
2602 810 19 26 il

2185 853 47 21 me
2250 846 81 34 plaît,
2349 846 17 26 à
2381 843 67 34 moi,
2467 852 57 26 que
2545 846 74 27 cette

2185 882 84 34 glace
2296 888 32 20 se
2353 879 104 33 terme,
2486 881 28 27 et
2543 881 27 33 je
2594 881 27 27 la

2204 918 104 32 ferme,
2339 913 146 30 voilà!...
2526 917 61 26 Clic-

2186 953 130 26 clac!...
2352 950 54 33 Qui
2434 950 59 27 m'a
2523 951 96 28 donné

2185 996 41 20 un
2257 987 124 27 malotru
2412 985 34 27 de
2472 989 76 26 cette
2572 994 32 20 es-

2186 1025 83 35 pèce,
2288 1023 34 27 de
2346 1020 73 27 faire
2440 1022 81 32 geler
2544 1024 74 26 cette

2220 1058 89 35 petite
2341 1055 237 31 demoiselle?...

2200 1094 142 28 Hein!...
2376 1090 146 34 Qu'est-ce
2554 1100 58 28 que

2186 1139 74 19 vous
2276 1126 129 32 dites?...
2433 1126 56 28 Pas
2504 1135 40 20 un
2559 1130 63 26 mot

2186 1167 35 26 de
2236 1166 77 34 plus,
2330 1161 51 30 hé!
2400 1168 38 20 ou
2459 1162 26 34 je
2502 1165 27 26 le
2546 1172 74 19 vous

2185 1201 119 34 flanque
2315 1205 53 28 par
2383 1198 27 26 la
2426 1198 137 39 portière,
2582 1199 39 27 foi

2187 1238 35 26 de
2237 1235 111 28 Marius
2365 1231 178 33 Cabirol!...

2222 1272 89 28 Notre
2328 1270 116 26 homme
2460 1270 74 26 toisa
2559 1270 40 26 Ma-

2184 1309 74 32 rius,
2276 1305 50 35 qui
2342 1303 38 28 lui
2394 1305 96 33 parut,
2509 1312 46 19 ma
2569 1305 48 33 foi,

2186 1345 35 26 de
2237 1342 78 28 taille
2331 1341 28 26 el
2374 1338 33 27 de
2420 1339 78 27 mine
2519 1341 17 26 à
2550 1341 53 26 exé-

2186 1381 84 26 cuter
2300 1383 31 21 sa
2350 1380 133 30 menace,
2511 1375 109 28 haussa

2185 1415 45 27 les
2252 1410 122 38 épaules
2400 1411 37 38 el_
2451 1417 31 21 se
2502 1411 54 27 tint
2576 1413 43 26 coi

2186 1448 118 37 jusqu'à
2336 1444 168 34 Versailles,
2538 1448 38 26 où
2602 1447 18 27 il

2186 1479 90 41 'jugea
2290 1485 17 26 à
2322 1487 106 30 propos
2443 1481 33 27 de
2491 1482 131 34 changer

2186 1522 37 27 de
2244 1515 234 38 compartiment.

2224 1557 80 32 Mais,
2320 1552 87 27 avant
2425 1552 34 27 de
2473 1553 109 34 quitter
2594 1552 27 27 le

2186 1586 198 37 marchepied,
2400 1586 19 26 il
2432 1589 190 34 goguenarde

2186 1635 71 21 avec
2272 1632 41 21 un
2323 1622 135 30 mauvais
2474 1623 113 28 sourire
2614 1622 4 34 :

2269 1659 59 30 Ah!
2343 1664 70 21 mon
2425 1659 71 33 polit
2511 1659 109 27 Marius

2187 1697 124 33 Cabirol,
2335 1696 31 25 tu
2386 1695 27 25 te
2433 1696 130 33 permets
2584 1695 34 27 de

2185 1739 143 24 menacer
2344 1731 51 25 ton
2420 1733 104 31 patron
2542 1730 34 28 de
2591 1730 27 28 le

2185 1772 136 32 flanquer
2340 1770 56 30 par
2422 1765 26 26 la
2469 1765 151 35 portière?

2186 1806 43 28 Eh
2244 1802 83 31 bien!
2342 1799 190 38 maintenant,
2550 1802 53 27 cha-

2186 1850 58 19 cun
2276 1845 54 22 son
2360 1838 76 32 tour,
2461 1838 71 27 c'est
2562 1838 57 27 moi

2186 1877 51 35 qui
2263 1878 26 24 te
2308 1873 118 32 flanque
2444 1873 15 26 à
2478 1872 27 28 la
2523 1876 93 33 porte,

2186 1913 40 27 loi
2243 1907 161 35 d'Agésilas
2420 1907 176 35 lîoquentou
2613 1907 4 35 !

2277 1941 124 33 Hein-!...
2420 1942 200 37 lîoquentou?

2185 1982 78 28 l'ami
2291 1981 35 27 de
2356 1985 69 20 mon
2440 1980 138 33 père?...

2276 2020 41 27 De
2342 2020 51 25 ton
2414 2020 79 34 père,
2511 2021 93 34 parfai-

2185 2057 124 31 tement,
2331 2059 69 21 mon
2417 2054 93 35 drôle;
2532 2059 31 25 tu
2581 2056 39 27 lui

2185 2095 80 26 feras
2294 2096 64 20 mes
2387 2091 112 30 amitiés
2516 2099 37 20 au
2572 2099 33 20 re-

2185 2132 67 25 tour
2262 2127 20 30 !.
2295 2127 5 30 -
2313 2145 6 6 •

2222 2163 178 39 Roquentou
2420 2164 91 30 s'était
2526 2167 93 34 perdu

2187 2205 73 26 dans
2270 2203 27 26 la
2308 2197 90 33 foule,
2407 2198 119 31 laissant
2537 2203 84 26 notre

2186 2244 113 30 pauvre
2329 2235 210 39 conquistador
2567 2239 41 25 ter-

2186 2274 92 32 rassé,
2304 2277 38 20 en
2362 2268 78 35 dépit
2460 2272 34 27 de
2519 2280 31 20 sa
2574 2280 33 20 su-

2185 2309 94 37 perbe
2287 2304 194 41 philosophie,
2485 2310 105 33 parcet
2594 2310 26 26 te

2185 2344 141 34 suprême
2341 2339 161 32 infortune.

1924 2382 47 27 Eh
1987 2381 90 27 bien!
2102 2388 32 19 se
2157 2374 211 33 marmottait-il
2385 2376 15 25 à
2414 2376 161 34 lui-même,
2591 2381 28 24 le

1839 2417 76 26 voilà
1929 2424 119 26 propre,
2065 2415 122 26 Marius!
2205 2415 26 25 le
2249 2414 86 26 chien
2352 2417 17 20 a
2382 2413 104 33 mangé
2510 2414 27 25 le
2555 2413 66 33 pâté

1839 2451 34 26 de
1883 2451 35 25 'ta
1933 2451 91 32 mère,
2042 2450 44 26 les
2101 2450 70 26 rails
2185 2448 38 27 du
2239 2447 116 27 chemin
2369 2445 35 27 de
2420 2446 45 27 fer
2479 2448 71 25 t'ont
2563 2447 59 33 pris

1830 2485 37 32 ,1a
1878 2484 84 37 pièce
1976 2485 33 27 de
2023 2486 51 26 ton
2087 2485 81 34 père,
2183 2483 177 33 lîoquentou
2374 2483 28 25 te
2417 2480 92 28 ferme
2524 2489 35 19 au
2570 2487 52 20 nez

1839 2529 31 21 sa
1881 2522 84 35 porte
1975 2515 57 43 !....
2047 2528 53 30 pas
2114 2528 40 21 un
2167 2516 165 32 maravédis
2346 2515 70 31 dans
2426 2517 50 28 ton
2490 2517 131 37 goussel,

1657 2262 52 31 M.
1729 2259 273 33 -GUTL.LEMÎN

1514 2319 185 30 Inspecteur
1715 2315 128 33 général
1859 2315 38 24 die
1913 2315 31 24 la

1013 2620 87 38 LES
1146 2620 305 38 CONCOURS
1499 2621 66 37 DE
1606 2608 172 50 PÊCHE
1821 2616 32 40 A
1899 2615 66 41 LA
2011 2615 154 40 LIGNE
2209 2626 51 24 DU
2306 2621 118 32 Petit
2463 2620 182 33 Journal

1850 4219 193 24 Photographies
2057 4219 198 24 communiquées
2272 4219 190 24 gracieusement
2478 4222 43 20 par
2530 4217 33 22 M.
2577 4217 43 22 CU.
2634 4217 171 22 ARAMBOURON

1472 4278 176 31 Côté
1706 4279 130 30 «cLes
1890 4280 292 28 HDames

1031 4382 87 30 irlrus
1185 4380 131 30 d'autant
1345 4380 70 34 qu'il
1441 4387 74 21 vous
1546 4382 77 27 avait
1650 4389 58 21 une
1734 4383 74 28 laide

1031 4419 86 35 ligure
1141 4415 180 37 renfrognée
1338 4415 50 35 qui
1410 4422 37 20 ne
1463 4423 74 19 vous
1560 4417 165 34 présageait

1031 4454 28 28 de
1075 4454 66 28 bon.

1058 4491 43 32 Et,
1117 4491 37 26 de
1175 4488 63 34 fait,
1254 4487 19 27 il
1297 4494 37 20 ne
1350 4485 83 31 tarda
1452 4485 92 37 guère
1560 4487 15 27 à
1591 4487 172 30 manifester
1779 4496 31 20 sa

1030 4522 148 31 méchante
1194 4524 138 28 humeur.

1059 4560 41 28 En
1116 4559 175 30 s'installant
1307 4558 74 28 dans
1397 4557 26 27 le
1441 4556 66 28 coin
1522 4557 141 30 demeuré
1683 4557 71 31 libre
1772 4567 35 20 en

1029 4594 58 30 ftce
1103 4596 34 28 de
1154 4594 118 33 Marins,
1291 4594 19 26 il
1331 4593 94 27 s'était
1441 4594 150 33 empressé
1609 4591 161 32 d'abaisser
1782 4596 25 27 la

1029 4632 77 32 glace
1126 4631 35 28 de
1188 4631 28 27 la
1245 4629 138 35 portière,
1398 4628 113 35 malgré
1540 4629 71 35 qu'il
1637 4630 104 35 régnât
1769 4638 38 20 au

1030 4667 99 27 dehors
1146 4672 40 20 un
1200 4667 35 26 de
1252 4672 50 20 ces
1317 4663 92 30 froids
1423 4663 37 28 de
1476 4664 156 28 décembre
1696 4667 91 28 brrou
1800 4663 5 32 !

1074 4701 58 35 qui,
1149 4707 37 21 en
1213 4707 40 21 un
1279 4698 65 28 rien
1363 4698 34 27 de
1426 4701 105 33 temps,
1548 4708 74 21 vous
1649 4702 102 35 gèlent
1766 4711 40 20 un

1030 4737 228 33 compartiment.
1280 4735 40 27 La
1345 4734 102 28 fillette
1470 4736 168 34 grelottant,
1657 4744 54 20 son
1735 4739 70 33 père

1029 4773 59 25 crut
1103 4770 100 28 devoir
1219 4770 141 27 hasarder
1376 4778 58 20 une
1460 4770 185 30 observation
1670 4773 77 35 polie
1766 4775 37 33 et,

1029 4806 110 28 celle-ci
1153 4808 86 39 ayant
1256 4806 44 27 été
1318 4807 151 27 accueillie
1483 4807 35 28 de
1534 4807 27 28 la
1574 4808 69 34 plus
1657 4809 146 33 grossière

1028 4843 132 31 manière,
1178 4843 20 27 il
1211 4843 109 27 s'éleva
1335 4848 59 21 une
1408 4844 196 28 contestation
1616 4844 129 30 violente
1754 4852 52 21 sur

1830 4391 53 28 pas
1898 4390 41 22 un
1956 4384 48 27 (oit
2021 4390 76 28 pour
2112 4382 109 30 abriter
2233 4385 27 26 ta
2276 4384 69 34 tète,
2357 4384 60 28 rien
2434 4384 15 27 à
2465 4384 28 26 le
2509 4384 104 27 mettre

1831 4428 70 20 sous
1924 4420 28 28 la
1976 4417 135 30 dent!...
2140 4419 155 30 Comment
2316 4422 157 32 oseras-tu,
2490 4420 106 28 mainte-

1831 4456 81 31 nant,
1932 4457 26 26 te
1972 4454 157 35 présenter
2145 4454 109 28 devant
2277 4455 125 28 l'auteur
2418 4454 32 28 de
2467 4455 45 27 tes
2531 4454 81 35 jours

1832 4493 26 26 et
1874 4491 40 28 lui
1931 4498 111 21 avouer
2057 4491 26 27 la
2099 4491 83 27 triste
2197 4491 130 28 manière
2341 4493 70 26 dont
2422 4492 33 26 tu
2471 4498 31 20 as
2520 4491 52 28 lait
2587 4492 26 26 la

1831 4526 146 35 conquête
1993 4526 33 26 de
2041 4525 154 37 Paris?...

1920 4561 80 28 Vous
2023 4560 63 28 êtes
2111 4559 129 35 sombre,
2256 4563 152 28 monsieur
2424 4559 131 30 Cabirol?
2570 4560 28 27 in-

1831 4598 135 34 terrogea
1982 4604 31 20 sa
2026 4597 137 27 nouvelle
2179 4597 89 33 petite
2283 4598 85 27 amie.

1919 4631 59 30 Ah!
2004 4630 230 37 mademoiselle,
2250 4633 19 26 il
2293 4641 18 27 y
2331 4642 17 20 a
2361 4633 35 28 de
2413 4631 74 35 quoi,
2505 4638 89 28 voyez-

1828 4676 73 20 vous
1913 4668 58 28 !...

1863 4704 97 34 Alors,
1982 4709 70 21 avec
2076 4703 79 27 toute
2180 4709 32 21 sa
2233 4702 164 30 vaillantise
2422 4702 105 34 native,
2544 4709 51 21 sou-

1827 4740 67 27 dain
1907 4739 157 27 retrouvée
2081 4740 15 26 à
2112 4739 27 27 la
2153 4739 138 35 musique
2308 4741 35 26 de
2357 4741 73 26 cette
2448 4737 78 32 voix,
2539 4744 72 21 avec

1827 4776 74 26 celte
1919 4780 90 22 verve
2026 4774 34 28 de
2079 4774 77 27 belle
2178 4774 129 28 humeur
2320 4774 51 35 qui
2389 4782 37 20 ne
2441 4774 154 26 l'abandon-

1825 4811 60 27 nait
1902 4818 37 20 en
1959 4817 117 21 aucune
2099 4809 215 35 circonstance,
2331 4811 176 33 naïvement,
2526 4809 85 26 notre

1827 4845 109 30 Marius
1949 4845 138 30 confessa
2101 4852 31 21 sa
2146 4845 87 31 peine
2250 4848 28 25 et
2301 4846 44 27 les
2367 4845 84 28 rêves
2464 4845 37 27 de
2520 4845 91 31 gloire

2644 210 39 28 du
2701 210 83 34 père,
2803 211 28 26 et
2854 210 43 27 les
2919 209 171 34 déceptions
3115 209 184 27 successives
3315 209 34 26 do
3372 211 53 24 son

2644 248 138 31 estomac,
2800 248 27 25 et
2842 246 27 27 le
2887 253 74 26 coup
2975 244 35 28 de
3019 250 118 22 massue
3151 243 69 28 final
3228 243 35 30 de
3273 242 152 37 l'AgésilaS

2644 281 189 34 Roquentou.

2733 317 248 32 Heureusement,
3014 314 164 34 conclut-il,
3208 322 59 20 non
3294 321 69 21 sans
3384 320 41 21 un.

2642 352 113 26 sourire
2773 352 129 34 quelque
2926 358 58 27 peu
3007 357 90 28 amer,
3115 351 69 34 qu'il
3207 358 46 20 me
3272 352 78 26 reste
3367 356 58 21 une

2642 386 74 28 fiche
2735 387 33 27 de
2786 385 182 30 consolation
2985 386 72 27 dans
3073 392 47 21 ma
3135 385 96 35 poche
3283 386 37 27 eh
3334 384 87 30 donc!

2692 430 71 19 avec
2777 428 48 22 ma
2839 432 13 13 «
2869 429 87 27 passe
2975 432 12 12 »
3005 422 35 27 de
3056 420 168 35 retour!...

2676 457 73 28 Tant
2764 457 176 27 d'héroïsme
2957 457 109 34 opposé
3083 458 17 26 à
3113 457 164 27 l'adversité
3300 457 124 27 marâtre

2641 493 128 27 méritait
2784 498 57 21 une
2867 493 206 34 récompense.
3094 493 40 28 Le
3157 494 70 34 père
3244 494 33 26 de
3295 493 26 27 la
3335 493 90 35 jeune

2642 527 180 34 demoiselle,
2846 528 58 34 qui,
2928 527 105 35 depuis
3059 528 26 26 le
3110 528 100 35 matin,
3235 528 77 27 avait
3338 528 84 33 suivi,

2642 565 169 32 spectateur
2824 562 170 35 impassible
3009 569 37 21 en
3069 570 176 28 apparence,
3261 566 97 25 toutes
3381 563 44 27 les

2640 598 158 37 péripéties
2817 599 34 27 de
2874 599 27 27 la
2924 599 285 34 tragédie-comédie,
3226 600 90 33 jugea
3330 600 15 26 à
3360 606 50 27 pro-

2641 640 53 30 pos
2711 633 128 28 d'entrer
2855 640 37 20 en
2907 634 90 27 scène
3019 641 76 27 pour
3109 634 39 27 lui
3172 633 137 38 apporter
3321 641 41 20 un
3378 633 32 28 dé-

2641 671 162 26 nouement
2817 670 167 28 inattendu.

2732 704 158 27 Bannissez
2909 706 80 25 toute
3012 704 240 35 préoccupation,
3269 711 69 22 mon
3356 711 53 30 gar-

2642 746 65 26 çon,
2726 739 72 26 dit-il
2820 741 17 26 à
2852 741 84 26 notre
2967 741 110 27 Marins
3104 749 70 20 avec
3200 741 222 34 bienveillance,

2641 782 47 20 ma
2705 774 58 28 fille
2781 776 26 26 et
2824 775 58 27 moi
2906 775 115 27 serions
3039 776 102 27 fâchés
3156 777 35 27 de
3215 783 76 21 nous
3305 776 120 34 séparer

2642 810 69 27 d'un
2740 809 22 27 si
2790 809 123 28 aimable
2942 817 200 28 compagnon-;
3168 811 27 34 je
3216 820 74 19 vous
3315 813 107 33 prends

2641 853 72 21 avec
2727 846 67 32 moi,
2815 847 27 26 et
2857 844 48 35 j'ai
2921 844 63 28 idée
3000 853 57 28 que
3074 854 33 20 ce
3124 854 57 27 que
3197 847 47 34 j'ai
3261 848 14 26 à
3291 854 73 20 vous
3380 848 31 26 of-

2641 881 52 27 frir
2709 888 37 20 ne
2767 887 73 21 vous
2867 881 122 27 laissera
3011 888 52 28 pas
3090 881 58 28 lieu
3172 882 33 27 de
3221 889 74 21 vous
3313 882 112 35 affliger

2640 919 84 26 outre
2738 924 118 20 mesure
2872 917 38 27 du
2928 919 92 33 congé
3037 925 58 27 que
3111 919 79 27 vient
3202 919 34 27 de
3248 926 76 20 vous
3339 919 71 34 signi-

2640 952 52 28 fier
2707 953 83 26 votre
2805 953 105 32 patron
2928 952 178 35 Roquentou
3131 952 22 35 ..

2678 987 30 28 Si
2724 989 83 26 notre
2823 987 110 27 Marins
2950 990 120 33 accepta
3096 987 27 28 la
3145 990 180 34 proposition
3343 991 66 27 d'en-

2640 1024 191 32 thousiasme,
2848 1023 148 34 j'imagine
3012 1031 57 26 que
3094 1031 73 19 vous
3181 1032 73 20 vous
3280 1032 37 20 en
3339 1025 84 27 faites

2641 1065 58 20 une
2724 1059 73 27 idée.
2828 1058 20 26 Il
2874 1057 87 28 suivit
2975 1058 76 27 donc
3074 1058 27 27 le
3117 1059 158 35 monsieur,
3292 1061 50 35 qui
3356 1061 66 27 était

2641 1102 40 20 un
2704 1102 69 26 gros
2793 1094 156 28 industriel
2976 1094 51 28 des
3050 1095 154 27 niilliasses
3226 1096 33 26 de
3283 1096 54 27 l'ois
3363 1097 45 26 mil-

2642 1129 141 28 lionnaire
2802 1133 37 32 et,
2858 1130 67 35 cinq
2948 1130 111 28 années
3081 1130 145 33 écoulées,
3244 1130 19 27 il
3279 1130 142 37 épousait,

2641 1165 74 28 ainsi
2730 1174 59 26 que
2805 1167 72 27 dans
2893 1167 44 27 les
2957 1168 100 26 contes
3076 1167 33 27 de
3123 1167 71 33 fées,
3211 1167 27 27 la
3254 1167 168 27 charmante

2642 1200 171 28 demoiselle
2881 1209 81 25 avec,
2983 1202 76 27 est-il
3086 1202 102 28 besoin
3211 1202 150 35 d'ajouter,
3377 1209 45 21 ses

2641 1235 155 30 niilliasses
2810 1237 34 28 de
2861 1235 138 30 millions.

2678 1271 99 27 C'était
2802 1272 26 26 la
2849 1279 84 27 noce,
2957 1280 53 26 pas
3033 1272 69 37 plus
3126 1273 63 28 tard
3213 1273 122 35 qu'hier,
3352 1276 28 26 et
3403 1273 20 30 il

2640 1304 90 30 fallait
2743 1307 141 27 entendre
2895 1307 27 28 la
2931 1309 113 28 fanfare
3059 1310 35 27 du
3111 1309 89 28 brave
3213 1311 69 33 père
3298 1310 124 34 Cabirol,

2641 1349 109 20 sonner
2765 1343 70 27 d'un
2850 1344 72 26 bout
2936 1344 34 27 de
2998 1344 26 26 la
3052 1344 70 28 salle
3144 1346 17 25 à
3180 1344 113 33 l'autre,
3312 1346 17 26 à
3351 1344 70 28 faire

2641 1376 145 28 trembler
2799 1380 79 26 toute
2893 1378 26 28 la
2935 1378 136 30 vaisselle
3085 1380 39 28 du
3141 1381 98 27 festin.

2730 1414 56 27 Eh!
2804 1414 86 34 donc,
2909 1416 83 26 notre
3011 1422 109 28 coquin
3139 1416 34 27 de
3190 1415 117 33 Marins,
3325 1416 98 34 quand

2640 1448 28 34 je
2699 1455 76 21 vous
2802 1449 143 35 prédisais
2973 1450 70 35 qu'il
3070 1452 174 28 marcherait
3257 1474 6 11 ,
3294 1453 128 34 quelque

2640 1479 77 39 jour,
2735 1486 15 26 à
2774 1485 27 27 la
2828 1487 145 33 conquête
2993 1487 39 26 du
3052 1487 120 27 monde!
3196 1489 27 25 et
3243 1487 178 28 maintenant

2642 1526 56 26 que
2715 1520 26 26 le
2758 1520 77 26 voilà
2850 1521 84 33 parti,
2952 1528 73 22 vous
3048 1530 112 27 pouvez
3175 1530 46 21 me
3244 1524 92 27 croire
3354 1522 66 31 qu'il

2641 1560 37 20 ne
2692 1554 156 28 s'arrêtera
2863 1563 53 27 pas
2931 1564 35 19 en
2983 1557 118 28 chemin
3111 1558 56 27 !...

2676 1589 46 27 Ma
2745 1590 50 33 foi,
2815 1598 71 20 avec
2910 1598 48 20 ces
2975 1591 133 28 hommes
3125 1594 39 27 du
3180 1594 78 33 Midi,
3270 1594 64 27 rien
3350 1596 72 26 n'est

2640 1623 171 34 impossible
2837 1639 25 5 -
2878 1626 158 34 acceptons
3050 1626 143 35 l'augure,
3213 1630 193 34 capôdédious
3415 1630 6 27 !

2641 1661 25 26 al
2672 1659 107 28 tendon
2804 1661 57 26 !...

3077 1696 124 30 Maxime
3222 1698 149 27 AUDOUIN.

2717 1818 98 63 LA
2876 1820 230 61 PIECE
3155 1822 190 59 D'OR

2678 1959 57 30 Sur
2763 1961 27 28 la
2818 1968 103 31 rampe
2953 1962 242 31 délicieusement
3227 1964 116 28 ombrée
3372 1959 47 41 qui

2641 2003 162 21 contourne
2818 1997 164 34 Ingouvihe
2996 2000 28 26 et
3051 1998 120 27 conduit
3197 2006 37 20 au
3261 2000 96 28 chalet
3383 2002 37 27 dit

2642 2042 13 14 «
2673 2033 54 27 Les
2745 2031 105 28 Ormes
2869 2044 24 22 »,
2922 2034 133 27 Edouard
3084 2034 183 32 Danvilliers,
3295 2036 60 27 l'un
3371 2037 48 27 des

2641 2074 156 28 passagers
2812 2068 141 28 déversés
2968 2069 26 26 le
3008 2069 90 27 malin
3115 2070 94 26 môme
3226 2078 51 20 sur
3301 2070 25 27 le
3356 2072 64 34 quai

2642 2104 37 26 du
2696 2104 93 26 Havre
2807 2109 53 27 par
2885 2104 26 26 le
2940 2104 242 37 tr.'.nsatlanlique
3198 2107 46 26 La
3262 2107 78 26 Tour
3341 2108 78 34 aine,

2641 2138 74 31 relit,
2732 2139 65 25 tout
2813 2145 35 20 en
2867 2138 154 28 marchant
3034 2140 69 27 dun
3119 2148 52 26 pas
3188 2141 34 27 de
3234 2143 185 34 promenade,

2641 2174 27 25 la
2680 2173 84 27 lettre
2779 2173 71 34 qu'il
2865 2173 80 27 vient
2969 2174 34 26 de
3030 2176 105 26 retirer
3157 2176 38 26 du
3226 2176 112 31 bureau
3363 2185 43 21 res-

2641 2210 72 25 tant.

2676 2243 59 26 Elle
2753 2245 44 24 est
2812 2243 73 26 ainsi
2903 2250 112 19 conçue
3030 2243 5 26 :

3103 2304 9 12 «
3129 2294 130 32 Vésinet,
3273 2297 27 24 le
3320 2294 38 32 ...

2785 2346 13 13 »
2816 2334 69 28 Mon
2900 2335 70 27 cher
2986 2333 144 37 Edouard,

2679 2389 12 13 »
2707 2379 40 26 Ta
2761 2380 80 26 tante
2859 2380 28 26 et
2901 2378 69 34 moi,
2986 2386 74 20 nous
3073 2381 105 27 tenons
3194 2381 15 26 à
3226 2387 32 21 ce
3273 2382 90 34 qu'en
3377 2388 31 21 re-

2641 2415 123 24 mettant
2779 2414 27 25 le
2817 2409 71 37 pied
2902 2420 51 19 sur
2966 2414 28 26 la
3008 2415 99 27 Jionne
3131 2417 77 26 terre
3235 2417 34 26 de
3301 2417 118 33 France,

2643 2447 31 25 tu
2689 2448 120 24 trouves
2825 2453 40 18 un
2882 2447 106 25 cordial
3004 2450 61 24 mot
3077 2450 150 28 d'accueil,
3244 2451 31 28 ,1e
3292 2453 116 27 t'avoue-

2643 2479 43 27 rai
2700 2479 97 27 môme
2824 2486 60 26 que
2910 2485 76 20 nous
3014 2480 102 26 avions
3142 2483 159 32 l'intention
3324 2489 79 27 d'aile
3406 2493 9 15 l
3417 2479 5 37 '

2646 2517 26 27 le
2686 2513 181 38 surprendre
2894 2515 14 27 à
2935 2513 26 27 la
2992 2513 136 27 descente
3157 2515 39 26 du
3221 2513 196 38 paquebot...

2926 2549 60 31 Mes
3012 2550 217 35 rhumatismes,
3260 2552 98 28 hélas!
3386 2561 37 21 en

2935 2589 50 26 ont
3000 2587 99 30 décidé
3117 2589 174 30 autrement.

2963 2636 11 11 »
2987 2624 38 27 Ta
3035 2624 139 28 chambre
3188 2627 45 26 est
3241 2628 78 26 toute
3327 2627 92 35 prête,

2927 2665 35 21 au
2979 2659 128 35 Vésinet,
3129 2662 38 26 où
3193 2669 74 20 nous
3294 2669 128 21 sommes

2924 2693 132 30 installés
3076 2696 104 33 depuis
3201 2704 40 21 un
3261 2696 84 30 mois.
3364 2699 40 27 Ac-

2926 2735 86 22 cours
3025 2738 77 28 pour
3116 2739 74 20 nous
3208 2735 135 26 raconter
3358 2733 50 28 Chi-

2924 2772 81 30 cago,
3038 2774 52 20 son
3122 2769 164 34 exposition
3314 2771 28 26 et
3371 2772 51 26 ton

2924 2803 120 33 succès;
3083 2805 28 25 ta
3137 2804 135 27 machine
3299 2812 15 20 a
3343 2812 60 21 rem-

2923 2838 94 34 porté,
3030 2839 93 27 disent
3138 2839 44 27 les
3191 2839 158 35 journaux,
3363 2846 58 21 une

2923 2874 132 27 médaille
3071 2874 103 31 d'or...
3195 2877 27 26 et
3242 2878 31 26 lu
3295 2877 67 26 n'en
3377 2876 31 28 di-

2924 2910 57 27 sais
2996 2909 63 28 rien
3073 2909 5 28 !

2961 2957 12 12 »
2988 2946 24 27 A
3027 2952 118 28 propos,
3161 2946 22 27 si
3197 2947 102 34 pressé
3317 2955 56 27 que
3390 2949 31 26 tu

2924 2981 57 27 sois
3004 2982 34 27 de
3059 2982 128 34 prendre
3207 2982 26 27 te
3257 2979 74 31 train
3345 2991 77 27 pour

2923 3017 91 34 Paris,
3043 3019 32 26 tu
3103 3025 46 20 me
3175 3012 87 34 ferais
3286 3026 40 20 un
3359 3019 61 27 réel

2922 3052 100 35 plaisir
3037 3053 34 28 de
3084 3053 132 35 disposer
3226 3054 86 27 d'une
3327 3054 93 27 heure

2906 3089 2 34 .
2927 3096 33 19 ou
2975 3089 78 27 deux
3064 3096 78 27 pour
3150 3089 72 28 faire
3236 3097 57 20 une
3309 3089 80 30 visite
3404 3091 17 26 à

2922 3131 70 20 mon
3015 3124 67 27 vieil
3106 3125 56 26 ami
3189 3123 117 37 Bujard,
3325 3132 77 21 arma-

2922 3162 67 25 teur
3018 3161 27 26 et
3077 3158 189 35 propriétaire
3280 3169 6 22 ;
3315 3159 19 27 il
3363 3161 58 27 doit

2923 3195 115 27 habiter
3053 3202 31 20 sa
3100 3200 159 31 campagne
3286 3197 133 28 nommée

2926 3241 12 13 «
2953 3231 56 26 Les
3022 3230 103 27 Ormes
3138 3241 25 24 »,
3180 3231 15 26 à,
3210 3231 174 33 Ingouville.

2960 3278 13 13 »
2991 3266 21 27 Il
3027 3274 18 27 y
3067 3274 13 19 a
3105 3267 51 27 des
3177 3268 109 26 années
3311 3275 57 26 que
3392 3267 27 35 je

2922 3299 43 30 lui
2979 3304 130 32 promets
3125 3302 99 27 d'aller
3243 3304 25 26 le
3285 3304 79 32 voir;
3384 3309 37 20 en

2922 3335 43 27 lui
2988 3337 154 27 adressant
3167 3345 67 21 mon
3265 3345 106 27 neveu,
3400 3338 20 27 il

2923 3377 86 21 verra
3037 3373 61 25 tout
3122 3379 38 21 au
3188 3374 93 27 moins
3307 3381 57 26 que
3390 3374 30 34 je

2922 3413 92 27 pense
3034 3407 17 26 à
3070 3407 50 26 lui.
3208 3407 43 28 On
3278 3411 142 26 m'assure

2924 3443 69 35 qu'il
3006 3449 89 21 aune
3111 3442 58 28 fille
3185 3443 202 30 charmante...
3404 3456 14 14 »

3006 3478 44 28 Ah
3063 3485 32 27 ça
3107 3478 5 34 !
3126 3485 151 21 murmura
3288 3480 132 30 Edouard

2923 3515 174 30 Danvillîers
3135 3523 37 20 eu
3206 3519 156 26 remettant
3392 3516 28 28 la

2921 3552 85 28 lettre
3032 3552 72 27 dans
3130 3552 28 27 la
3182 3552 93 34 poche
3306 3552 37 28 de
3367 3559 53 20 son

2923 3589 115 33 veston,
3063 3589 91 26 est-ce
3184 3594 57 25 que
3267 3595 69 20 mon
3351 3587 71 28 cher

2923 3622 83 30 oncle
3022 3622 93 27 aurait
3142 3630 56 20 une
3221 3624 184 34 arrière-pen-

2923 3659 48 28 sée
2988 3659 34 27 de
3038 3658 130 34 mariage
3183 3658 63 27 ?...

2959 3694 84 27 Alors
3064 3694 27 27 la
3106 3694 85 27 lettre
3208 3693 89 30 serait
3309 3702 41 20 un
3367 3697 41 25 tra-

2922 3730 168 34 quenard?.
3103 3729 21 35 ..
3143 3729 27 28 Si
3180 3730 28 34 je
3222 3730 136 30 revenais
3371 3737 51 21 sur

2921 3772 65 21 mes
2998 3765 122 35 pas?...

2957 3802 46 27 Au
3038 3803 131 26 moment
3198 3803 35 26 où
3272 3802 26 27 le
3331 3801 89 35 jeune

2922 3839 128 33 homme,
3078 3844 51 20 car
3154 3837 70 27 c'est
3242 3836 70 28 d'un
3332 3839 87 34 jeune

2922 3874 116 26 homme
3069 3872 70 33 qu'il
3169 3873 91 34 s'agit,
3287 3873 115 28 monolo-

2922 3908 80 34 guait
3027 3908 84 34 ainsi,
3129 3908 20 27 il
3177 3908 44 27 fut
3247 3909 85 26 crois/
3332 3917 8 9 >
3369 3915 53 27 par

2922 3952 57 19 une
2996 3944 148 27 charrette
3167 3944 129 35 anglaise
3315 3944 105 28 attelée

2922 3979 86 27 d'une
3025 3980 129 32 poiieltc.

2957 4015 39 26 Le
3013 4015 81 33 léger
3102 4013 135 27 véhicule
3250 4013 107 30 n'allait
3367 4020 53 30 pas

2922 4050 86 28 d'une
3033 4049 92 28 allure
3156 4049 24 28 si
3204 4049 100 37 rapide
3320 4057 58 28 que
3394 4051 25 27 le

2921 4093 182 30 promeneur
3116 4085 81 28 n'eût
3221 4085 26 28 le
3266 4088 94 34 temps
3384 4087 34 27 de

2921 4130 176 27 remarquer
3110 4122 41 28 les
3169 4123 79 28 deux
3257 4128 163 30 personnes

2922 4159 70 37 qu'il
3019 4159 149 30 contenait
3182 4157 5 38 :
3221 4157 130 34 d'abord,
3380 4165 39 20 un

2921 4196 118 26 homme
3056 4196 15 26 à
3084 4194 93 35 figure
3195 4194 115 28 colorée
3324 4196 28 26 et
3376 4194 31 34 jo-

2921 4232 74 27 viale
3007 4238 59 20 aux
3074 4231 100 26 courts
3190 4230 109 28 favoris
3307 4230 111 32 blancs,

2921 4269 27 27 et
2979 4274 58 20 une
3053 4266 90 34 jeune
3159 4265 58 27 fille
3231 4265 106 33 mince,
3356 4266 48 26 lon-

2921 4311 57 27 gue
2994 4304 28 26 et
3038 4302 74 34 pâle,
3131 4302 129 27 formant
3274 4302 145 27 contraste

2920 4345 73 21 avec
3004 4337 156 34 l'ampleur
3175 4337 26 26 et
3214 4336 63 27 l'air
3289 4336 34 28 de
3338 4333 81 31 santé

2630 4375 1 46 j
2637 4382 33 30 de
2689 4389 53 21 son
2763 4385 223 31 compagnon...
3006 4378 45 27 Au
3065 4376 83 34 total,
3165 4375 94 37 plutôt
3274 4384 51 27 pas
3339 4376 78 33 jolie.

2722 4419 54 27 Ces
2799 4421 167 31 personnes
2993 4414 51 26 ont
3069 4411 63 28 l'air
3161 4409 34 31 de
3222 4413 84 27 venir
3332 4413 34 27 de
3391 4411 28 27 la

2635 4460 162 28 campagne
2813 4459 57 30 que
2887 4448 155 37 j'aperçois
3051 4447 123 35 là-haut,
3182 4455 93 28 pensa
3286 4443 133 33 Edouard

2634 4488 176 28 Danviliiers
2823 4496 6 26 ;
2867 4487 70 27 c'est
2970 4483 150 37 peut-être
3156 4485 37 27 M.
3222 4483 109 34 Bujard
3364 4482 41 27 lui-

2634 4524 96 27 même
2747 4531 57 28 que
2831 4522 28 34 je
2889 4521 85 27 viens
3001 4521 35 27 de
3065 4521 187 32 rencontrer,
3286 4521 26 25 et
3344 4519 73 27 cette

2633 4559 91 35 jeune
2758 4559 58 27 tille
2848 4557 138 28 serait...
3019 4556 65 28 Ah!
3120 4563 69 20 mon
3221 4554 99 28 oncle!
3351 4557 67 25 mon

2634 4594 84 27 oncle
2730 4594 5 27 !

2672 4630 57 27 Sur
2743 4630 74 27 cetle
2833 4628 154 33 réflexion,
3006 4628 26 27 le
3048 4628 90 35 jeune
3156 4628 116 26 homme
3298 4624 119 30 s'arrête

2631 4665 227 40 brusquement.

2714 4698 76 31 Tant
2806 4700 63 37 pis!
2901 4698 226 34 murmtire-l-il,
3161 4698 92 28 allons
3280 4696 137 37 jusqu'au

2633 4736 72 28 bout
2719 4746 6 25 ;
2756 4739 85 32 après
2855 4736 64 27 huit
2934 4736 83 34 jours
3032 4736 34 27 de
3084 4735 115 33 cabine,
3227 4735 74 27 celte
3330 4730 87 38 petite

2633 4779 105 21 course
2756 4779 46 21 me
2818 4772 178 35 dégourdira
3012 4770 43 27 les
3071 4770 115 34 jambes
3198 4779 6 25 ;
3236 4770 22 26 si
3282 4770 70 26 c'est
3374 4765 19 28 M-

2631 4807 170 28 l'armateur
2815 4808 48 34 qui
2881 4808 79 27 vient
2978 4807 34 27 de
3025 4814 115 27 passer,
3167 4806 27 34 je
3219 4804 132 30 laisserai
3371 4802 46 27 ina

2634 4844 78 27 carte
2731 4844 27 27 et
2772 4843 28 28 la
2815 4843 139 33 politesse
2969 4848 66 21 sera
3051 4841 79 27 faite.

300 167 102 31 353

1502 154 207 35 Supplément
1728 151 124 37 illustré
1866 151 44 35 du
1929 150 89 38 Petit
2033 150 133 38 Journal
