3460 5046
194 282 282 72 EXPLICATION
506 282 54 67 DE
589 280 84 69 NOS
700 274 221 72 GRAÏIES

376 418 22 40 A
410 404 320 54 SAINT-SÉBASTIEN

286 481 105 34 Combat
415 480 60 33 d'un
494 478 69 40 tigre
591 475 25 33 et
644 474 58 34 d'un
725 474 109 33 taureau

211 544 56 27 Les
280 541 143 30 émotions
432 539 34 26 de
482 537 79 27 leurs
576 534 228 31 traditionnelles
817 529 128 30 corridas

178 587 37 20 ne
230 578 137 30 suffisent
381 574 65 34 plus
472 580 57 20 aux
559 572 168 35 Espagnols.
759 568 79 28 Voici
861 565 85 34 qu'ils

178 617 64 26 font
256 612 113 27 revivre
386 611 41 26 les
455 609 128 27 combats
609 606 175 31 d'animaux,
806 602 56 27 tels
889 605 56 27 que

178 651 44 26 les
234 643 154 39 pratiquait
402 645 27 27 la
441 644 90 28 Rome
542 643 196 39 impériale...

216 683 43 28 Où
274 680 235 30 s'arrêteront-ils
524 680 71 26 dans
612 679 73 26 cette
703 681 63 20 voie
780 673 13 25 ?

214 718 22 28 A
250 718 97 28 quand
359 717 41 27 les
417 716 129 28 combats
561 715 33 26 de
609 712 177 34 gladiateurs

214 795 252 31 Saint-Sébastien
481 795 43 25 est
535 800 35 20 en
586 791 86 27 liesse
687 783 5 43 :
709 787 71 28 c'est
795 784 25 27 le
833 783 64 35 jour
912 784 34 28 de

180 835 27 26 la
219 834 58 27 l'été
291 833 34 26 de
338 831 27 26 la
378 831 89 26 reine.
487 829 37 26 La
537 828 66 27 ville
628 833 32 19 se
685 827 119 31 pavoise
833 821 34 26 de
882 821 48 26 dra-

181 875 107 28 peaux,
317 868 27 25 et
371 866 27 27 la
420 865 89 33 foule,
523 862 144 34 bruyante
696 859 28 26 et
751 856 135 33 banolec,
915 863 31 20 se

184 911 99 26 presse
300 909 66 20 v-ers
380 901 26 27 le
422 900 91 35 palais
528 899 35 26 dé
582 896 144 27 Miramar.

215 938 71 30 Mais
300 938 27 27 la
341 937 157 34 principale
511 930 228 37 préoccupation
764 927 33 27 de
814 930 63 25 tous
904 928 44 27 est

183 976 26 27 le
223 974 112 27 combat
353 973 47 33 qui
415 971 58 26 doit
487 967 83 28 avoifi
589 965 58 26 lieu
671 963 197 35 l'après-midi,
889 970 58 20 aux

182 1009 151 30 nouvelles
348 1007 113 28 arènes,
480 1003 81 26 entre
589 1007 39 19 un
644 1002 120 26 taureau
837 1006 39 20 un
896 1006 34 19 su-

183 1046 87 33 perbe
288 1042 125 28 andalou
428 1039 34 26 do
478 1037 65 33 cinq
559 1042 51 21 ans
671 1037 27 26 et
713 1042 39 20 un
765 1035 70 34 tigre
849 1035 33 26 de
899 1035 48 26 dix

184 1088 63 25 ans,
259 1085 43 19 un
314 1074 191 28 merveilleux
522 1071 145 35 spécimen
681 1072 33 27 de
731 1071 27 27 la
769 1077 66 21 race
849 1069 98 34 royale

185 1115 38 26 du
239 1110 137 35 Bengale,
394 1109 46 35 qui
458 1116 14 20 a
485 1108 44 28 été
542 1109 99 27 acheté
660 1109 14 25 à
697 1106 152 33 Marseille,
875 1110 72 27 pour

185 1150 28 27 la
230 1153 106 22 somme
353 1146 34 27 de
403 1148 78 31 7,000
496 1144 106 27 francs.

220 1183 24 27 A
257 1182 110 28 l'heure
393 1181 73 28 fixée
493 1188 73 27 pour
591 1180 27 26 le
647 1178 124 32 combat,
801 1175 26 26 le
843 1173 105 34 peuple

185 1220 58 26 très
256 1218 144 28 surexcité
413 1217 117 27 envahit
544 1215 44 26 les
602 1214 112 26 arènes.

219 1256 24 27 A
257 1256 100 32 Rome,
374 1253 83 34 jadis,
484 1258 37 20 au
537 1251 92 33 temps
653 1248 51 27 des
732 1245 111 34 Césars,
874 1244 8 27 1
894 1250 38 21 am-

185 1290 162 35 phithéâtre
373 1287 116 28 Flavien
519 1286 35 34 (le
569 1281 132 37 C.olisée),
726 1283 37 26 où
791 1289 31 20 se
849 1280 84 27 dérou-

185 1328 87 26 laient
301 1332 47 20 ces
374 1323 248 28 divertissements
651 1318 148 33 barbares,
833 1317 118 34 pouvait

187 1361 130 27 contenir
331 1359 115 34 jusqu'à
459 1359 98 31 87,000
587 1356 190 32 spectateurs.
804 1352 25 26 A
856 1351 93 27 Samt-

188 1396 159 30 Sébaslien,
373 1395 45 26 les
445 1393 104 26 arènes
570 1390 130 26 donnent
728 1388 70 26 asile
817 1388 15 25 à
855 1388 96 31 13,000

187 1437 170 27 personnes.
372 1428 76 26 C'est
459 1433 39 19 un
524 1424 102 27 chiffre
641 1429 104 21 encore
767 1422 57 26 fort
835 1427 99 28 respec-

191 1466 85 27 table.

220 1498 133 32 D'abord,
370 1496 143 33 quelques
528 1493 125 28 corridas
670 1500 67 21 sans
752 1496 176 31 importance
945 1501 6 24 ;

189 1535 74 35 puis,
282 1534 71 27 dans
367 1539 57 20 une
441 1538 70 28 cage
524 1530 64 28 vide
605 1530 48 35 qui
667 1537 117 20 mesure
800 1531 31 25 15
846 1530 107 26 mètres

190 1572 34 27 de
239 1569 148 33 diamètre,
404 1569 28 26 et
457 1569 86 33 qu'on
559 1574 15 19 a
588 1566 130 27 installée
745 1572 37 20 au
804 1563 99 30 milieu
919 1564 34 26 de

190 1607 27 27 la
230 1605 84 35 piste,
328 1604 26 27 le
369 1604 71 35 tigre
455 1605 28 26 et
501 1603 26 27 le
542 1605 122 25 taureau
677 1602 64 26 sont
756 1599 128 27 amenés.

223 1642 73 27 Tout
308 1642 112 32 autour,
436 1641 26 26 le
476 1639 67 27 fusil
560 1645 35 19 au
619 1637 77 32 bras,
719 1636 52 26 des
796 1633 157 34 Miquelets

191 1678 112 35 (gardes
319 1674 200 38 provinciaux)
533 1680 31 21 se
578 1672 182 34 promènent,
782 1669 137 28 attenliis.

223 1713 158 30 L'émotion
397 1716 168 22 commence
580 1710 15 25 à
608 1707 102 35 planer
725 1713 52 20 sur
790 1706 27 26 la
830 1704 89 27 foule.

224 1749 79 32 Mais,
324 1746 103 35 depuis
451 1744 157 33 l'antiquité
635 1742 138 33 romaine,
804 1741 43 26 les
874 1744 81 22 races

191 1785 50 26 des
267 1783 102 26 fauves
396 1780 137 27 ont-elles
562 1778 144 33 dégénéré
718 1778 12 26 ?
755 1778 33 26 Et
820 1776 9 26 1
840 1776 115 26 homme

191 1818 74 32 seul,
296 1824 69 19 sous
387 1822 41 20 un
467 1813 97 28 vernis
595 1814 34 26 do
670 1811 181 34 civilisation,
885 1809 71 27 a-t-il

193 1850 139 32 conservé
347 1852 79 25 toute
439 1857 32 20 sa
484 1848 118 27 férocité
617 1847 214 35 première?...

230 1889 56 26 Les'
308 1886 135 27 animaux
468 1892 30 20 se
514 1884 154 34 regardent
680 1884 27 26 et
726 1890 37 19 ne
784 1881 172 33 s'attaquent

191 1930 63 28 pas.
285 1922 21 26 Il
332 1922 61 27 faut
415 1922 43 26 les
484 1920 118 33 exciter,
630 1920 41 26 les
696 1918 97 27 larder
810 1918 33 26 de
867 1923 90 27 coups

194 1958 122 34 d'épieu,
332 1957 41 27 les
399 1956 138 35 aveugler
566 1962 70 20 avec
650 1954 27 26 la
705 1954 113 26 flamme
835 1952 50 27 des
906 1951 35 35 pé-

196 1994 86 32 tards,
298 2000 73 27 pour
385 1993 41 26 les
438 1991 116 27 décider
567 1993 15 26 à
595 1990 26 27 la
633 1990 83 26 lutte.

229 2028 92 31 Enfin,
337 2028 25 25 le
384 2029 120 25 taureau
533 2033 31 19 se
587 2024 138 34 précipite
751 2022 54 27 tête
831 2021 123 28 baissée.

195 2065 39 27 Le
249 2062 83 34 tigre,
347 2065 79 22 en're
439 2062 43 25 les
497 2061 77 26 deux
586 2067 113 24 cornes,
717 2066 30 20 se
765 2057 148 33 retourne,
931 2057 26 25 et

195 2098 94 38 prend
305 2104 52 20 son
370 2096 112 26 ennemi
506 2102 38 19 au
562 2095 122 33 poitrail.
709 2093 70 27 Mais
800 2093 25 26 le
846 2092 113 27 combat

195 2137 71 26 dure
281 2133 77 28 deux
387 2131 125 27 minutes
529 2130 14 26 à
563 2130 92 33 peine.
681 2128 35 26 Le
742 2130 122 25 taureau
892 2127 67 27 s'est

195 2169 170 30 débarrassé
380 2169 39 26 du
445 2166 96 27 fauve.
572 2164 39 26 De
630 2169 136 20 nouveau
789 2163 43 26 les
856 2163 86 26 adver-

195 2206 89 28 saires
311 2203 190 30 s'observent.
521 2200 137 27 Pourtant
673 2198 27 26 la
715 2197 77 26 foule
817 2199 44 24 est
882 2197 76 27 lasse

196 2241 34 28 de
247 2242 72 26 cette
335 2241 117 26 attente.
470 2237 58 28 Elle
544 2237 45 26 est
602 2241 97 21 venue
715 2239 74 27 pour
803 2233 60 26 voir
882 2233 77 27 deux

195 2277 81 27 bêtes
288 2275 228 35 s'entr'égorger.
535 2274 20 26 11
569 2271 40 28 lui
625 2270 61 28 faut
700 2269 51 27 des
932 2270 28 25 et

196 2313 38 26 du
248 2319 79 26 sang.
346 2311 58 27 Elle
416 2309 136 35 proteste,
568 2306 151 35 interpelle
745 2304 43 27 les
817 2303 128 34 organisa-

197 2349 89 28 teurs,
302 2344 104 35 injurie
420 2352 50 20 ces
484 2344 78 27 deux
588 2343 136 27 animaux
739 2340 69 27 dont
827 2339 132 35 l'apathie

196 2382 40 27 lui
250 2382 64 27 vole
334 2372 44 38 les
402 2381 72 34 joies
496 2378 145 28 morbides
665 2375 104 37 qu'elle
863 2381 96 21 venue

197 2417 141 31 chercher
352 2417 37 27 là.
402 2417 39 26 Le
452 2414 143 35 spectacle
604 2414 35 27 de
654 2413 26 26 la
693 2411 119 28 férocité
823 2418 19 19 n
854 2412 43 25 est
908 2417 51 27 pas

197 2453 71 27 dans
282 2453 27 26 la
331 2459 80 27 cage,
426 2451 71 26 mais
528 2451 61 25 tout
613 2450 113 25 autour,
756 2452 51 18 sur
831 2446 44 24 les
894 2451 50 25 gra-

202 2489 78 26 dins.
293 2489 22 30 ..
589 2513 6 5 .
731 2489 4 30 ,
920 2507 7 11 ,

234 2520 34 27 Et
282 2520 34 26 de
335 2523 136 20 nouveau
495 2516 43 25 les
563 2515 83 26 betes
673 2512 66 26 sont
768 2510 135 31 excitees,
920 2509 43 26 les

197 2555 117 38 pétards
328 2551 133 31 éclatent.
481 2550 54 30 Des
549 2550 131 28 hommes
696 2546 177 30 descendent
889 2545 71 28 dans

198 2593 106 28 l'arène
315 2600 6 25 ;
333 2597 58 21 une
415 2589 89 28 ronde
517 2587 142 30 infernale
686 2584 156 35 s'organise
860 2584 104 27 autour

202 2629 34 27 de
254 2628 115 33 laçage.

235 2663 83 27 Alors
334 2662 33 26 de
383 2667 135 20 nouveau
531 2659 44 27 les
589 2657 80 27 bêles
696 2657 65 26 sont
789 2661 58 21 aux
861 2660 100 27 prises.

202 2699 37 26 Le
250 2698 73 34 tigre
341 2704 28 20 se
386 2696 105 32 relève,
509 2695 132 30 s'élance,
665 2692 71 27 mais
752 2691 26 26 le
801 2691 122 26 taureau
939 2688 24 26 le

200 2733 83 27 roule
298 2731 135 34 jusqu'au
455 2730 72 27 bord
540 2730 34 27 de
602 2730 123 32 laçage.
752 2725 21 26 11
800 2724 94 26 donne
909 2730 56 20 une

203 2767 125 34 poussée
343 2766 177 28 formidable.
540 2764 128 37 Stupeur
680 2757 5 45 !
699 2763 28 25 la
742 2765 70 27 cage
831 2757 80 27 cède.
928 2758 37 27 Le

204 2804 72 34 tigre
289 2804 44 26 est
346 2809 34 20 eu
397 2802 111 27 liberté.
521 2800 33 27 Et
573 2798 122 30 soudain
707 2796 27 26 la
746 2799 125 27 panique
887 2800 12 19 s
911 2800 38 20 em-

202 2848 69 26 pare
287 2839 34 27 de
337 2838 27 27 la
392 2837 87 27 foule.
503 2835 112 27 Devant
643 2831 76 26 cette
746 2828 67 26 bcle
843 2828 122 33 blessée,

203 2874 174 33 pantelante,
393 2871 72 27 mais
481 2874 106 21 encore
602 2863 112 30 animée
732 2862 19 27 d
764 2869 37 19 un
816 2863 102 26 souille
934 2864 33 27 de

204 2911 46 26 vie
278 2917 33 19 ce
326 2906 106 35 peuple
450 2906 60 24 tout
523 2904 17 24 à
550 2901 111 27 l'heure
678 2898 22 27 si
716 2898 102 27 ardent
839 2900 70 26 dans
924 2906 45 20 ses

206 2943 135 28 instincts
356 2940 34 26 de
406 2937 129 34 cruauté,
549 2943 32 21 ce
595 2935 105 37 peuple
717 2933 109 34 recule,
843 2933 124 27 s'enfuit.

206 2979 45 27 On
261 2975 72 35 perd
347 2974 26 27 la
386 2973 67 32 tète,
469 2979 35 20 on
530 2973 133 33 s'écrase,
694 2978 35 20 on
748 2978 31 20 se
797 2969 117 33 piétine.
939 2969 33 27 Et

206 3013 77 27 voilà
298 3017 57 28 que
371 3008 119 28 soudain
506 3017 39 20 un
563 3017 71 26 coup
660 3008 33 27 de
720 3008 50 26 feu
790 3006 99 32 éclate,
906 3004 66 35 puis

208 3050 87 31 deux,
313 3044 65 37 puis
392 3044 89 35 vingt.

243 3083 52 27 Les
312 3081 163 33 Miquelets,
487 3087 57 20 eux
557 3078 87 33 aussi,
656 3076 103 30 cédant
767 3079 15 26 à
788 3076 185 30 l'affolement

207 3117 128 37 général,
352 3118 48 26 ont
415 3116 61 28 tiré.
494 3116 38 27 Le
547 3115 74 33 tigre
643 3115 43 25 est
706 3111 89 30 criblé
814 3113 34 26 do
869 3113 100 27 balles.

208 3155 71 30 Mais
305 3154 50 28 des
380 3152 165 37 projectiles
569 3149 156 33 dépassent
749 3148 26 26 le
797 3148 53 27 but
863 3150 27 24 et
904 3150 70 25 vont

207 3193 117 33 frapper
350 3190 43 28 les
416 3182 228 44 spectateurs...
672 3183 38 26 La
736 3182 76 27 foule
828 3183 67 26 s'est
911 3190 47 20 res-

208 3228 83 27 saisie
308 3217 5 38 :
331 3226 54 27 elle
399 3231 30 20 se
441 3231 53 20 rue
510 3228 51 22 sur
576 3220 26 27 le
615 3219 72 33 tigre
706 3219 84 31 mort,
810 3217 26 26 le
856 3219 115 33 dépèce,

208 3263 26 26 le
248 3265 58 25 met
320 3268 34 19 en
365 3261 164 26 lambeaux.
543 3255 39 35 Qe
593 3254 74 28 n'est
673 3252 111 28 bientôt
791 3252 66 33 plus
868 3253 106 33 qu'une

209 3304 94 20 masse
330 3295 129 28 informe,
476 3294 34 25 de
540 3291 80 28 chair
644 3295 57 28 que
717 3294 30 20 se
764 3286 145 34 disputent
927 3288 48 26 des

210 3330 148 28 centaines
373 3327 181 27 d'individus.

244 3364 120 28 L'arène
378 3361 125 27 évacuée
514 3360 89 33 enfin,
615 3366 38 20 on
661 3363 130 24 ramassa
802 3356 41 27 les
855 3357 119 28 blessés,

211 3402 39 26 lis
265 3399 107 28 étaient
390 3398 67 34 près
483 3397 33 27 de
539 3394 167 34 cinquante.
732 3393 72 26 L'un
828 3392 84 28 d'eux
934 3396 43 26 est

210 3437 84 28 mort.
312 3435 131 28 D'autres
458 3435 65 26 sont
539 3431 71 30 dans
632 3436 40 19 un
696 3429 57 30 état
775 3435 135 26 grave...
940 3429 37 27 La

210 3474 78 28 fouie
302 3470 106 31 voulait
422 3470 50 28 des
488 3467 190 30 émotions...
696 3463 59 28 Elle
771 3463 41 27 les
827 3470 15 19 a
856 3463 117 39 eues...

210 3510 66 31 plus
289 3509 80 27 vives
386 3506 104 35 qu'elle
506 3511 38 20 no
556 3503 44 27 les
615 3498 163 31 souhaitait.

247 3596 78 26 Toile
352 3595 45 27 fui
422 3596 73 26 cette
521 3595 87 27 scène
641 3589 116 37 ignoble
795 3588 27 26 et
856 3593 123 28 sauvage

215 3632 98 25 contre
326 3630 123 33 laquelle
508 3637 76 20 nous
600 3633 125 24 sommes
743 3625 135 26 heureux
900 3624 33 26 de
954 3627 25 22 le

215 3665 145 27 constater
374 3663 76 27 —Ta
463 3663 103 30 Presse
580 3663 144 35 française
741 3660 78 28 toute
842 3658 109 27 entière
966 3666 13 20 a

215 3699 137 32 protesté.

324 3768 46 40 LA
410 3767 103 41 PLUIE
553 3765 326 46 MANDCHOURIENNE

356 3830 72 34 Pièce
443 3829 145 35 d'artillerie
605 3839 73 26 russe
693 3830 151 34 embourbée

252 3886 106 38 Depuis
384 3881 111 31 bientôt
519 3889 40 19 un
576 3883 80 35 mois,
671 3886 27 26 la
713 3885 94 27 saison
824 3883 50 27 des
889 3882 93 37 pluies

217 3925 74 27 sévit
318 3930 51 22 sur
391 3921 28 28 la
445 3918 90 31 Corée
566 3919 27 26 et
614 3919 27 26 la
663 3919 217 33 Mandchourie;
899 3917 27 30 et
940 3919 44 27 les

215 3958 182 28 adversaires
411 3964 38 21 en
464 3953 142 38 présence
631 3956 132 27 trouvent
794 3957 103 27 devant
926 3963 57 20 eux

215 4002 40 21 un
286 3994 116 28 ennemi
437 3992 33 28 de
496 3990 78 35 plus,
606 3994 39 20 un
676 3991 113 26 ennemi
814 3991 170 34 implacable

217 4030 57 33 qui,
293 4030 34 26 de
339 4030 66 33 jour
418 4036 37 20 en
469 4029 74 34 jour,
561 4023 72 30 rend
650 4023 78 27 leurs
743 4025 162 33 opérations
919 4026 65 34 plus

217 4064 141 27 difficiles.

254 4101 20 25 Il
288 4108 18 26 y
320 4108 17 20 a
348 4100 67 28 bien
431 4101 50 27 des
493 4101 99 27 roules
602 4096 72 28 dans
686 4101 48 20 ces
750 4102 71 27 pays
834 4095 133 28 lointains
978 4095 5 39 ;

221 4140 37 19 on
268 4134 41 26 les
322 4136 90 27 divise
431 4136 94 27 même
541 4133 217 30 officiellement
774 4136 35 20 en
823 4131 70 26 trois
908 4133 61 26 caté-

221 4167 93 33 gories
332 4167 5 39 :
351 4170 40 27 les
406 4172 123 34 grandes
543 4172 109 31 roules,
671 4168 41 27 les
728 4172 159 28 moyennes
902 4168 28 25 et
945 4167 41 27 les

221 4201 131 27 sentiers.
365 4206 69 27 Mais
448 4206 19 27 il
482 4206 85 28 serait
581 4206 66 34 plus
663 4204 150 28 conforme
827 4202 15 26 à
856 4200 26 27 la
898 4201 87 28 vérité

221 4237 35 27 do
272 4235 41 26 les
327 4237 70 28 faire
410 4244 112 25 rentrer
541 4243 94 27 toutes
657 4241 72 27 dans
754 4239 74 27 celte
855 4237 130 27 dernière

221 4271 155 33 catégorie.
384 4271 5 39 _

254 4306 40 30 En
319 4305 99 32 Corée,
443 4306 74 30 l'état
531 4311 164 34 déplorable
711 4311 51 27 des
776 4311 100 27 routes
891 4310 44 26 est
950 4309 37 27 dû

221 4344 18 25 à
250 4349 59 20 une
326 4339 165 35 disposilion
507 4345 130 28 curieuse
653 4348 34 27 de
703 4346 27 27 la
743 4346 47 34 loi,
808 4346 50 35 qui
870 4344 117 28 interdit

222 4384 35 20 au
268 4376 106 37 peuple
389 4375 35 28 de
437 4381 125 28 voyager
574 4383 161 26 autrement
750 4383 66 33 qu'à
830 4382 74 34 pied.

256 4410 219 28 L'autorisation
495 4410 33 27 de
549 4416 110 25 monter
678 4420 15 24 à
709 4417 100 27 cheval
837 4419 74 26 n'est
937 4424 33 19 ac-

221 4447 105 27 cordée
343 4447 107 33 qu'aux
461 4454 196 27 personnages
671 4450 33 26 de
720 4453 171 27 distinction.
908 4453 77 27 Telle

222 4485 45 27 est
278 4482 26 27 la
319 4487 85 21 cause
420 4487 48 27 qui
484 4483 118 27 entrave
619 4482 213 32 l'amélioration
854 4488 48 27 des
917 4495 52 20 rou-

220 4524 45 26 tes
281 4525 57 28 que
353 4517 44 27 les
410 4517 93 32 pluies
519 4519 28 25 et
557 4518 43 27 les
619 4518 181 30 inondations
815 4524 170 34 fréquentes

220 4553 177 33 détériorent
412 4551 34 27 de
458 4552 65 32 plus
536 4558 35 20 en
586 4552 73 33 plus.

254 4593 54 28 Les
328 4589 102 31 routes
444 4586 280 31 mandchouriennes
750 4597 35 20 ne
811 4591 96 28 valent
934 4599 51 26 pas

220 4630 99 26 mieux
348 4632 56 30 que
430 4622 89 30 celles
543 4623 34 26 de
602 4622 26 27 la
654 4623 98 27 Corée.
776 4623 43 28 On
841 4630 78 31 peut,
937 4635 51 26 par

221 4664 189 35 conséquent,
429 4668 31 21 se
475 4656 72 32 faire
562 4663 57 21 une
641 4656 63 28 idée
719 4658 50 27 des
783 4658 204 37 impedimenta

221 4706 57 27 que
293 4701 40 27 les
346 4698 159 35 équipages
519 4693 148 30 militaires
683 4694 50 27 dos
750 4694 110 28 Russes
887 4697 26 25 et
938 4697 48 26 des

222 4734 131 33 Japonais
376 4730 224 31 renconlreront
619 4728 71 27 dans
710 4735 48 20 ces
774 4729 111 34 plaines
900 4731 70 26 bour-

221 4769 105 28 beuses
343 4769 105 28 durant
462 4770 78 27 toule
554 4767 28 27 la
598 4763 94 30 saison
709 4763 48 30 des
774 4763 102 35 pluies.

254 4806 44 26 Au
324 4807 85 32 reste,
436 4807 80 26 notre
534 4807 125 32 gravure
676 4799 22 28 si
711 4799 234 34 caractéristique
961 4801 26 25 et

221 4843 150 28 composée
385 4843 111 28 d'après
511 4848 40 20 un
568 4839 156 27 document
744 4835 59 34 pris
829 4843 51 20 sur
899 4835 26 27 le
938 4833 48 35 vif,

980 253 113 27 montre
1117 252 65 26 bien
1213 250 81 34 quels
1323 249 99 28 efforts
1519 246 109 27 Russes
1648 244 50 27 ont
1711 242 35 30 dû

980 288 72 27 faire
1078 293 72 27 pour
1172 293 106 21 sauver
1302 285 64 27 leur
1388 282 133 28 artillerie
1535 283 15 25 à
1569 281 26 27 la
1610 280 74 27 suilo
1700 279 47 27 des

983 321 129 28 combats
1127 322 50 33 qui
1191 330 31 19 se
1238 322 65 26 sont
1329 319 135 28 déroulés
1488 317 177 27 récemment
1694 321 53 20 aux

983 358 148 28 alentours
1144 358 34 27 de
1194 356 236 32 Niou-Chouang.

1234 446 39 40 M.
1306 442 193 44 GUILLEMIN

1048 520 181 22 INSPECTEUR
1247 510 137 30 GÉNÉRAL
1404 516 37 20 DE
1460 516 34 20 LA
1515 513 182 24 NAVIGATION

1023 573 34 25 M.
1083 573 158 31 Guillemin,
1260 572 163 32 inspecteur
1443 567 117 34 général
1584 566 33 26 de
1643 566 25 25 la
1695 572 35 19 na-

990 609 118 31 vigation
1137 612 27 24 et
1193 609 48 25 des
1271 608 80 31 ports
1372 605 38 25 du
1439 604 196 32 département
1662 601 34 25 de
1723 600 26 25 la

989 645 83 26 Seine
1091 644 98 32 depuis
1207 650 53 19 une
1276 640 141 28 douzaine
1437 640 141 28 d'années,
1596 644 17 19 a
1632 637 43 26 été
1693 635 56 26 l'un

987 681 34 25 de
1052 687 67 18 ceux
1147 680 48 34 qui
1215 676 209 30 collaborèrent
1450 676 22 25 lë
1493 674 64 31 plus
1581 672 169 26 activement

989 717 15 25 à
1030 716 26 25 la
1076 715 69 26 mise
1165 723 32 18 en
1226 713 131 33 pratique
1385 710 34 26 de
1442 710 200 25 l'ordonnance
1658 707 72 33 géné-

989 752 59 26 rale
1064 751 34 25 du
1123 751 38 26 30
1181 750 70 26 avril
1264 748 83 32 1895,
1370 746 174 26 concernant
1563 744 27 25 la
1610 742 90 33 police
1716 741 33 26 de

989 788 26 25 la
1036 787 168 32 navigation.

1025 822 35 25 Ce
1080 821 44 27 fut
1144 829 51 19 sur
1214 828 33 18 sa
1273 816 176 35 proposition
1480 822 54 26 que
1559 815 24 25 le
1609 814 58 25 très
1687 813 47 25 dis-

989 859 96 32 tingué
1103 857 90 32 préfet
1213 857 34 25 de
1274 854 91 34 police
1391 852 33 26 de
1454 852 89 30 Paris,
1574 852 33 24 M.
1636 847 111 33 Lépine,

989 892 100 28 décida
1103 893 25 25 la
1148 892 125 26 création
1294 891 34 26 de
1350 889 26 25 la
1389 886 116 33 brigade
1520 885 119 30 fluviale,
1657 885 90 28 dotée,

989 937 53 26 par
1063 928 24 25 le
1108 928 107 26 conseil
1239 924 155 32 municipal
1414 924 27 25 et
1461 922 25 25 le
1505 921 106 25 conseil
1622 918 125 34 général,

990 965 33 25 de
1039 970 47 19 ces
1107 964 70 26 deux
1198 963 83 32 petits
1302 961 129 27 bateaux,
1454 957 25 25 la
1502 957 156 25 EV!omette
1678 956 26 24 et
1726 954 25 24 la

991 999 102 33 Vigie,
1123 1002 24 24 si
1174 1005 109 20 connus
1312 996 50 26 des
1388 992 154 31 Parisiens,
1569 992 25 25 si
1619 990 131 26 redoutés

990 1036 51 25 des
1062 1035 185 26 braconniers
1267 1033 89 25 d'eau.

1028 1070 34 24 M.
1084 1069 157 31 Guillemin,
1265 1065 141 28 chevalier
1427 1063 33 26 de
1482 1063 26 25 la
1528 1062 98 33 Légion
1652 1061 83 26 d'hon-

993 1113 71 18 neur
1078 1106 98 32 depuis
1192 1106 24 26 le
1226 1106 39 25 30
1284 1100 154 30 décembre
1455 1098 81 31 1895,
1550 1100 51 28 est,
1615 1104 33 18 en
1664 1097 87 28 outre,

992 1139 123 27 titulaire
1137 1142 33 25 de
1191 1140 70 26 trois
1281 1135 148 30 médailles
1453 1134 34 25 de
1513 1134 150 31 sauvetage
1688 1130 52 26 vail-

993 1175 135 27 lamment
1144 1175 162 32 conquises.

1245 1232 38 40 M.
1315 1226 191 44 FORESTIER

1074 1300 229 22 CONSERVATEUR
1322 1298 39 21 DU
1381 1296 66 21 BOIS
1463 1294 38 20 DE
1517 1293 155 21 BOULOGNE

1029 1349 28 26 Si
1078 1348 39 26 les
1130 1350 139 31 pêcheurs
1293 1355 17 19 a
1332 1346 25 25 la
1378 1344 73 32 ligne
1473 1341 48 33 qui
1540 1342 47 25 ont
1607 1341 59 33 prjs
1693 1341 64 31 part

993 1393 35 20 au
1057 1391 138 19 concours
1212 1382 141 34 organisé,
1378 1378 150 27 dimanche
1554 1376 123 31 dernier,
1704 1383 52 24 par

996 1423 25 24 le
1048 1419 86 26 Petit
1163 1419 143 30 Journal,
1331 1419 48 25 ont
1400 1422 37 25 pu
1459 1413 79 26 avoir
1559 1419 34 19 un
1620 1411 138 26 excellent

994 1454 206 33 emplacement
1228 1455 87 26 dans
1339 1447 28 40 Is
1398 1450 74 26 bois
1498 1448 40 26 de
1567 1447 189 33 Boulogne,

997 1493 33 26 ils
1065 1491 24 25 le
1121 1492 118 31 doivent,
1272 1498 33 19 en
1341 1486 99 34 partie,
1466 1485 17 26 à
1517 1482 181 33 l'obligeance
1723 1482 34 25 de

997 1530 35 24 M.
1052 1525 146 33 Forestier,
1213 1526 57 33 qui,
1285 1531 33 19 en
1330 1522 128 27 donnant
1472 1526 34 19 un
1522 1519 58 25 avis
1602 1517 154 32 favorable,

998 1569 72 20 nous
1095 1569 15 18 a
1127 1561 188 33 grandement
1341 1556 106 28 facilité
1468 1556 79 26 notre
1563 1554 90 25 tâche.

1032 1596 100 26 Ancien
1154 1598 74 26 élève
1252 1597 33 25 de
1311 1593 102 27 l'Ecole
1440 1589 216 35 polytechnique
1676 1589 26 25 et
1726 1587 33 25 de

999 1632 99 28 l'Ecole
1117 1633 48 26 des
1181 1639 72 20 eaux
1274 1632 27 25 et
1324 1629 97 30 forêts,
1447 1625 141 27 l'aimable
1609 1629 133 20 conserva-

998 1674 61 22 teur
1085 1668 35 25 du
1156 1668 64 27 bois
1244 1667 34 26 de
1305 1664 139 32 Boulogne
1467 1669 15 18 a
1507 1659 148 27 contribué
1674 1658 34 26 de
1734 1658 25 25 la

998 1706 81 28 façon
1104 1703 25 26 la
1154 1706 64 31 plus
1238 1702 89 27 active
1345 1707 56 19 aux
1424 1696 257 28 embellissements
1697 1700 46 20 suc-

999 1739 100 30 cessifs
1116 1739 47 27 des
1179 1736 190 35 promenades
1389 1735 34 25 de
1444 1731 90 26 Paris.

1033 1775 72 25 C'est
1117 1774 38 26 lui
1165 1775 57 33 qui,
1231 1773 102 33 depuis
1343 1772 139 32 quelques
1491 1769 116 30 années,
1615 1774 15 18 a
1641 1767 118 32 apporté

999 1811 33 26 de
1048 1809 24 27 si
1088 1809 154 27 heureuses
1260 1805 253 30 transformations
1537 1811 54 19 aux
1620 1802 138 31 Champs-

1000 1846 112 33 Elysées
1141 1847 26 24 et
1199 1853 34 18 au
1261 1845 71 24 Parc
1354 1843 135 25 Monceau
1502 1845 12 28 ;
1541 1840 25 25 te
1587 1844 125 20 nouveau
1734 1838 25 25 et

999 1881 172 33 pittoresque
1191 1886 105 28 square
1315 1878 34 26 de
1371 1878 26 25 la
1417 1877 77 25 butte
1515 1876 184 26 Montmartre
1717 1873 41 24 est

999 1917 155 33 également
1170 1924 51 18 son
1239 1922 105 19 œuvre.

1036 1954 33 24 M.
1087 1951 141 26 Forestier
1244 1951 45 25 n'a
1309 1950 73 25 dono
1404 1954 51 26 pas
1475 1946 157 26 seulement
1652 1943 74 27 droit
1743 1943 15 25 à

1000 1989 26 25 la
1042 1988 237 25 reconnaissance
1299 1987 33 24 de
1361 1990 51 19 nos
1437 1982 139 33 pêcheurs
1597 1988 17 18 a
1633 1980 26 26 la
1677 1980 81 31 ligne,

1002 2023 70 26 mais
1084 2029 102 19 encore
1206 2024 15 24 à
1246 2021 69 26 celle
1336 2020 34 25 de
1389 2021 66 24 tous
1469 2024 70 20 ceux
1559 2016 57 33 qui,
1635 2014 124 26 habitant

1000 2060 26 25 la
1050 2057 126 31 capitale,
1195 2056 183 27 connaissent
1397 2061 33 20 sa
1463 2054 84 25 haute
1579 2052 180 30 compétence

1000 2092 150 30 technique
1163 2094 70 25 dans
1243 2094 92 24 toutes
1348 2092 39 25 les
1403 2091 144 31 questions
1559 2087 34 25 de
1600 2085 158 34 jardinage.

1200 2189 367 52 VARIÉTÉ

1007 2302 178 79 POUR
1252 2298 128 80 NOS
1446 2284 313 92 RIVIÈRES

1037 2446 248 30 L'enthousiasme
1292 2447 80 28 ..avec
1387 2439 98 33 lequel
1509 2438 44 25 les
1580 2434 145 34 pêcheurs
1741 2435 27 24 ot

1005 2483 45 25 les
1063 2479 122 26 sociétés
1200 2478 34 24 de
1254 2474 92 33 pêche
1371 2473 17 25 à
1411 2472 27 26 la
1467 2471 76 34 ligne
1570 2471 48 25 ont
1639 2467 130 31 accueilli

1007 2511 155 30 rinili.'iiive
1189 2510 37 27 du
1252 2507 79 28 Petit
1352 2506 138 28 Journal,
1502 2511 111 30 prouve
1636 2504 132 27 combien

1006 2552 73 28 cette
1090 2546 137 32 initiative
1241 2544 67 31 était
1323 2543 135 37 justifiée.

1042 2588 106 27 Succès
1165 2584 102 35 oblige.
1284 2582 92 35 Après
1403 2582 27 27 le
1460 2587 141 22 concours
1629 2578 33 30 de
1688 2577 79 30 Paris

1005 2622 152 28 viendront
1170 2628 76 20 ceux
1259 2620 33 27 de
1311 2619 131 34 Vigneux
1456 2620 27 24 et
1495 2617 34 27 de
1545 2615 203 28 Châtollerault
1760 2615 5 38 ;

1006 2660 74 34 puis,
1104 2654 125 35 d'autres
1254 2655 139 32 suivront,
1419 2660 50 21 car
1493 2653 25 26 le
1541 2652 77 27 Petit
1642 2652 126 26 Journal

1007 2693 230 28 n'abandonnera
1254 2698 51 26 pas
1318 2691 118 26 l'œuvre
1453 2688 171 34 entreprise,
1649 2687 118 26 l'œuvre

1007 2730 50 35 qui
1081 2727 58 30 doit
1160 2725 112 27 aboutir
1297 2726 14 25 à
1336 2725 26 26 la
1381 2722 138 28 cohésion
1543 2724 34 26 de
1603 2724 93 25 toutes
1724 2721 43 26 les

1009 2766 94 26 forces
1120 2764 26 26 et
1160 2760 34 27 de
1217 2760 94 31 foutes
1333 2759 43 26 les
1400 2759 111 26 bonnes
1533 2758 139 31 volontés,
1697 2758 28 25 et
1753 2758 15 25 à

1009 2799 133 30 l'entente
1163 2796 35 27 de
1227 2794 92 26 toutes
1341 2793 43 26 les
1411 2792 123 27 sociétés
1558 2792 34 26 de
1624 2792 144 32 pécheurs

1010 2844 73 26 pour
1096 2835 28 26 la
1135 2829 159 39 protection
1311 2829 38 25 du
1374 2828 117 33 poisson
1513 2828 27 25 et
1565 2826 27 26 le
1615 2825 137 33 repeuple-

1011 2872 77 27 ment
1103 2870 48 26 des
1166 2864 120 28 rivières
1302 2863 35 26 de
1351 2863 117 25 franco.

1046 2907 76 27 Elles
1136 2903 47 26 ont
1207 2901 93 26 certes
1324 2896 92 34 grand
1440 2896 96 26 besoin
1558 2895 34 27 do
1615 2895 94 26 toutes
1728 2895 41 24 les

1012 2939 183 31 sollicitudes,
1213 2942 53 19 nos
1280 2937 129 31 pauvres
1422 2929 130 32 rivières,
1569 2930 63 32 trop
1648 2929 124 26 souvent

1013 2975 148 30 dévastées
1176 2978 52 30 par
1252 2969 26 26 le
1302 2968 183 32 braconnage
1499 2973 35 20 ou
1552 2962 219 37 empoisonnées

1015 3020 51 27 par
1077 3013 39 26 les
1134 3007 85 31 excès
1234 3005 34 26 do
1284 3001 256 30 l'industrialisme.
1565 3001 5 46 -
1720 3008 6 4 -
1755 3001 5 46 _

1049 3059 13 13 «
1080 3046 61 30 Ceci
1156 3046 84 26 tuera
1256 3039 63 26 cela
1331 3048 24 24 »,
1371 3038 83 27 disait
1470 3037 96 28 Victor
1578 3034 93 35 Hugo.
1695 3034 74 32 Ceci,

1016 3084 69 27 c'est
1097 3083 25 27 le
1135 3076 122 39 progrès
1269 3070 5 45 ;
1300 3073 72 32 cela,
1390 3073 70 26 c'est
1474 3072 25 26 le
1520 3072 190 33 pittoresque.
1730 3070 43 27 Eh

1015 3119 69 27 bien
1095 3105 5 41 !
1116 3111 106 33 n'est-il
1237 3117 51 27 pas
1303 3109 124 34 possible
1441 3109 34 25 do
1500 3105 136 28 concilier
1663 3105 59 26 l'un
1746 3106 28 25 et

1016 3155 98 28 l'autre
1126 3151 13 27 ?
1153 3144 171 32 L'industrie
1339 3150 37 20 ne
1389 3142 177 28 saurai'-olle
1583 3141 90 33 vivre,
1687 3148 70 27 gran-

1017 3191 43 26 dir
1072 3191 22 25 el
1110 3183 155 38 prospérer
1277 3185 67 21 sans
1365 3177 126 28 détruire
1507 3177 51 26 dos
1571 3176 77 33 sites,
1665 3176 109 26 abattre

1018 3227 50 26 des
1083 3224 104 28 arbres,
1201 3216 99 33 capler
1316 3215 50 26 des
1387 3220 120 20 sources
1533 3219 38 20 on
1597 3211 177 27 contaminer

1018 3257 52 30 dés
1083 3257 117 30 rivières
1209 3253 13 26 ?
1317 3274 15 17 •.
1372 3260 27 32 \
1584 3283 7 11 ,
1616 3253 2 41 •

1055 3294 70 28 Sans
1148 3287 111 32 vouloir
1284 3292 83 21 nuire
1391 3292 17 19 a
1435 3291 46 20 ses
1509 3283 265 34 développements,

1019 3338 66 20 sans
1096 3327 109 31 arrêter
1220 3330 51 22 son
1287 3326 93 26 essor,
1403 3320 104 26 n'est-il
1528 3326 51 27 pas
1600 3319 77 33 juste
1697 3319 79 27 aussi

1020 3367 84 31 qu'on
1119 3363 81 30 veille
1215 3365 52 21 sur
1281 3358 43 25 les
1337 3354 118 27 beautés
1468 3357 30 26 et
1512 3361 50 21 sur
1576 3354 43 27 les
1631 3353 145 30 richesses

1015 3399 158 31 ■naturelles
1188 3397 33 26 de
1235 3393 83 27 nôtre
1333 3397 71 27 pays
1420 3390 11 26 ?

1056 3448 12 13 «
1085 3437 43 27 Où
1142 3435 72 26 l'eau
1231 3426 93 34 coule,
1350 3428 63 25 tous
1435 3425 40 26 les
1500 3425 80 27 biens
1609 3426 126 27 arrivent
1752 3437 22 24 »,

1022 3471 39 27 dit
1076 3480 34 20 un
1126 3468 63 30 vieil
1205 3464 100 33 adage.
1674 3496 76 6 ...

1057 3508 38 27 Ne
1109 3502 152 33 l'oublions
1273 3504 60 27 pas.
1351 3496 34 27 Et
1398 3502 56 28 que
1472 3496 61 26 tous
1546 3503 73 19 ceux
1632 3503 47 26 qui
1693 3504 71 25 jouis-

1023 3544 64 25 sent
1106 3543 39 27 du
1163 3539 118 27 charme
1302 3533 35 27 de
1357 3539 53 20 nos
1434 3530 129 35 rivières,
1586 3539 56 27 que
1664 3533 41 26 les
1729 3533 33 34 pê-

1023 3579 103 27 cheurs
1140 3570 122 33 surtout,
1280 3568 50 34 qui
1351 3568 137 26 trouvent
1512 3574 50 20 sur
1586 3567 78 27 leurs
1693 3568 85 26 bords

1024 3613 40 26 les
1081 3614 103 26 douces
1198 3604 141 31 émotions
1363 3604 33 26 de
1422 3602 65 27 leur
1513 3605 77 32 sport
1618 3602 102 35 favori,
1750 3611 27 20 se

1023 3634 106 41 liguent
1142 3648 73 33 pour
1230 3639 135 37 proléger
1377 3639 25 26 la
1416 3645 104 20 source
1535 3638 96 34 claire,
1641 3639 27 27 la
1677 3639 100 27 rivière

1024 3685 87 22 calme
1129 3685 26 22 cl
1170 3680 25 27 le
1208 3678 96 27 fleuve
1320 3673 194 34 majestueux.

1058 3774 99 30 Ouand
1169 3771 27 35 je
1211 3765 120 35 regarde
1355 3765 69 27 dans
1452 3764 26 28 le
1506 3765 94 34 passé,
1628 3772 35 20 au
1689 3767 94 34 temps

1025 3811 61 33 déjà
1101 3807 117 32 lointain
1232 3804 34 26 de
1283 3809 46 19 ma
1339 3800 148 37 jeunesse,
1498 3800 26 35 je
1537 3800 96 28 revois
1648 3808 54 21 une
1716 3802 66 34 jolie

1024 3846 102 30 rivière
1140 3848 56 24 aux
1212 3846 76 20 eaux
1304 3836 130 34 limpides
1454 3843 50 20 sur
1515 3843 40 20 un
1569 3836 69 27 fond
1652 3837 35 27 de
1703 3836 79 28 sable

1025 3885 26 27 et
1069 3883 32 27 de
1114 3879 83 38 galet'
1214 3874 87 28 Entre
1315 3872 50 27 des
1380 3872 104 34 berges
1498 3872 109 33 basses,
1625 3873 15 26 à
1664 3872 118 32 l'ombre

1025 3920 50 26 des
1094 3917 93 28 saules
1207 3912 110 32 trapus,
1336 3907 53 28 elle
1406 3907 81 28 coule
1502 3909 17 26 à
1531 3909 110 26 travers
1652 3915 57 21 une
1728 3908 43 28 val-

1024 3954 45 28 lée
1082 3952 143 28 herbeuse
1241 3951 56 27 que
1313 3944 89 26 borne
1419 3944 15 26 à
1456 3944 136 27 l'horizon
1617 3951 40 19 un
1682 3944 102 28 rideau

1026 3990 35 27 dé
1069 3989 85 27 hauts
1168 3980 157 38 peupliers.
1344 3978 104 34 Séjour
1463 3979 180 27 enchanteur
1672 3983 28 25 et
1728 3980 41 27 for-

1029 4024 63 27 tuné
1108 4024 34 27 où
1160 4015 184 33 s'écoulaient
1362 4022 35 19 on
1410 4015 155 33 baignades
1583 4016 26 25 et
1622 4022 35 20 en
1676 4015 107 34 pêches

1026 4058 204 28 miraculeuses
1243 4058 52 21 nos
1303 4050 137 35 journées
1447 4050 34 27 de
1491 4057 141 25 vacances
1641 4052 26 26 et
1676 4051 106 27 d'école

1028 4093 206 31 buissonnière.

1061 4133 34 26 Le
1110 4126 138 33 souvenir
1272 4123 77 26 m'en
1372 4123 67 26 était
1461 4123 77 26 reste
1561 4130 22 19 si
1604 4129 99 20 vivcco
1721 4123 27 26 et
1761 4130 22 19 si

1029 4167 63 27 frjig
1104 4166 66 35 qu'à
1193 4161 83 33 vingt
1297 4165 51 20 ans
1372 4157 33 27 de
1428 4159 128 26 distance
1578 4159 26 33 je
1629 4159 105 26 voulus
1759 4159 25 26 la

1030 4202 90 27 revoir
1146 4200 27 27 la
1187 4196 66 35 jolie
1270 4194 104 27 rivière
1388 4194 33 27 de
1437 4201 66 20 mon
1519 4194 132 28 enfance.

1057 4237 84 28 liélas
1154 4230 5 38 !
1187 4238 57 30 que
1269 4230 34 27 de
1337 4230 204 33 changements
1556 4230 4 38 !
1597 4230 131 33 D'abord,
1759 4230 25 26 le

1030 4269 67 32 talus
1110 4273 85 27 d'une
1212 4267 76 34 ligne
1304 4265 33 28 do
1363 4265 115 28 chemin
1500 4265 33 27 de
1556 4265 44 27 fer
1622 4264 115 34 coupait
1760 4264 24 27 la

1029 4307 86 28 vallée
1134 4306 83 28 verte
1239 4310 37 19 en
1305 4302 77 26 deux
1408 4302 137 33 tronçons
1569 4300 126 34 inégaux
1708 4299 5 37 ;
1743 4299 40 27 les

1029 4343 139 35 peupliers
1183 4337 113 31 avaient
1310 4336 132 35 disparu,;
1472 4336 81 33 mais,
1579 4336 72 26 dans
1672 4335 27 26 la
1721 4342 47 26 per-

1030 4380 130 32 spective,
1175 4383 31 21 se
1220 4372 161 30 dressaient
1395 4374 17 26 à
1424 4371 64 28 leur
1513 4372 81 33 place
1619 4370 33 27 de
1683 4370 100 28 hautes

1029 4400 161 46 cjeminé'es
1206 4408 119 31 d'usine.
1350 4408 32 27 Et
1408 4408 26 26 la
1460 4407 174 26 rivière?...
1655 4406 74 27 Sous
1743 4406 40 27 les

1030 4452 91 26 saules
1131 4446 139 32 chevelus
1287 4446 27 26 et
1329 4441 151 37 rabougris
1495 4441 50 35 qui
1559 4448 31 19 se
1611 4440 172 35 penchaient

1030 4494 44 20 sir
1089 4486 52 28 elle
1157 4488 111 22 comme
1281 4488 74 27 pour
1367 4478 99 28 mieux
1479 4478 26 27 la
1519 4475 165 30 dissimuler
1700 4478 15 25 à
1726 4483 58 20 mes

1028 4522 112 33 regards
1155 4517 221 33 désenchantés,
1395 4514 53 28 elle
1463 4512 112 35 roulait,
1593 4512 154 27 maussade
1759 4512 25 26 et

1029 4557 145 32 taciturne,
1193 4561 52 20 son
1260 4552 74 28 onde
1350 4550 124 37 polluée.

1057 4593 38 28 Ce
1110 4590 115 37 jour-là,
1235 4589 53 28 elle
1302 4587 162 35 m'apparut
1476 4586 66 27 d'un
1557 4591 90 28 rouge
1657 4583 125 35 sombre,

1029 4628 63 27 ddn
1106 4633 90 27 rouge
1212 4626 33 27 de
1258 4632 72 27 sang
1345 4623 74 31 mêlé
1440 4622 185 34 d'impuretés
1636 4629 6 25 ;
1667 4620 26 26 le
1722 4619 46 27 len-

1030 4662 116 32 demain,
1161 4668 47 21 ses
1225 4668 73 20 eaux
1323 4659 106 27 étaient
1454 4658 104 27 teinles
1581 4663 35 21 en
1648 4655 61 28 vert
1722 4664 6 25 ;
1759 4655 25 28 le

1030 4696 217 33 surlendemain,
1265 4703 34 19 en
1316 4695 78 26 bleu.

1061 4733 32 26 Et
1107 4733 24 26 le
1146 4731 132 27 meunier
1292 4729 93 27 voisin
1401 4736 45 19 me
1459 4728 163 33 renseigna.

1063 4767 58 27 Une
1134 4765 131 33 fabrique
1279 4765 34 26 de
1326 4763 139 28 teintures
1481 4765 28 26 et
1524 4763 34 27 de
1578 4762 129 34 produits
1728 4761 43 27 chi-

1030 4801 109 33 miques
1161 4800 67 27 était
1257 4806 93 20 venue
1375 4798 154 28 s'installer
1548 4799 35 32 là,
1617 4799 37 31 et,
1684 4798 99 34 depuis

1031 4834 64 31 htrs,
1113 4837 26 26 la
1150 4834 105 28 rivière
1271 4834 151 31 changeait
1437 4833 72 27 ainsi
1524 4833 34 27 do
1581 4833 120 28 couleur
1727 4832 57 28 sui-

1793 243 69 26 vanl
1874 241 28 27 la
1918 241 85 26 leinlc
2021 241 50 26 des
2086 240 158 34 déjections
2264 243 56 28 que
2341 235 104 26 l'usine
2459 242 19 26 y
2491 235 48 33 pré-

1793 276 106 35 cipitai!
1911 276 112 34 chaque
2039 275 74 34 jour.

1827 319 76 34 Ceci,
1920 321 69 26 c'est
2004 319 136 26 l'histoire
2170 314 175 31 lamentable
2374 313 65 26 d'un
2464 313 91 34 grand

1792 357 119 27 nombre
1924 357 34 26 do
1975 363 53 19 nos
2042 354 83 34 jolies
2139 353 119 27 rivières
2280 352 34 26 do
2337 348 119 28 France.
2478 348 77 27 Pour

1792 392 28 26 la
1833 391 176 27 satisfaction
2034 390 145 27 d'intérêts
2204 385 193 38 particuliers,
2422 384 132 27 combien

1792 428 109 27 d'entre
1917 426 72 27 elles
2007 426 47 26 ont
2070 425 44 26 été
2132 424 144 27 sacrifiées
2289 422 5 33 !

1826 470 33 30 Et
1881 478 32 20 ce
1936 471 73 26 n'est
2027 477 52 27 pas
2102 468 163 28 seulement
2289 472 34 20 au
2341 463 79 35 point
2443 463 35 27 do
2498 470 57 20 vue

1792 507 178 34 pittoresque
1997 506 69 34 qu'il
2081 504 60 27 faut
2157 503 132 34 déplorer
2303 500 72 31 cela,
2393 500 70 26 c'est
2478 498 77 27 aussi

1791 549 74 27 pour
1891 541 136 27 l'atteinte
2052 540 98 34 portée
2166 541 15 26 à
2196 540 27 26 la
2237 535 161 38 prospérité
2414 535 124 26 économi-

1793 586 56 27 que
1863 578 50 27 des
1924 576 117 37 régions
2056 575 119 35 qu'elles
2191 573 171 27 traversent.

1827 621 21 27 11
1865 624 52 31 est,
1932 628 51 20 sur
1995 627 52 20 nos
2067 619 163 33 frontières,
2254 615 142 30 certaines
2424 613 131 28 contrées

1792 658 196 26 industrielles
2017 658 34 26 où
2081 656 40 27 les
2150 653 120 28 rivières
2293 651 116 27 roulent
2439 657 99 27 aujour-

1792 692 78 26 d'hui
1890 692 50 27 des
1956 699 74 20 eaux
2046 690 236 34 dépoissonnées.
2307 685 162 28 Demandez
2498 692 57 20 aux

1791 728 146 35 pêcheurs
1959 728 39 28 du
2020 726 77 27 Nord
2120 732 32 20 ce
2178 724 84 34 qu'ils
2295 728 35 22 en
2361 722 131 32 pensent.
2517 720 38 26 La

1792 763 115 34 plupart
1922 769 72 20 vous
2009 762 177 34 répondront
2198 768 66 27 que,
2277 756 105 28 devant
2398 756 26 26 la
2435 756 119 33 pénurie

1792 800 34 26 de
1850 797 128 35 poisson,
2006 797 34 27 ils
2067 798 69 25 vont
2160 795 150 35 pratiquer
2331 791 64 26 leur
2418 793 80 32 sport
2522 798 33 20 en

1793 834 148 34 Belgique,
1958 835 38 26 où
2011 834 41 26 les
2067 839 85 21 cours
2173 831 83 26 d'eau
2283 828 73 32 sont,
2374 826 65 34 plus
2463 826 79 28 effica-

1793 870 113 27 cement
1922 876 56 27 que
1995 868 67 27 chez
2076 874 84 26 nous,
2173 865 135 37 protégés
2322 867 53 31 par
2387 861 43 26 les
2441 861 61 27 lois.

1827 913 76 27 C'est
1917 919 59 20 une
1991 919 103 20 source
2118 912 34 27 de
2172 909 103 35 profits
2298 906 59 34 qui,
2385 906 33 26 do
2444 913 31 19 ce
2497 906 58 34 fait,

1789 950 63 26 •sort
1869 948 33 27 de
1923 948 109 27 France
2057 950 27 25 et
2107 953 37 20 va
2167 944 143 30 s'écouler
2331 947 45 21 au*
2393 940 63 27 delà
2478 940 34 27 de
2532 941 22 27 la

1794 984 148 27 frontière.

1830 1072 54 27 Les
1899 1078 72 28 gens
1989 1071 47 34 qui
2052 1070 174 35 plaisantent
2237 1069 26 27 le
2275 1065 130 37 pêcheur
2417 1064 17 26 à
2446 1063 27 27 la
2483 1064 76 34 ligne

1794 1108 26 27 le
1838 1108 149 27 déclarent
1998 1107 158 27 volontiers
2171 1102 148 31 inoffensif
2334 1102 27 26 et
2370 1100 154 34 pacifique.

1833 1153 39 26 Lo
1885 1152 139 34 pêcheur,
2042 1150 19 27 il
2076 1153 44 25 est
2144 1148 71 35 vrai,
2244 1148 109 27 déteste
2379 1144 165 27 souveraine-

1796 1189 80 25 ment
1891 1187 26 27 le
1931 1187 136 27 scandale
2085 1188 27 25 et
2124 1187 26 26 le
2163 1185 87 28 bruit.

1833 1231 50 27 S'il
1904 1232 43 26 est
1970 1231 172 33 convaincu,
2167 1230 19 27 il
2216 1225 146 31 s'absorbe
2386 1224 63 26 tout
2471 1225 91 26 entier

1798 1266 71 27 dans
1884 1273 58 21 une
1957 1266 128 27 fonction
2101 1265 64 34 qu'il
2183 1265 84 27 traite
2283 1265 111 25 comme
2409 1265 39 20 un
2465 1265 81 20 sacer-

1799 1303 79 33 doce,
1904 1304 27 26 et
1952 1302 27 27 la
2002 1302 77 34 prise
2101 1303 84 25 d'une
2215 1298 74 30 belle
2315 1296 80 34 pièce
2426 1293 137 35 équivaut

1798 1344 74 28 pour
1894 1337 43 27 lui
1961 1338 15 26 à
2000 1337 27 27 la
2050 1336 178 28 satisfaction
2254 1335 50 27 des
2328 1330 72 34 joies
2427 1329 43 27 les
2497 1330 66 34 plus

1798 1374 138 26 intenses.

1835 1408 48 27 S'il
1898 1408 73 27 n'est
1991 1408 89 33 qu'un
2104 1407 130 34 pêcheur
2250 1402 138 31 amateur,
2406 1398 43 28 s'il
2460 1407 37 21 va
2509 1402 15 26 à
2536 1400 27 28 la

1799 1443 92 35 pêche
1906 1450 74 27 pour
1997 1442 70 27 aller
2082 1449 35 19 au
2143 1442 72 26 bord
2237 1441 33 26 de
2293 1437 84 30 l'eau,
2406 1441 46 20 ses
2477 1435 72 34 jouis-

1800 1487 102 19 sances
1925 1486 35 20 ne
1988 1480 65 26 sont
2075 1485 51 27 pas
2154 1475 167 38 moindres,;
2339 1476 47 21 car
2408 1469 19 27 il
2451 1474 112 25 ressent

1800 1514 176 34 pleinement
1991 1514 27 26 la
2033 1514 99 33 poésie
2148 1513 38 26 du
2202 1512 78 34 plein
2297 1506 41 31 air
2354 1506 27 26 et
2400 1506 26 26 le
2446 1506 117 27 charme

1800 1551 34 27 de
1848 1551 25 27 la
1886 1552 111 26 nature.

1835 1593 34 28 Et
1881 1593 96 35 quand
2001 1593 19 26 il
2043 1593 97 27 rentre
2163 1591 26 28 le
2212 1591 66 32 soir,
2296 1590 14 26 à
2333 1585 111 28 l'heure
2465 1587 37 26 où
2522 1586 41 27 les

1801 1629 130 27 derniers
1961 1636 106 27 rayons
2088 1629 38 26 du
2146 1626 83 28 soleil
2251 1632 31 20 se
2306 1620 99 30 noient
2427 1622 71 28 dans
2520 1623 43 27 les

1801 1664 63 27 flots
1881 1664 83 27 dorés
1981 1664 33 27 de
2029 1664 28 27 la
2072 1663 115 33 rivière,
2204 1661 97 35 quand
2315 1658 14 26 il
2348 1656 113 34 entend,
2477 1658 14 26 à
2506 1659 44 25 tra-

1801 1708 65 20 vers
1887 1701 44 27 les
1950 1707 128 27 vapeurs
2100 1700 39 27 du
2161 1695 180 38 crépuscule,
2367 1691 26 26 le
2413 1691 152 30 tintement

1800 1735 146 27 troublant
1971 1735 34 26 de
2033 1735 139 33 l'angélus
2198 1741 37 20 ou
2250 1733 26 26 le
2291 1728 145 30 bêlement
2451 1728 112 33 plaintif

1801 1772 51 27 des
1867 1773 170 32 troupeaux,
2066 1770 19 26 il
2112 1769 126 35 éprouve
2251 1763 124 31 souvent
2391 1768 56 20 une
2461 1770 83 22 sensa-

1801 1807 58 26 tion
1872 1806 33 27 de
1916 1806 143 34 .quiétude
2074 1805 50 34 qui
2139 1805 115 27 confine
2270 1804 15 26 à
2302 1799 131 28 l'extase.

1839 1851 66 27 Mais
1922 1851 67 34 qu'il
2002 1850 54 27 soit
2078 1848 60 28 l'un
2159 1856 38 20 ou
2217 1847 115 30 l'autre,
2348 1841 129 34 pecheur
2491 1852 57 19 ama-

1802 1887 65 25 teur
1879 1893 37 19 ou
1931 1883 130 38 pêcheur
2075 1884 165 33 passionné,
2256 1883 17 26 il
2289 1878 123 34 importe
2427 1885 37 27 qu
2477 1879 17 26 il
2517 1879 33 27 dé-

1802 1922 89 26 truise
1909 1923 73 25 cette
1997 1919 123 35 légende
2139 1919 50 34 qui
2203 1917 50 28 fait
2265 1917 34 26 de
2315 1913 40 28 lui
2373 1919 38 20 un
2426 1913 59 28 être
2502 1916 48 26 uni-

1804 1958 138 32 quement
1972 1955 200 34 contemplatif
2194 1955 28 26 et
2245 1950 154 37 pacifique.
2431 1948 57 28 Son
2517 1951 33 27 do-

1804 1993 94 26 maine
1928 1994 43 25 est
2001 1990 120 28 menacé
2139 1984 5 39 :
2179 1989 70 34 qu'il
2281 1994 30 20 se
2341 1984 64 26 lève
2438 1993 73 26 pour
2539 1987 26 27 lo

1804 2027 138 27 défendre
1955 2027 5 27 !

1839 2070 76 30 C'est
1925 2079 58 19 aux
1996 2069 143 37 pêcheurs
2156 2068 33 28 de
2205 2068 110 27 France
2329 2069 35 28 qn
2378 2061 19 28 il
2407 2066 158 33 appartient

1806 2106 33 28 de
1852 2106 136 35 protéger
2002 2112 52 20 nos
2076 2105 120 27 rivières
2220 2102 99 27 contre
2344 2100 92 26 toutes
2456 2100 43 27 les
2519 2108 31 20 en-

1805 2143 137 34 treprises
1955 2139 191 35 susceptibles
2161 2139 34 27 de
2211 2133 181 32 contaminer
2405 2133 78 30 leurs
2492 2144 73 21 eaux

1806 2185 37 19 ou
1857 2178 33 26 do
1904 2177 126 27 détruire
2044 2177 25 26 le
2083 2176 178 34 pittoresque
2283 2171 33 27 de
2341 2169 78 28 leurs
2440 2171 77 28 rives
2542 2173 24 25 et

1807 2213 33 27 de
1857 2212 195 34 sauvegarder
2067 2211 72 27 ainsi
2165 2217 47 20 ces
2237 2209 78 27 deux
2331 2211 128 27 sources,
2477 2207 74 33 égale-

1806 2250 79 26 ment.
1898 2246 206 35 respectables,
2121 2246 34 26 de
2172 2244 129 27 richesse
2316 2241 28 26 el
2357 2238 33 27 de
2404 2239 113 30 beauté.

2372 2291 39 28 LA
2415 2300 31 21 CA
2452 2302 14 19 N
2472 2302 45 19 RE.

1825 2401 86 54 LA.
1943 2389 206 66 PÈCHE
2185 2401 38 52 A
2261 2395 87 60 LA
2368 2394 187 59 LIGNE

1850 2516 43 31 Le
1915 2515 117 32 succès
2060 2512 231 32 considérable
2317 2511 170 41 remporté
2516 2520 59 32 par

1809 2558 97 32 notre
1923 2556 216 41 supplément
2153 2554 237 44 exceptionnel
2417 2554 32 32 la
2467 2552 104 33 Pêche

1809 2601 20 30 à
1859 2598 35 32 la
1937 2598 87 39 ligne
2056 2597 132 32 montre
2218 2596 155 31 combien
2400 2596 32 31 le
2459 2596 113 40 public

1812 2640 191 31 s'intéresse
2019 2640 19 28 à
2053 2637 32 31 la
2098 2636 157 39 question
2270 2636 39 30 de
2324 2636 116 37 pêche.

1848 2680 51 28 Au
1911 2678 174 31 ministère
2100 2676 39 28 de
2152 2674 227 38 l'agriculture
2392 2675 32 26 et
2439 2681 43 20 au
2493 2674 60 35 Syn-

1811 2719 87 28 dicat
1919 2715 129 32 central
2073 2715 58 28 des
2150 2712 190 40 présidents
2366 2711 38 30 de
2428 2712 143 28 sociétés

1812 2756 170 39 dépêché,
2002 2763 44 21 on
2066 2761 41 21 ne
2134 2752 206 30 connaissait
2360 2751 119 40 qu'une
2505 2750 51 30 cin-

1812 2794 181 39 quantaine
2034 2792 39 28 de
2101 2799 98 21 noms
2231 2791 39 30 de
2298 2791 152 31 sociétés.
2483 2790 90 30 Nous

1812 2841 148 24 sommes
1976 2831 126 30 arrives
2115 2831 18 28 à
2151 2839 41 20 en
2213 2831 116 30 réunir
2355 2831 73 39 près
2457 2830 39 28 de
2524 2829 50 30 six

1813 2872 93 30 cents
1932 2880 43 20 en
2001 2870 149 30 donnant
2172 2870 19 30 à
2218 2870 151 32 chacune
2385 2869 113 32 d'elles
2511 2877 63 21 son

1812 2911 77 30 titre
1903 2910 171 37 véritable,
2100 2919 35 22 sa
2158 2908 74 33 date
2264 2911 38 30 de
2329 2909 183 34 fondation,
2542 2908 31 30 le

1812 2960 80 21 nom
1918 2949 39 31 de
1993 2959 63 22 son
2079 2949 180 40 président,
2295 2950 30 31 le
2355 2950 139 31 nombre
2533 2948 39 30 de

1814 2999 54 21 ses
1880 2989 180 37 membres,
2091 2989 48 31 les
2164 2989 124 31 limites
2314 2991 133 31 exactes
2476 2988 40 31 de
2538 2996 38 21 sa

1814 3030 120 40 sphère
1950 3030 155 35 d'action,
2122 3030 30 30 le
2169 3030 141 31 nombre
2327 3032 32 28 et
2385 3027 171 39 l'emplace-

1814 3070 94 31 ment
1937 3070 39 30 de
2008 3079 53 21 ses
2091 3069 280 33 cantonnements
2400 3070 43 33 et,
2472 3067 102 31 chose

1815 3109 246 32 extrêmement
2070 3109 234 38 intéressante,
2316 3119 52 21 ses
2375 3107 197 32 desiderata.

1856 3150 102 30 Grâce
1974 3151 19 28 à
2009 3150 32 30 la
2056 3149 105 30 Pêche
2173 3148 19 30 à
2210 3148 33 30 la
2255 3149 89 40 ligne
2349 3174 6 12 ,
2373 3151 47 28 les
2432 3146 144 33 sociétés

1819 3189 39 30 de
1881 3189 165 40 pêcheurs
2070 3190 19 28 à
2108 3188 33 30 la
2166 3188 90 37 ligne
2278 3190 156 38 peuvent,
2464 3188 94 28 désor-

1817 3229 148 37 mais,,se
1980 3228 185 34 connaître,
2184 3228 32 30 et
2231 3229 240 40 correspondre
2484 3228 92 28 entre

1819 3268 92 34 elles,
1928 3269 43 34 et,
1989 3268 220 32 connaissant
2223 3268 52 31 les.
2289 3279 100 22 vœux
2415 3267 96 35 émis,
2531 3267 47 30 les

1818 3308 148 32 besoins,
1995 3309 48 30 les
2078 3307 104 31 essais
2194 3307 123 38 tentés,
2341 3311 47 30 les
2405 3306 156 41 repeuple-

1818 3348 111 31 ments
1942 3347 174 35 effectués,
2132 3347 99 35 enfin,
2255 3347 47 32 les
2316 3348 157 31 résultats
2486 3347 76 28 obte-

1819 3399 63 20 nus
1894 3398 61 30 par
1969 3389 151 30 chacune
2146 3386 124 38 d'elles,
2303 3389 156 32 marcher
2481 3386 97 31 unies

1820 3430 83 30 dans
1919 3429 33 28 la
1971 3428 111 30 même
2100 3426 85 31 voie.

1860 3468 107 37 Aussi,
1996 3476 41 21 ne
2068 3465 255 37 saurions-nous
2352 3470 73 38 trop
2452 3474 107 24 recom-

1820 3509 142 30 mander
1977 3508 18 28 à
2009 3508 77 28 tous
2100 3515 63 21 nos
2183 3506 145 34 lecteurs
2344 3510 39 30 de
2400 3515 181 22 conserver

1822 3547 278 39 soigneusement
2125 3554 37 21 ce
2178 3548 142 31 numéro
2336 3546 243 40 exceptionnel,

1824 3588 27 31 si
1866 3587 157 39 complet,
2037 3586 57 38 qui
2107 3586 123 30 touche
2241 3588 18 27 à
2270 3588 72 32 tan+
2357 3587 180 32 d'intérêts.

1861 3627 61 31 Les
1936 3633 185 33 personnes
2133 3625 52 46 qui
2198 3627 187 32 n'auraient
2399 3637 45 30 pu
2459 3635 33 21 se
2507 3635 56 31 pro-

1826 3676 97 22 curer
1950 3666 28 30 la
2002 3665 107 32 Pêche
2127 3673 19 20 a,
2167 3664 34 30 la
2231 3665 87 40 ligne
2343 3669 78 31 chez
2438 3666 47 31 les
2498 3676 63 21 mar-

1826 3706 126 32 chands
1981 3705 39 31 de
2052 3705 172 38 journaux
2252 3707 148 37 peuvent
2433 3716 85 21 nous
2554 3706 27 31 la

1826 3745 183 32 demander
2028 3744 223 31 dircctemenl.
2276 3744 86 33 Nous
2381 3748 72 30 leur
2470 3755 93 21 enver-

1825 3796 89 22 rons,
1931 3785 126 34 franco,
2068 3784 31 31 le
2119 3783 142 31 numéro
2274 3788 113 30 contre
2404 3796 46 20 un
2466 3785 115 31 timbre

1826 3827 40 26 de
1890 3827 31 26 10
1946 3824 174 28 centimes.

1835 3934 80 80 LE
1951 3932 296 83 VOYAGE
2288 3932 295 83 ANNUEL

1861 4085 117 37 Chaque
1994 4085 103 34 année,
2112 4093 35 21 an
2164 4084 72 28 mois
2252 4083 105 37 d'août,
2375 4083 34 28 M.
2427 4082 159 34 Guillaume

1826 4130 37 20 va
1878 4123 71 27 faire
1965 4130 51 20 son
2029 4123 71 34 polit
2114 4129 120 28 voyage.

1864 4157 74 28 Dans
1962 4159 26 27 le
2007 4159 129 35 quartier
2156 4159 38 27 du
2210 4156 126 37 Temple,
2353 4157 61 27 tout
2437 4156 26 28 le
2484 4157 103 27 monde

1827 4194 115 27 connaît
1955 4194 38 27 M.
2004 4195 162 27 Guillaume
2174 4204 6 25 ;
2198 4195 28 26 et
2236 4194 39 27 du
2287 4193 73 28 seuil
2375 4194 47 26 des
2434 4193 152 35 boutiques

1827 4230 119 31 glissent
1968 4230 50 26 des
2040 4228 141 35 bonjours
2200 4230 289 35 respectueusement
2510 4228 61 26 fami-

1827 4265 72 27 liers-
1923 4265 116 34 lorsque
2067 4264 92 35 passe'
2174 4265 141 28 l'aimable
2331 4264 136 33 vieillard,
2490 4271 97 26 menu,

1827 4300 109 33 brossé,
1952 4300 65 26 rasé
2034 4299 33 27 de
2092 4300 77 33 près,
2184 4306 105 28 propre
2314 4306 107 21 comme
2444 4306 58 20 une
2516 4299 71 27 vitre

1827 4335 96 32 claire,
1937 4342 46 19 ses
2007 4335 131 26 cheveux
2161 4335 100 27 blancs
2282 4336 135 26 bouclant
2438 4336 104 26 autour
2555 4332 32 30 de

1827 4377 53 20 son
1906 4369 130 35 chapeau
2060 4370 33 26 do
2122 4369 104 34 feutre,
2246 4378 31 19 sa
2301 4378 91 20 canne
2413 4371 129 33 tapotant
2562 4370 25 27 le

1828 4404 110 27 irotloir
2010 4410 66 28 pan,
2098 4410 65 28 pan,
2185 4413 57 26 pan
2306 4408 37 26 où
2368 4407 34 27 M.
2426 4404 161 30 Guillaume

1826 4440 118 27 marche
1969 4440 161 34 posément,
2150 4440 87 28 allant
2262 4442 132 34 toujours
2418 4448 52 21 son
2496 4442 91 27 même

1826 4475 116 28 chemin
2004 4482 67 26 pan,
2088 4482 66 27 pan,
2171 4475 104 34 pan...

1864 4512 19 26 Il
1900 4519 18 27 y
1933 4519 25 25 a,
1975 4511 71 27 dans
2061 4511 142 28 certaines
2219 4512 110 28 vieilles
2343 4513 90 32 villes,
2450 4511 50 28 des
2516 4512 57 27 anti-

1827 4554 71 27 ques
1915 4546 133 34 horloges
2065 4552 51 21 sur
2128 4546 156 34 lesquelles
2297 4554 40 20 un
2359 4547 170 27 bonhomme
2554 4554 33 19 en

1825 4583 64 28 bois
1904 4590 38 21 ou
1957 4589 37 21 on
2007 4580 116 34 bronze,
2139 4581 92 28 tantôt
2245 4583 72 34 seul,
2336 4584 86 27 tantôt
2438 4587 131 30 accompa-

1826 4619 56 34 gné
1897 4619 35 26 de
1955 4618 130 27 madame
2105 4624 56 20 son
2179 4618 117 34 épouse,
2314 4619 99 33 frappe
2425 4618 43 26 les
2484 4618 103 26 heures

1826 4654 103 37 depuis
1943 4654 51 27 des
2009 4652 112 27 siècles.
2140 4652 66 27 Cela
2218 4652 136 35 s'appelle
2368 4661 39 21 un
2418 4652 169 35 jaquemart.

1827 4691 37 26 M.
1881 4689 162 30 Guillaume
2060 4689 45 26 est
2118 4688 24 27 si
2154 4688 66 28 bien
2236 4690 78 33 réglé
2329 4690 72 27 dans
2418 4696 45 20 ses
2477 4688 94 28 habitu-

1827 4727 51 27 des
1900 4723 201 34 méthodiques
2121 4723 69 34 qu'il
2213 4724 129 33 pourrait
2360 4724 60 27 être
2440 4723 146 27 considéré

1827 4768 112 21 comme
1952 4767 39 20 un
2007 4759 162 37 jaquemart
2183 4767 52 28 par
2249 4760 40 27 les
2302 4760 142 30 habitants
2457 4760 38 26 du
2509 4766 63 27 quar-

1827 4796 64 28 tier.
1916 4795 69 27 Mais
2008 4795 18 26 il
2053 4795 46 26 n'a
2112 4795 81 33 point
2209 4795 145 34 d'épouse.
2381 4795 33 28 Et
2426 4795 67 26 c'est
2505 4795 66 33 peut-

1828 4834 60 26 clre
1900 4839 74 24 pour
1990 4831 63 28 cela
2066 4831 69 32 qu'il
2150 4832 112 27 montre
2275 4833 73 26 celte
2366 4830 119 30 sérénité
2500 4837 86 26 ponc-

2596 246 98 27 tuellc.
2708 244 76 27 Tous
2811 250 46 20 ses
2885 243 77 27 actes
2986 243 155 33 marquent
3159 242 41 26 les
3222 242 141 26 minutes.'

2598 281 78 27 Voici
2699 281 34 26 M.
2751 280 161 27 Guillaume
2926 278 48 35 qui
2994 280 60 25 sort
3070 278 34 27 de
3119 278 69 27 chez
3202 276 41 28 lui
3261 276 5 37 :
3283 276 18 27 il
3317 278 41 26 est

2597 317 76 34 juste
2686 315 72 27 neuf
2771 315 117 27 heures.
2909 314 33 26 Et
2962 314 27 26 le
3006 313 138 33 vieillard,
3161 314 161 26 traversant
3333 312 25 27 la

2596 359 64 27 rue,
2674 359 35 20 va
2734 351 123 34 prendre
2884 357 53 20 son
2966 347 113 35 journal
3094 354 57 28 que
3175 347 40 27 lui
3240 347 69 27 tend
3333 346 26 27 la

2597 386 174 28 marchande
2786 392 66 20 sans
2869 385 67 34 qu'il
2949 385 38 26 ait
3002 384 100 27 besoin
3118 383 175 35 d'exprimer
3307 390 52 20 son

2597 423 85 27 désir.
2708 422 37 27 M.
2758 422 162 27 Guillaume
2947 420 79 27 entre
3048 419 69 27 chez
3145 418 26 27 le
3197 418 115 27 barbier

2597 457 72 27 neuf
2686 457 106 27 heures
2805 456 61 27 dix!
2930 457 28 26 et
2981 456 27 27 la
3031 461 117 21 mousse
3163 455 34 27 de
3215 461 90 20 savon
3318 455 40 25 est

2597 494 27 26 la
2640 493 79 27 seule
2734 493 85 27 chose
2833 491 155 34 éphémère
3005 490 71 27 dans
3093 490 27 26 la
3135 490 137 33 boutique
3287 496 53 20 som-

2597 529 51 26 bre
2673 529 37 26 où
2733 528 37 27 M.
2784 528 163 27 Guillaume
2972 528 145 32 retrouve,
3133 526 111 33 chaque
3260 523 98 34 malin,

2600 570 52 20 son
2661 562 131 33 fauteuil,
2804 569 52 20 son
2868 568 117 28 garçon,
2995 568 46 20 ses
3051 561 93 33 objets
3155 560 203 28 immuables...

2598 599 185 34 Maintenant,
2804 599 70 27 c'est
2896 598 26 27 le
2944 599 66 26 tour
3032 596 38 27 du
3090 596 112 27 bureau
3219 595 34 27 de
3268 595 90 27 tabac.

2598 634 37 27 M.
2653 633 161 28 Guillaume
2829 640 37 20 ne
2878 633 79 26 fume
2973 640 65 26 pas;
3059 632 18 27 il
3098 632 89 34 prise.
3213 631 33 27 Et
3267 631 19 27 il
3300 631 59 27 s'en

2598 678 35 19 va
2659 669 141 28 chercher
2815 676 52 20 son
2894 670 99 25 cornet
3014 666 148 35 quotidien
3189 667 15 26 à
3230 673 40 20 un
3285 666 73 26 débit

2598 705 129 32 lointain,
2739 705 63 26 tout
2813 711 35 20 au
2864 704 70 26 bout
2947 704 34 26 de
2996 704 27 26 la
3033 710 52 20 rue
3104 703 154 33 Béranger.
3274 700 67 27 Pour-

2600 739 67 37 quoi
2692 739 24 27 si
2738 738 76 27 loin?
2833 738 90 28 Parce
2940 744 56 28 que
3017 737 35 33 là,
3072 748 12 14 «
3099 744 37 20 on
3157 737 51 27 fait
3230 736 129 28 meilleur

2600 776 80 34 poids
2696 784 25 18 ».
2740 774 45 28 Au
2809 774 102 33 moins,
2927 772 38 27 M.
2980 772 161 28 Guillaume
3156 780 32 20 se
3208 772 152 33 l'imagine.

2601 813 33 26 Et
2656 816 176 26 commence,
2849 809 122 32 ensuite,
2992 808 177 27 l'invariable
3188 808 172 34 promenade

2600 848 26 26 le
2640 846 69 35 long
2724 846 50 27 des
2796 843 110 28 mêmes
2922 849 79 28 rues,
3019 849 51 21 sur
3090 843 27 26 le
3137 842 94 28 même
3247 842 61 27 côté
3325 842 34 27 du

2601 881 119 34 trottoir,
2740 880 136 34 jusqu'au
2895 879 94 28 même
3008 879 165 34 reverbère,
3191 879 66 27 d'où
3280 878 19 28 il
3319 886 27 20 re-

2601 920 102 25 tourne
2732 924 50 20 sur
2803 922 45 20 ses
2875 921 63 28 pas.
2954 914 76 27 Tous
3053 914 43 27 les
3123 914 91 34 jours,
3231 915 65 26 tous
3320 914 43 26 les

2603 953 129 34 jours...

2636 987 66 27 Midi
2717 986 92 28 moins
2824 985 77 34 cinq,
2919 985 39 26 La
2981 985 135 27 caissière
3143 985 38 26 du
3208 985 71 33 polit
3306 991 43 20 res-

2601 1024 115 26 taurant
2750 1024 37 26 où
2810 1020 19 27 il
2856 1026 104 28 mange
2992 1026 30 20 se
3060 1019 40 27 dit
3123 1019 5 35 :
3159 1031 13 12 «
3188 1019 76 27 Dans
3287 1019 77 26 doux

2601 1057 136 34 minutes,
2763 1057 34 27 M.
2818 1056 162 28 Guillaume
3004 1063 34 20 va
3059 1055 119 27 arriver.
3196 1065 13 13 »
3234 1055 37 27 M.
3288 1055 61 28 Guil-

2601 1094 96 27 laume
2712 1093 102 33 arrive,
2828 1100 35 20 en
2880 1091 76 28 effet.
2976 1090 19 27 Il
3008 1090 80 27 salue
3104 1090 138 34 poliment
3254 1090 26 26 la
3295 1090 56 26 cais-

2602 1129 84 33 sière,
2706 1129 48 33 qui
2778 1128 157 27 l'accueille
2959 1127 69 27 d'un
3051 1126 85 28 fidèle
3162 1123 111 30 sourire
3299 1131 50 27 par-

2603 1163 103 27 dessus
2733 1165 43 26 les
2796 1163 104 34 tulipes
2927 1162 103 34 posées
3053 1169 51 20 sur
3117 1161 26 27 le
3167 1160 149 35 comptoir,
3345 1161 19 26 il

2603 1200 119 27 s'assied
2747 1201 17 26 à
2786 1200 27 26 la
2841 1199 76 27 table
2934 1198 48 35 qui
3007 1198 40 27 lui
3074 1199 44 26 est
3139 1196 135 28 réservée
3298 1198 27 25 cl
3338 1195 28 27 la

2603 1234 96 27 bonne
2719 1234 40 26 lui
2781 1235 128 33 apporte,
2933 1240 69 21 sans
3025 1233 178 33 commande,
3220 1240 46 19 ses
3289 1233 76 26 deux

2604 1270 74 27 œufs
2702 1277 50 20 sur
2773 1270 25 26 le
2820 1270 59 34 plat
2901 1271 28 25 et
2949 1276 53 20 son
3026 1269 104 34 ragoût
3145 1276 56 19 aux
3223 1273 141 28 pommes,

2606 1305 64 26 sauf
2682 1305 34 26 .le
2730 1305 146 32 vendredi,
2895 1304 48 34 qui
2966 1305 43 26 est
3028 1304 27 27 le
3078 1303 66 35 jour
3161 1304 34 27 de
3219 1303 27 28 la
3266 1310 99 20 morue

2607 1348 57 20 aux
2678 1337 178 38 épinards...
2878 1339 32 27 Et
2933 1341 64 26 tout
3011 1338 60 28 cela
3086 1338 176 34 s'accomplit
3279 1337 73 27 silen-

2606 1376 185 27 cieusement.
2822 1376 35 26 M.
2875 1375 163 28 Guillaume
3066 1376 46 26 n'a
3137 1382 52 27 pas
3211 1372 102 30 besoin
3332 1374 33 26 de

2604 1411 104 34 parler.
2735 1411 19 26 Il
2777 1408 17 30 d
2817 1410 157 35 supprimé,
2993 1417 37 19 on
3044 1416 31 20 ce
3090 1409 47 34 qui
3161 1409 26 27 le
3211 1416 152 26 concerne,

2606 1448 107 33 l'usage
2726 1447 34 27 de
2781 1446 27 27 la
2831 1447 109 34 parole.
2962 1446 37 27 Ce
3025 1447 65 26 sont
3103 1446 50 27 dos
3174 1444 69 27 rites
3267 1443 99 28 établis

2607 1482 100 34 depuis
2721 1478 161 38 longtemps
2907 1482 27 26 et
2947 1488 56 27 que
3026 1488 35 19 ne
3078 1480 146 28 sauraient
3240 1480 129 27 troubler

2604 1518 43 27 les
2661 1518 175 27 révolutions
2852 1518 33 26 de
2901 1517 27 27 la
2940 1524 52 19 rue
3006 1517 30 26 ni
3048 1517 41 27 les
3100 1515 267 28 bouleversements

2607 1553 126 26 sociaux.
2752 1552 20 26 11
2787 1559 17 26 y
2817 1559 15 19 a
2846 1559 35 19 ou
2897 1552 50 26 des
2963 1552 130 27 émeutes
3105 1552 71 27 dans
3191 1552 25 27 le
3230 1551 135 34 quartier,

2602 1587 56 27 .des
2669 1586 152 35 galopades
2837 1586 34 26 do
2887 1585 197 34 municipaux.
3111 1586 32 26 Et
3159 1587 15 26 à
3190 1586 67 27 midi
3275 1585 93 27 moins

2607 1623 74 34 cinq,
2707 1622 35 27 M.
2774 1620 159 28 Guillaume
2963 1623 44 24 est
3032 1618 172 30 entré'dans
3237 1629 52 19 son
3318 1629 35 27 po-

2608 1658 31 27 lit
2679 1657 162 27 restaurant
2875 1655 128 28 habituel
3030 1657 28 25 et
3090 1663 12 19 a
3146 1656 126 33 attendu,
3301 1663 67 20 sans

2607 1694 96 34 bruit,-
2722 1693 84 35 qu'on
2833 1690 39 28 lui
2896 1690 90 28 servît
3011 1697 53 20 son
3086 1690 103 33 ragoût
3215 1697 58 20 aux
3286 1697 63 27 pom-

2608 1736 109 21 mes...
2746 1729 93 33 Ayant
2872 1727 113 34 mangé,
3019 1727 35 27 M.
3084 1726 161 30 Guillaume
3274 1727 94 27 essuie

2608 1765 235 35 soigneusement
2874 1763 40 27 les
2947 1762 113 28 miettes
3090 1761 129 30 tombées
3247 1769 48 21 sur
3324 1769 47 20 ses

2608 1801 104 28 habits.
2726 1800 21 27 11
2763 1800 105 34 dépose
2883 1807 51 20 sur
2948 1799 27 27 la
2996 1798 76 28 table
3086 1800 102 33 quatre
3208 1806 66 20 sous
3295 1805 76 28 pour

2608 1838 26 27 le
2654 1835 151 37 pourboire
2823 1835 33 27 de
2880 1834 28 27 la
2929 1834 107 28 bonne.
3063 1833 32 28 EL
3109 1834 19 26 il
3142 1835 59 26 s'en
3216 1841 35 19 va
3267 1833 33 27 de
3318 1840 53 20 son

2608 1879 51 27 pas
2678 1871 162 34 tranquille,
2856 1878 32 20 sa
2910 1877 102 26 canne,
3024 1871 129 34 tapotant
3172 1870 26 27 le
3215 1869 110 28 trottoir

2608 1913 66 31 pan,
2692 1915 66 27 pan,
2771 1913 104 31 pan...

2643 1943 100 34 Quelle
2757 1943 86 27 chose
2859 1942 100 34 simple
2978 1948 56 28 que
3046 1941 27 27 la
3086 1939 60 28 vie!

2643 1983 56 26 Les
2713 1983 113 26 enfants
2842 1983 38 26 du
2895 1989 104 27 square
3013 1981 38 27 du
3060 1980 116 34 Temple
3188 1977 183 30 connaissent

2608 2019 67 27 bien
2692 2017 35 27 M.
2745 2017 170 28 Guillaume.
2942 2016 33 27 Et
2994 2016 43 27 les
3056 2016 155 26 moineaux
3227 2015 38 27 du
3279 2014 92 34 jardin

2610 2054 184 27 connaissent
2810 2052 78 28 aussi
2901 2053 26 26 le
2941 2050 139 32 vieillard,
3097 2050 47 34 qui
3157 2049 80 27 vient
3259 2048 27 28 là
3304 2049 51 26 cha-

2610 2098 57 26 que
2679 2088 170 34 après-midi.
2869 2087 20 27 11
2898 2087 119 27 s'assied
3031 2094 48 20 sur
3089 2094 39 19 un
3141 2086 83 33 banc,
3241 2085 130 34 toujours

2609 2126 26 26 le
2652 2124 93 27 même
2757 2124 83 26 banc.
2858 2121 37 28 Sa
2910 2128 91 20 canne
3018 2122 79 25 entre
3115 2121 41 27 les
3168 2120 122 34 jambe?,
3306 2120 19 26 il
3340 2120 31 26 ht

2610 2159 157 27 lentement
2784 2165 52 20 son
2849 2156 124 35 journal.
2994 2157 28 26 El
3039 2156 97 34 quand
3150 2157 19 26 il
3185 2164 15 20 a
3214 2156 59 34 fini,
3291 2156 20 26 il
3325 2163 31 19 re-

2611 2194 86 34 garde
2720 2193 84 34 jouer
2824 2192 43 26 les
2889 2187 97 38 petits.
3015 2191 22 26 11
3061 2191 58 27 suit
3131 2191 51 27 des
3196 2193 77 31 yetix
3294 2192 77 26 leurs

2613 2237 118 20 courses
2743 2226 213 31 d'hirondelles.
2969 2225 22 28 11
3002 2225 102 27 écoule
3116 2225 40 26 les
3168 2225 66 27 voix
3249 2224 122 28 fraîches

2614 2265 48 35 qui
2689 2265 48 26 ont
2765 2264 25 27 la
2819 2264 129 27 doucetir
2975 2263 50 27 des
3058 2261 150 34 fonlaines,
3236 2262 17 26 à
3281 2261 90 27 moins

2614 2301 118 35 qu'elles
2745 2300 106 28 n'aient
2867 2298 135 37 l'aigreur
3013 2297 51 27 des
3081 2298 125 33 trompes
3219 2296 136 28 d'automo-

2614 2336 79 28 biles.
2715 2335 21 27 11
2751 2336 64 27 leur
2836 2335 99 27 sourit.
2961 2334 33 27 Et
3007 2333 92 35 parmi
3115 2335 65 26 tous
3193 2333 41 27 les
3247 2331 124 28 sourires

2614 2373 50 34 qui
2679 2374 64 25 sont
2753 2372 27 26 la
2794 2370 84 34 grâce
2895 2370 34 27 de
2946 2369 90 32 Paris,
3054 2368 17 27 il
3092 2369 47 33 n'y
3156 2376 14 19 a
3183 2374 53 28 pas
3253 2368 33 26 de
3309 2368 61 33 plus

2615 2407 48 32 joli
2674 2406 110 26 sourire
2797 2413 57 25 que
2863 2406 76 25 celui
2948 2406 34 25 de
2996 2405 35 26 M.
3045 2404 163 28 Guillaume
3221 2404 150 34 regardant

2616 2440 83 32 jouer
2718 2440 41 25 les
2783 2439 123 25 enfants.
2929 2439 22 25 11
2972 2439 41 25 les
3027 2439 174 33 contemple,
3219 2440 26 25 cl
3257 2446 35 19 no
3312 2439 59 26 leur

2616 2472 78 33 parle
2706 2479 60 26 pas.
2783 2472 24 26 A
2822 2479 57 18 eux
2894 2478 58 19 non
2965 2471 76 33 plus,
3057 2477 67 24 non,
3142 2478 66 18 non.
3224 2472 146 34 Pourtant,

2615 2507 43 28 les
2679 2505 112 30 enfants
2806 2505 37 27 du
2865 2511 104 30 square
2989 2505 103 26 savent
3106 2503 66 27 bien
3191 2510 57 20 une
3263 2505 89 37 chose.
3366 2503 5 39 :

2615 2545 71 28 c'est
2698 2551 66 28 que,
2779 2543 25 27 le
2822 2542 159 35 dimanche,
2999 2541 19 28 il
3033 2548 17 30 y
3064 2548 17 20 a
3094 2538 141 37 toujours,
3250 2538 71 28 dans
3333 2543 38 22 les

2614 2583 107 35 poches
2750 2582 34 27 de
2813 2580 34 28 M.
2878 2580 171 32 Guillaume,
3077 2577 102 37 quatre
3201 2577 116 27 cornels
3341 2575 30 28 de

2614 2620 131 27 bonbons
2759 2617 50 34 qui
2828 2616 65 27 leur
2911 2616 64 26 sont
2999 2614 135 28 destinés.
3157 2613 79 34 Mais,
3249 2621 37 20 au
3305 2613 66 27 mois

2614 2655 105 31 d'août,
2737 2654 18 26 il
2780 2654 47 32 n'y
2846 2659 15 19 a
2889 2650 66 33 plus
2981 2649 30 27 ni
3034 2649 128 27 sourires
3182 2648 28 27 ni
3234 2648 137 28 bonbons.

2615 2689 38 26 M.
2669 2687 159 28 Guillaume
2843 2687 43 26 est
2901 2685 74 32 parti
2989 2685 70 28 faire
3073 2693 52 20 son
3137 2685 71 32 petit
3222 2691 119 26 voyage.

2649 2794 79 27 Vous
2745 2793 48 35 qui
2807 2793 118 30 bouclez
2942 2804 52 19 vcs
3006 2796 102 27 malles
3122 2797 28 26 et
3162 2794 48 35 qui
3226 2802 72 20 vous
3313 2794 45 26 éva-

2616 2830 48 26 dez
2680 2837 65 19 vers
2758 2830 41 27 les
2811 2830 99 34 plages
2926 2832 28 26 et
2968 2838 66 20 vers
3053 2831 41 26 les
3110 2831 181 32 montagnes,
3304 2836 73 20 vous

2617 2865 57 34 qui,
2691 2872 52 27 par
2756 2865 41 27 les
2815 2874 119 28 express
2954 2869 27 25 et
3001 2874 53 27 par
3067 2867 43 27 les
3122 2867 170 34 paquebots,
3305 2871 73 20 vous

2617 2908 34 20 en
2672 2902 69 26 allez
2756 2902 71 27 dans
2848 2903 41 27 les
2904 2902 133 27 lointains
3061 2908 80 28 pays,
3156 2908 78 20 vous,
3244 2908 35 20 ne
3296 2908 81 20 savez

2616 2944 50 27 pas
2688 2944 33 20 ce
2737 2944 56 27 que
2817 2939 70 27 c'est
2901 2946 57 27 que
2981 2937 26 27 le
3028 2936 202 34 changement.
3248 2936 35 26 M.
3302 2935 61 27 Guil-

2616 2973 93 27 laume
2725 2973 26 27 le
2765 2973 63 27 sait.
2844 2973 149 33 Pourtant,
3011 2980 71 20 vous
3098 2980 35 19 no
3151 2973 26 26 le
3206 2973 156 26 rencontre-

2620 3017 46 19 rez
2681 3017 51 26 pas
2747 3007 71 30 dans
2832 3009 41 26 les
2889 3008 90 27 trains
2994 3007 30 28 ni
3038 3015 51 20 sur
3102 3007 43 27 les
3158 3007 170 34 paquebots.
3359 3006 20 26 Il

2619 3045 45 26 n'a
2674 3045 100 33 jamais
2786 3045 89 34 quitlé
2893 3045 91 26 Paris.

2654 3089 123 33 Qu'a-t-il
2812 3089 100 27 besoin
2944 3089 87 27 d'être
3065 3086 139 28 bousculé
3239 3086 70 26 dans
3338 3085 43 26 les

2620 3124 87 26 trains
2719 3131 37 19 ou
2769 3124 116 27 ballotté
2906 3130 50 20 sur
2978 3123 43 27 les
3030 3123 167 34 -paquebots
3211 3129 73 26 pour
3300 3123 65 25 trou-

2619 3167 52 20 ver
2682 3159 48 27 des
2745 3159 130 27 horizons
2890 3157 176 28 nouveaux?
3085 3157 77 27 Tous
3168 3156 54 33 .les.
3233 3161 60 28 ans,
3309 3163 54 26 pen-

2620 3195 67 26 dant
2701 3195 26 26 le
2743 3195 72 26 mois
2829 3195 105 33 d'août,
2963 3194 34 26 M.
3025 3193 162 28 Guillaume
3209 3191 170 27 abandonne

2620 3237 52 20 son
2693 3229 145 35 logement
2859 3229 33 27 de
2914 3228 26 27 la
2963 3235 53 20 rue
3045 3228 51 27 dos
3120 3227 194 34 Haudrie'.les,
3328 3234 52 21 son

2620 3266 123 32 barbier,
2753 3273 32 20 sa
2794 3265 174 27 marchande
2982 3265 34 27 de
3030 3263 227 34 journaux,,son
3269 3262 112 27 bureau

2622 3301 34 27 de
2667 3300 83 27 tabac
2765 3301 27 25 et
2807 3307 52 19 son
2874 3301 181 31 restaurant;
3083 3299 19 27 il
3124 3299 129 27 enferme
3283 3300 15 25 à
3324 3298 58 26 clef

2622 3337 94 27 toutes
2731 3341 47 20 ses
2792 3334 152 27 habitudes
2965 3335 27 25 et
3007 3334 22 25 il
3041 3341 37 18 va
3091 3333 206 33 villégiaturer
3307 3332 74 27 dans

2622 3378 39 20 un
2674 3371 81 26 autre
2771 3370 142 34 quartier.
2935 3370 76 26 C'est
3021 3376 52 20 son
3089 3376 110 27 voyage
3213 3369 117 26 annuel.

2657 3405 43 28 Un
2713 3404 56 33 été,
2781 3404 19 26 il
2816 3404 136 26 s'installa
2965 3404 15 26 à
2995 3404 27 26 la
3037 3404 112 26 Villette
3162 3404 5 33 ;
3195 3410 41 20 un
3256 3404 91 32 autre,
3364 3404 15 26 à

2623 3439 157 37 Vaugirard
2793 3450 6 22 ;
2825 3439 65 34 puis
2916 3438 61 27 vint
3005 3438 25 27 le
3053 3439 67 26 tour
3131 3438 51 28 des
3200 3437 181 35 Batignolles,

2623 3476 65 37 puis
2721 3476 73 27 celui
2820 3476 33 26 de
2883 3475 265 38 Ménilmontanl...
3177 3475 73 33 Quel
3280 3475 102 33 champ

2623 3514 139 27 immense
2779 3510 84 32 offert;
2883 3513 15 26 à
2919 3519 47 21 ses
2994 3509 195 38 expéditions!
3227 3510 31 27 Et
3288 3509 94 34 quelle

2624 3547 163 30 nouveauté
2802 3548 111 34 chaque
2929 3547 93 27 année
3037 3546 176 28 renouvelée
3226 3546 6 27 !

2660 3593 111 27 Aulour
2785 3593 34 26 do
2835 3592 39 27 lui
2889 3592 143 27 circulent
3056 3592 52 26 des
3136 3591 107 34 figures
3268 3589 48 34 qui
3345 3588 40 27 lui

2626 3627 65 31 s'ont
2705 3628 175 33 étrangères,
2897 3628 27 26 et
2936 3626 19 27 il
2970 3633 30 20 se
3014 3626 138 34 promène
3167 3626 72 27 dans
3252 3626 51 26 des
3317 3632 69 20 rues

2624 3665 143 34 ignorées.
2785 3664 22 27 11
2818 3663 92 34 prend
2926 3670 46 20 ses
2985 3669 86 28 repas
3097 3661 71 27 dans
3196 3661 50 27 des
3272 3661 97 26 restau-

2629 3702 79 25 rant
2721 3699 60 26 tout
2794 3699 15 26 à
2826 3697 48 28 l'ait
2889 3697 143 27 inconnus
3047 3699 28 25 et
3089 3697 19 26 il
3124 3704 103 26 mange
3244 3697 50 26 des
3312 3696 73 34 plais

2627 3735 156 28 différents.
2802 3733 58 27 Son
2875 3735 100 26 cornet
2988 3733 33 26 de
3039 3732 93 32 tabac,
3146 3732 18 27 il
3180 3731 120 28 l'achète
3315 3731 71 27 dans

2629 3770 48 27 dos
2691 3769 91 26 débits
2797 3769 38 26 où
2848 3769 20 26 il
2882 3769 80 26 entre
2978 3776 73 26 pour
3063 3769 27 26 la
3104 3767 142 35 première
3272 3767 64 27 fois.
3366 3767 19 27 Il

2629 3813 35 19 va
2676 3804 113 33 jusqu'à
2802 3804 52 26 lire
2867 3811 39 19 un
2921 3803 81 30 autre
3017 3803 124 34 journal.

2662 3841 45 26 Au
2721 3839 96 34 début,
2832 3840 26 26 la
2874 3840 150 27 transition
3040 3841 44 25 est
3098 3846 38 21 un
3152 3846 58 27 peu
3233 3839 84 26 forte.
3343 3836 39 28 M.

2630 3873 161 28 Guillaume
2805 3880 31 20 se
2852 3876 64 24 sent
2930 3874 172 27 désorienté.
3128 3870 71 31 Mais
3227 3873 110 27 bientôt
3361 3873 26 26 h

2630 3908 118 34 griserie
2763 3908 34 27 de
2810 3911 26 25 la
2851 3909 165 27 nouveauté
3037 3911 27 26 le
3080 3909 87 27 saisit.
3197 3909 20 26 11
3244 3909 81 34 porte
3352 3914 35 20 en

2630 3944 40 27 lui
2685 3944 81 26 l'âme
2781 3944 85 27 claire
2884 3945 28 26 et
2926 3945 97 33 légère
3038 3945 51 26 des
3103 3945 142 26 touristes.
3262 3944 30 27 Et
3307 3944 18 27 il
3339 3944 50 27 fait

2631 3979 48 27 des
2704 3978 99 27 folios:
2830 3978 19 26 il
2874 3979 99 26 achète
2986 3979 51 26 des
3051 3979 89 27 fleurs
3154 3986 57 19 aux
3227 3979 161 26 éventairos

2631 4016 50 27 des
2694 4013 203 34 bouquetières
2924 4016 27 25 et
2978 4013 20 27 il
3026 4022 30 19 se
3085 4016 138 32 promène
3247 4020 70 20 avec
3337 4020 50 20 son

2631 4050 128 34 bouquet
2770 4050 53 26 àla
2838 4050 85 26 main.
2942 4049 110 27 Parfois
3067 4050 103 32 même,
3198 4049 18 27 il
3241 4049 118 27 s'assied
3374 4050 12 26 à

2631 4089 25 26 la
2672 4089 124 26 terrasse
2810 4085 67 28 d'un
2893 4084 61 28 café
2968 4088 27 25 et
3011 4084 19 28 il
3044 4085 91 35 prend
3148 4093 39 21 un
3200 4085 123 35 apéritif.
3348 4085 39 27 En

2630 4130 118 27 voyage,
2764 4122 123 27 n'est-ce
2904 4128 51 28 pas
2965 4121 13 27 ?

2666 4160 38 26 Le
2719 4159 96 33 séjour
2829 4159 67 27 dont
2913 4159 19 26 il
2947 4166 15 19 a
2975 4157 87 35 gardé
3077 4157 27 27 le
3126 4156 132 28 meilleur
3285 4163 87 20 souve-

2630 4194 46 27 nir
2691 4194 44 27 est
2746 4193 74 27 celui
2836 4194 33 27 de
2882 4193 26 27 la
2924 4193 122 28 Villette.
3077 4193 22 27 11
3128 4193 106 34 passait
3249 4200 47 19 ses
3311 4193 64 33 jour-

2631 4230 69 27 nées
2713 4237 50 19 sur
2776 4230 43 27 les
2832 4230 87 27 bords
2933 4230 38 27 du
2986 4228 83 28 canal
3084 4231 15 25 à
3115 4228 137 34 regarder
3266 4227 25 27 le
3307 4234 63 19 mou-

2630 4265 117 27 vement
2761 4265 48 27 des
2826 4265 133 33 bateaux,
2978 4265 26 27 la
3015 4271 168 20 manœuvre
3200 4264 50 27 des
3265 4263 124 32 écluses,

2631 4302 25 27 le
2683 4300 222 34 déchargement
2933 4300 51 27 dos
3008 4299 227 32 marchandises,
3250 4299 14 25 à
3281 4298 110 26 étudier

2630 4337 41 26 les
2687 4343 106 20 mœurs
2809 4336 50 27 des
2874 4333 198 33 mariniers...
3104 4335 76 25 Dans
3206 4333 111 33 quelles
3344 4333 32 26 ré-

2630 4372 81 35 gions
2733 4369 241 31 extraordinaires
2994 4369 21 27 il
3039 4369 66 27 était
3130 4368 176 35 transporté!
3337 4369 18 26 Il
3376 4376 15 27 y

2630 4407 87 28 serait
2731 4414 110 20 revenu
2856 4404 156 28 volontiers
3024 4403 113 30 l'année
3158 4404 142 28 suivanle.
3322 4404 69 27 Mais

2629 4444 20 26 il
2663 4442 61 26 faut
2738 4441 66 27 bien
2820 4441 137 32 changer.

2667 4478 53 27 Les
2735 4475 273 28 Butles-Chaumont
3024 4474 41 28 lui
3091 4478 50 26 ont
3164 4474 78 28 aussi
3269 4473 122 37 procuré

2631 4513 50 26 des
2696 4513 159 26 sensations
2868 4512 138 26 intenses.
3021 4511 48 34 Ici,
3089 4519 33 20 ce
3144 4512 44 26 fut
3206 4512 27 26 la
3248 4512 94 26 saison
3358 4511 33 27 de

2631 4548 163 32 montagne.
2815 4546 20 26 Il
2861 4545 154 28 escaladait
3038 4546 51 27 des
3115 4546 138 27 hauteurs
3282 4546 64 27 d'où
3374 4545 17 27 il

2631 4581 167 28 découvrait
2813 4581 51 27 des
2876 4589 172 27 panoramas
3064 4581 193 35 magnifiques
3270 4580 5 37 ;
3300 4581 19 27 il
3343 4580 33 28 dé-

2631 4617 86 27 valait
2732 4617 125 26 d'étroits
2870 4617 133 34 sentiers,
3020 4617 107 34 passait
3149 4624 51 20 sur
3227 4617 51 26 des
3305 4618 85 32 ponts

2633 4659 35 21 en
2685 4651 60 28 bois
2759 4651 76 35 jetés
2854 4654 172 33 par-dessus
3053 4654 50 28 des
3132 4652 185 28 cascades...
3339 4651 35 28 En-

2633 4695 65 21 core
2712 4689 34 26 de
2760 4681 64 40 jolis
2839 4689 152 27 souvenirs
3004 4689 6 26 !

2668 4723 79 28 Celte
2763 4723 100 35 année,
2880 4723 20 27 il
2914 4724 181 33 villégiature
3122 4723 71 27 dans
3215 4723 26 27 le
3269 4722 122 34 quartier

2633 4759 39 27 du
2686 4759 214 34 Luxembourg.
2919 4760 73 28 C'est
3008 4766 57 20 une
3081 4759 118 27 contrée
3228 4757 163 31 différente.

2633 4794 76 27 C'est
2720 4794 91 33 plutôt
2823 4802 57 20 une
2894 4795 65 27 ville
2976 4794 113 34 d'eaux,
3107 4801 71 20 avec
3204 4794 50 27 des
3283 4793 107 27 casinos

2633 4832 28 25 et
2675 4830 150 30 beaucoup
2838 4831 34 27 de
2889 4831 98 27 dames
3015 4838 57 20 aux
3098 4830 126 28 toilettes
3252 4830 139 30 ardenlcs,

1433 178 198 47 Supplément
1652 177 116 38 illustré
1787 176 39 38 du
1846 176 81 38 Petit
1943 182 124 32 Journal
