6287 8677
2846 339 99 44 L'Assemblé
2945 339 81 44 Générale
3026 339 36 44 des
3062 339 81 44 Artistes
3143 339 90 44 Français

1640 444 782 106 L'Assemblée
2500 446 546 104 Générale
3134 446 192 104 des
3404 446 478 106 Artistes
3968 452 506 126 Français

1734 3987 445 47 L'ASSEMBLEE
2211 3989 91 46 EN
2338 3984 264 51 SÉANCE,
2635 3989 45 44 A
2714 3989 86 45 LA
2834 3989 206 45 SALLE
3073 3990 125 46 DES
3233 3978 599 65 HORTICULTÈURS,
3865 3989 134 46 RUE
4032 3979 386 55 D'ATHÈNES
5505 3991 17 33 *

1946 4050 22 20 A

514 4073 68 47 La'.
610 4076 192 48 Société
829 4076 85 46 des
938 4075 216 47 Artistes
1186 4078 223 56 Français
1442 4079 26 45 à
1500 4083 119 40 tenu
1654 4077 108 46 hier
1807 4091 87 32 son
1928 4077 267 46 assemblée
2228 4078 227 54 générale
2488 4077 246 46 annuelle.
2769 4077 81 46 Au
2894 4078 198 50 bureau,
3129 4080 62 46 de
3223 4079 189 55 gauche
3444 4080 26 45 à
3504 4079 178 50 droite,
3704 4079 124 45 MM.
3863 4077 262 56 Thoumy,
4144 4078 260 46 secrétaire
4425 4076 198 57 général
4639 4092 10 38 ;
4669 4076 59 48 G.
4763 4076 238 53 Lemaire,
5033 4077 259 47 secrétaire
5309 4077 70 48 du
5398 4078 199 50 Comité
5614 4094 13 42 ;

784 4206 6 3 -
861 4152 175 53 Pascal,
1070 4154 284 56 secrétaire;
1376 4153 907 57 Boisseau,:vice-président;Laloux,
2304 4154 278 55 président;
2604 4154 226 53 Dawant,
2849 4154 414 55 vice-président;
3298 4156 233 53 Bonnier,
3564 4156 605 58 secrétaire-rapporteur;
4201 4153 210 55 Renard,
4434 4154 287 57 secrétaire;
4751 4154 222 56 -Jacquet,-.
5004 4153 268 48 secrétaire...
5399 4207 6 4 1
5438 4209 74 3 ...

1322 4378 156 102 Le
1554 4366 534 138 parricide
2166 4374 440 106 Gaston
2682 4376 430 106 Waché
3202 4378 136 106 de
3418 4378 250 104 Roo
3756 4376 418 106 devant
4250 4410 168 72 ses
4492 4376 306 128 juges

5029 7767 136 27 croquis
5183 7762 196 28 d'audience
5398 7763 39 27 de
5457 7762 154 32 Cipriani.

937 7845 52 30 LE
1018 7840 241 39 PRÉSIDENT
1286 7841 232 38 BERTULUS

772 7904 95 33 Mme
889 7903 39 31 A.
955 7904 145 37 Waché,
1124 7912 70 24 une
1218 7905 62 32 des
1304 7912 117 25 sœurs
1446 7904 44 32 de
1515 7903 169 33 l'accusé.

2487 7842 170 36 GASTON
2692 7839 164 38 WACHÉ
2893 7847 53 27 DE
2981 7839 85 35 ROO
3091 7843 162 38 pendant
3274 7842 303 39 l'interrogatoire

2854 7904 109 28 DANS
2987 7904 49 27 LE
3059 7895 260 42 MÉDAILLON,
3344 7895 49 36 M.
3420 7895 133 35 HAJOS

4918 7825 201 43 L'ACCUSÉ

4572 7890 97 32 Mme
4686 7890 38 32 F.
4741 7890 179 38 Sauvard,
4938 7897 71 28 U:..,J
5029 7889 64 31 des
5112 7894 117 25 sœurs
5249 7886 44 33 de
5314 7887 166 33 l'accusé.

547 7979 129 48 Hier,
708 7991 28 33 a
768 7992 237 34 comparu
1039 7978 178 44 devant
1239 7979 44 43 la
1311 7980 135 44 Cour
1478 7978 218 45 d'assises
1727 7979 61 44 de
1815 7979 45 45 la
1885 7980 143 44 Seine
2048 7978 45 44 le
2126 7978 240 50 parricide
2386 7977 189 45 Gaston
2603 7977 184 45 Waché
2810 7977 60 44 ,de'
2897 7977 119 44 Roo.
3045 7975 291 44 L'audience
3362 7988 25 30 a
3405 7975 79 43 été
3517 7974 232 50 marquée
3772 7983 85 40 par
3878 7984 66 30 un
3979 7971 233 43 incident.
4235 7968 44 44 A
4313 7968 44 43 la
4390 7966 71 45 fin
4483 7964 61 45 de
4572 7963 425 55 l'interrogatoire,
5031 7963 16 43 l
5064 7965 172 43 accusé
5264 7977 20 29 s
5301 7967 72 40 est
5405 7957 210 48 évanoui

1208 8053 48 38 et
1292 8062 26 29 a
1350 8050 66 43 dû
1444 8049 186 52 quitter
1664 8049 44 43 la
1735 8048 115 45 salle
1878 8049 216 51 pendant
2122 8049 235 52 quelques
2386 8048 222 43 instants.
2631 8045 78 46 Ali
2728 8047 122 43 banc
2882 8045 62 45 de
2966 8044 43 46 la
3040 8044 199 45 défense
3268 8058 10 30 :
3313 8044 59 44 de
3405 8041 184 54 gauche
3616 8042 25 43 à
3668 8040 175 52 droite,
3876 8040 85 43 Mes
3984 8037 379 50 Henri-Robert,
4386 8034 267 53 Dessaigne
4676 8040 49 39 et
4759 8025 189 65 Dusartl,

3451 8142 6 56 ;
4030 8191 6 6 .
5277 8145 39 53 ,
