6314 8650
1864 444 36 36 •
2048 364 1416 200 DERNIÈRE
3612 408 723 164 HEURE
4335 408 241 164 •

783 348 208 34 DÉPÊCHES
1012 353 49 30 DE
1079 355 82 31 NOS
1174 357 374 35 CORRESPONDANTS

783 396 280 34 PARTICULIERS
1118 405 49 26 ET
1221 406 73 27 DES
1346 407 198 34 AGENCES,

782 445 367 34 INFORMATIONS
1171 453 273 29 MONDIALES
1466 458 80 26 PAR

781 493 180 31 CABLES
993 497 55 26 ET
1080 499 98 26 FILS
1210 497 245 32 SPÉCIAUX
1487 503 56 28 DU

996 545 19 16 "
1031 544 132 34 DAILY
1186 546 110 34 MAIL
1310 547 25 34 ".

5082 411 141 36 Echange
5254 417 150 31 quotidien
5434 418 37 26 de
5501 419 232 36 photographies
5767 432 72 20 avec

5082 464 26 26 le
5155 469 18 12 "
5196 465 110 26 DAILY
5361 467 148 28 MIRROR
5523 471 14 10 "
5591 473 154 32 (Londres)
5810 476 28 27 la

5120 516 34 27 "
5154 516 121 27 WOCHE
5294 517 14 11 "
5377 520 131 31 (Berlin),
5575 528 18 12 "
5610 525 155 28 BLANCO
5812 529 26 26 Y

5079 567 136 28 NEGRO
5229 569 14 11 "
5278 571 149 32 (Madrid),
5443 573 25 26 le
5493 574 156 29 SECOLO
5660 577 15 12 "
5707 580 127 32 (Milan).

882 682 130 78 La
1080 682 390 82 Journée

1110 841 133 40 Paris

719 933 47 8 —
785 910 67 39 On
872 924 23 25 a
915 913 188 44 inauguré
1125 914 84 36 hier
1229 915 36 35 le
1287 914 293 44 Lyceum-Club
1602 917 77 35 ins-

667 959 94 36 tallé
785 969 51 27 en
864 971 51 25 un
942 962 169 34 luxueux
1138 961 108 36 hôtel
1273 963 48 35 de
1346 963 38 35 la
1409 974 69 25 rue
1504 964 48 35 de
1579 964 100 35 Pen-

667 1006 161 39 thièvre.

718 1074 47 8 —
793 1054 56 36 Le
885 1053 191 45 parricide
1112 1054 151 37 Waché
1299 1054 47 37 de
1383 1055 87 37 Roo
1505 1066 24 25 a
1564 1056 116 44 passé

667 1102 143 36 devant
835 1102 58 35 les
918 1102 156 35 assises.
1101 1101 34 36 Il
1161 1107 60 30 est
1246 1102 220 37 condamné
1489 1103 23 35 à
1541 1113 41 25 10
1607 1112 71 25 ans

667 1149 47 34 de
741 1148 194 36 réclusion
959 1154 40 29 et
1024 1147 23 36 à
1075 1159 15 24 i
1119 1147 112 36 franc
1256 1150 49 34 de
1331 1148 346 45 dommages-inté-

665 1195 82 39 rêts
771 1204 140 28 envers
935 1195 37 34 la
997 1194 125 44 partie
1147 1194 145 40 civile..

715 1262 46 7 —
784 1241 258 36 L'Académie
1065 1242 70 35 des
1159 1242 183 37 Sciences
1363 1254 23 24 a
1410 1246 92 33 tenu
1525 1241 84 37 hier
1633 1253 42 25 sa

663 1289 141 36 séance
831 1288 183 44 publique
1042 1289 192 35 annuelle.

716 1356 48 14 -r-
797 1335 96 36 Hier
927 1341 70 30 ont
1029 1346 47 25 eu
1109 1336 88 41 lieu,
1231 1336 143 36 devant
1407 1346 75 26 une
1517 1335 159 37 énorme

661 1395 35 24 a;
713 1383 177 40 distance,
922 1383 59 35 les
1012 1383 194 45 obsèques
1239 1383 47 36 de
1317 1381 239 38 l'aéronaute
1587 1383 85 44 Jac-

661 1441 96 33 ques
787 1429 136 37 Faure.

713 1496 47 8 —
789 1474 64 37 Un
884 1475 312 42 contrebandier,
1227 1475 98 37 Paul
1356 1475 175 42 Aubriet,
1562 1487 22 25 a
1612 1475 63 37 été

660 1522 140 43 arrêté,
828 1534 58 24 rar
923 1522 155 42 Martel,
1105 1533 50 26 au
1181 1529 176 30 moment
1384 1523 51 35 où
1461 1522 26 36 il
1513 1522 159 37 déchar-

662 1571 104 43 geait
806 1570 113 36 d'une
960 1571 151 35 voiture
1152 1579 98 36 pour
1291 1581 123 25 20.000
1455 1571 132 35 francs
1626 1571 47 36 de

664 1617 162 43 cigares.

988 1666 361 49 Départements

712 1753 47 12 —
784 1734 180 43 Aujourd
977 1734 65 35 hui
1069 1745 227 25 commence
1321 1734 23 35 à
1370 1734 128 36 Tours
1523 1734 36 36 le
1585 1744 88 33 pro-

661 1781 66 37 cès
753 1781 69 35 des
848 1781 92 35 faux
966 1782 184 34 tableaux
1176 1782 148 35 vendus
1350 1791 69 33 par
1445 1782 35 35 le
1507 1781 166 44 pseudo-

657 1833 130 31 comte
812 1828 143 43 d'Alby
979 1829 22 34 à
1026 1826 54 37 M.
1105 1833 40 30 et
1170 1827 109 37 Mme
1305 1827 132 37 Paine.

709 1894 47 10 —
788 1875 35 36 A
855 1874 167 42 Toulon,
1054 1876 36 34 le
1123 1874 239 37 sous-marin
1397 1883 18 22 «
1448 1875 170 44 Ampère
1651 1884 18 21 »

654 1933 25 25 a
716 1921 212 45 appareillé
966 1932 98 33 pour
1103 1931 52 26 un
1195 1921 83 36 raid
1317 1924 47 34 de
1403 1928 137 38 quatre
1580 1928 89 31 cent

657 1968 303 38 soixante-seize
994 1969 138 35 milles.

707 2035 48 10 —
779 2016 36 35 A
843 2015 179 42 Biarritz,
1049 2013 166 47 l'équipe
1243 2014 47 37 de
1317 2014 38 37 la
1383 2015 155 37 Société
1565 2014 104 38 fran-

654 2063 104 43 çaise
804 2063 47 36 de
896 2069 211 37 sauvetage
1151 2074 22 23 a
1217 2063 119 35 sauvé
1379 2064 111 42 vingt
1534 2070 38 29 et
1616 2073 51 26 un

653 2111 182 34 hommes
872 2115 234 38 composant
1142 2109 217 45 l'équipage
1396 2111 91 34 d'un
1523 2121 145 34 vapeur

653 2157 152 44 ■anglais
833 2167 48 25 en
910 2157 207 44 perdition.

707 2222 47 10 —
784 2204 77 36 Les
892 2203 192 44 grévistes
1113 2204 52 35 du
1195 2205 135 34 tunnel
1360 2202 309 46 transpyrénéen

658 2252 50 37 du
732 2252 246 44 Puymorens
1004 2255 70 32 ont
1098 2251 125 44 repris
1248 2252 36 35 le
1309 2250 150 37 travail.

1048 2319 234 48 Etranger

704 2410 47 11 —
789 2391 58 36 La
885 2391 221 36 délivrance
1146 2393 48 34 dè
1232 2393 36 36 la
1307 2393 106 34 reine
1453 2393 116 43 Mary
1607 2398 61 30 est

653 2439 194 41 attendue,
869 2439 23 35 à
916 2439 447 44 Buckingham-Palace,
1385 2451 98 33 pour
1505 2441 36 34 le
1564 2441 102 34 mois

651 2487 48 37 de
721 2497 116 24 mars.

702 2553 48 8 —
767 2534 56 40 Le
841 2543 99 34 pape
958 2543 160 26 recevra
1135 2532 104 45 jeudi
1259 2534 189 44 prochain
1465 2535 59 36 les
1542 2534 123 37 cardi-

650 2591 105 27 naux
778 2581 22 35 à
824 2580 211 36 l'occasion
1058 2582 69 34 des
1150 2581 101 36 fêtes
1275 2582 47 35 de
1349 2581 111 36 Noël.

703 2648 47 8 —
774 2628 64 35 Un
862 2628 279 35 tremblement
1163 2628 47 35 de
1235 2634 103 30 terre
1362 2639 115 25 cause
1500 2629 37 35 la
1562 2636 104 29 mort

649 2676 50 35 de
727 2685 66 32 170
818 2685 217 34 personnes
1063 2677 96 34 dans
1186 2686 75 26 une
1286 2675 50 36 île
1363 2677 48 35 de
1438 2677 37 35 la
1501 2677 89 35 côte
1616 2677 49 36 de

648 2722 289 38 San-Salvador
961 2722 265 44 (Amérique).

679 2776 8 15 '
701 2789 48 9 —
771 2770 35 35 A
830 2770 37 35 la
892 2769 99 36 suite
1016 2769 47 36 de
1087 2769 242 36 l'assassinat
1353 2771 70 35 des
1445 2769 99 37 trois
1567 2771 98 44 poli-

650 2828 138 27 cemen
818 2828 49 24 en
897 2816 128 44 pleine
1057 2816 85 36 Cité
1173 2818 47 35 de
1251 2817 192 42 Londres,
1472 2818 58 35 les
1556 2816 108 46 jour-

648 2875 104 25 naux
780 2864 238 36 demandent
1044 2874 74 34 que
1146 2863 79 37 l'on
1252 2875 108 25 arme
1388 2865 46 35 de
1462 2867 201 35 revolvers

644 2912 60 36 les
727 2916 151 40 agents.

700 2979 48 7 —
776 2959 54 38 Le
859 2963 148 33 stamer
1034 2958 197 36 allemand
1263 2966 18 23 «
1310 2957 292 46 Swakopmund
1631 2969 33 34 »,

646 3005 230 44 désemparé
935 3005 136 45 depuis
1131 3012 87 37 sept
1276 3006 110 44 jours
1444 3018 48 25 au
1552 3007 108 45 large

645 3053 252 42 d'Ouegsant,
917 3064 22 24 a
960 3052 62 37 été
1043 3052 184 37 retrouvé
1248 3054 98 36 dans
1367 3055 37 35 la
1427 3054 181 36 Manche.

954 3168 35 35 A
1016 3165 334 39 L'INTERIEUR

826 3276 93 58 UN
955 3277 252 57 DOUBLE
1245 3277 238 57 PALAIS

642 3359 175 60 POUR
860 3360 78 57 LE
982 3360 325 57 CONCOURS
1350 3360 315 58 AGRICOLE

696 3483 37 42 Il
760 3496 27 34 y
813 3496 24 25 a
863 3484 91 46 plus
982 3484 214 38 d'orateurs
1223 3483 155 39 inscrits
1404 3496 101 34 pour
1533 3484 132 47 parler

644 3544 67 24 sur
740 3532 33 37 le
800 3532 144 45 budget
973 3532 47 37 de
1048 3531 277 47 l'Agriculture
1352 3531 93 46 qu'il
1475 3544 46 26 ne
1550 3544 113 34 passe

644 3578 195 37 d'oiseaux
875 3579 96 37 dans
1006 3591 50 25 un
1092 3579 69 37 ciel
1197 3578 108 38 d'été.
1344 3579 156 37 Chacun
1536 3579 126 43 donnç

645 3637 68 25 son
742 3625 97 46 petit
864 3624 59 37 air
948 3629 36 33 et
1009 3626 138 37 chante
1171 3638 68 24 son
1267 3625 150 38 terroir.
1445 3625 85 38 Une
1553 3638 111 33 ques-

644 3672 94 44 tion,
767 3671 159 46 dirai-je
953 3671 178 47 générale
1167 3672 17 37 1
1212 3676 57 34 est
1297 3673 216 46 cependant
1542 3685 120 25 venue

643 3731 46 24 en
716 3718 223 38 discussion.
966 3719 34 36 Il
1025 3718 115 46 s'agit
1163 3720 47 37 de
1232 3719 129 37 savoir
1385 3719 48 38 où
1461 3719 73 37 l'on
1561 3718 101 38 abri-

642 3768 84 34 tera
764 3766 33 36 le
833 3777 184 26 concours
1053 3765 168 46 agricole
1256 3765 210 47 dépossédé
1502 3765 160 38 mainte-

642 3816 96 33 nant
761 3812 46 38 de
830 3813 37 36 la
891 3812 151 37 Galerie
1065 3813 67 37 des
1156 3812 207 38 Machines.
1388 3813 166 37 L'année
1577 3814 84 36 der-

643 3859 106 37 nière
783 3871 48 24 :on
867 3859 69 36 dut
976 3872 19 22 «
1031 3858 151 38 scinder
1219 3872 20 23 »
1276 3863 98 34 cette
1408 3858 254 40 intéressante

643 3905 230 45 exposition.
906 3906 109 37 Cette
1044 3906 133 45 année,
1208 3905 26 37 il
1264 3906 144 37 faudra
1439 3918 135 25 encore
1605 3919 57 24 re-

644 3952 128 38 courir
799 3965 49 24 au
875 3952 119 37 même
1021 3953 146 37 artifice
1195 3965 116 33 parce
1337 3966 84 32 que,
1449 3954 56 36 dit
1534 3955 33 35 le
1594 3954 67 35 mi-

642 3999 121 38 nistre
784 4000 47 36 de
852 3999 287 45 l'Agriculture,
1166 4013 19 22 «
1210 4001 33 36 le
1267 4000 129 45 préfet
1419 4002 45 35 de
1488 4001 36 36 la
1548 4001 113 36 Seine

642 4058 25 24 a
689 4058 88 32 reçu
803 4045 94 37 trois
922 4047 129 36 lettres
1075 4046 53 37 lui
1153 4048 233 36 demandant
1411 4048 251 44 l'Esplanade

643 4094 65 35 des
743 4092 269 48 Invalides',et-
1042 4093 63 39 n'a
1139 4105 71 33 pas
1244 4104 134 27 encore
1412 4093 177 45 répondu
1626 4107 33 23 ».

643 4140 109 36 Cette
778 4139 136 37 inertie
939 4139 320 46 administrative,
1285 4139 64 46 qui
1377 4140 151 45 dépend
1554 4140 108 37 d'ail-

637 4186 115 44 leurs,
786 4186 161 42 prétend
980 4186 33 37 le
1043 4190 237 39 rapporteur
1311 4187 50 36 du
1395 4188 153 43 budget,
1579 4199 78 25 non

638 4234 53 36 du
718 4233 141 44 préfet,
889 4232 95 37 mais
1012 4230 51 40 du
1093 4233 150 37 Conseil
1274 4233 242 46 municipal,
1525 4230 37 41 a
1562 4230 95 41 fort

638 4279 153 46 surpris
814 4279 38 37 la
877 4280 200 44 Chambre,
1101 4282 78 43 qui,
1203 4283 86 40 tout,
1309 4281 119 45 émue,
1452 4285 41 36 et
1512 4286 145 40 malgré

639 4326 54 37 M.
734 4326 229 46 Beauquier,
1004 4326 206 37 défenseur
1249 4327 66 37 des
1358 4339 19 23 «
1419 4339 157 33 espaces
1616 4327 43 37 li-

640 4373 90 37 bres
761 4385 34 32 »,
828 4385 23 24 a
882 4373 86 37 voté
1001 4385 73 32 par
1105 4374 72 36 446
1211 4373 87 37 voix
1331 4377 131 33 contre
1492 4376 61 43 55,
1585 4387 73 24 une

639 4419 144 38 motion
814 4420 46 37 de
887 4419 54 36 M.
971 4419 238 37 Plissonnier
1242 4433 20 21 «
1293 4424 214 40 regrettant
1537 4422 36 36 la
1601 4422 58 36 ré-

637 4466 166 37 sistance
827 4466 188 45 apportée
1040 4478 72 33 par
1138 4467 33 36 le
1198 4467 151 37 Conseil
1374 4467 211 46 municipal
1611 4469 47 36 de

639 4513 114 38 Paris
794 4512 22 37 à
858 4513 243 36 l'édification
1145 4514 46 36 dé
1233 4514 100 36 deux
1375 4515 192 44 pavillons
1609 4516 47 36 de

636 4559 278 45 l'Agriculture
944 4571 66 24 sur
1042 4559 160 37 l'ancien
1235 4560 275 45 emplacement
1543 4562 45 36 de
1620 4562 36 36 la

640 4605 153 38 Galerie
820 4607 67 35 des
916 4605 210 45 Machines,
1156 4619 51 24 au
1236 4607 354 46 Champ-de-Mars,
1620 4612 37 34 et

636 4652 169 37 invitant
832 4653 33 37 le
888 4656 299 41 gouvernement
1212 4652 24 38 à
1261 4653 186 46 procéder
1473 4666 74 33 par
1573 4656 83 37 voie

637 4699 334 50 d'expropriation
1002 4713 33 23 ».

690 4746 108 38 Nous
820 4757 142 25 aurons
985 4747 97 35 donc
1106 4747 315 44 prochainement
1443 4748 100 37 deux
1566 4761 94 25 nou-

639 4805 122 24 veaux
788 4793 125 44 palais
937 4794 93 35 dont
1055 4792 25 37 il
1107 4791 143 39 faudra
1274 4795 200 36 surveiller
1499 4796 46 36 de
1570 4796 88 44 près

635 4839 39 37 la
712 4839 258 37 construction
1010 4839 32 37 si
1082 4839 74 37 l'on
1197 4852 47 25 ne
1282 4843 90 34 veut
1412 4853 71 33 pas
1522 4842 133 37 laisser

639 4885 164 45 déparer
826 4898 146 32 encore,
995 4898 75 25 non
1094 4898 71 33 pas
1189 4899 49 24 un
1261 4888 71 42 joli
1355 4887 86 38 coin
1464 4890 46 35 de
1532 4889 125 44 Paris,

637 4932 97 40 mais
756 4945 74 26 une
852 4933 46 37 de
920 4945 60 25 ses
1002 4933 89 45 plus
1113 4933 116 38 belles
1252 4934 140 46 places.

1218 4991 38 39 J.
1287 4993 315 39 JULIEN-SOREL.

816 5096 148 50 DANS
1002 5094 100 52 LES
1136 5086 344 62 MINISTÈRES

680 5203 55 32 Au
756 5202 191 36 ministère
970 5203 44 32 de
1035 5201 221 33 l'Intérieur.
1275 5220 42 6 —
1335 5203 46 32 M.
1402 5204 148 37 Briand,
1572 5203 84 41 pré-

642 5244 121 33 sident
783 5245 50 32 du
854 5244 156 38 Conseil,
1031 5253 21 23 a
1071 5251 89 33 reçu
1182 5245 78 31 hier
1280 5244 112 34 matin
1416 5246 32 32 le
1468 5246 190 32 vice-ami-

640 5287 56 31 ral
722 5285 97 35 Boué
844 5285 44 32 de
913 5284 220 42 Lapeyrère,
1159 5286 166 32 ministre
1349 5286 45 32 de
1420 5286 35 32 la
1482 5287 139 32 Marine
1644 5295 8 30 ;

640 5327 47 32 M.
712 5325 312 37 Maurice-Faure,
1050 5326 166 32 ministre
1241 5326 44 32 de
1312 5326 249 33 l'Instruction
1589 5336 68 31 pu-

639 5367 125 41 blique
787 5375 8 29 ;
820 5368 45 31 M.
887 5366 206 38 Guist'hau,
1114 5366 306 34 sous-secrétaire
1441 5368 119 33 d'Etat
1581 5369 20 31 à
1622 5369 35 32 la

640 5409 140 31 Marine
802 5415 9 31 ;
840 5410 46 31 M.
913 5407 411 40 Dujardin-Beaumetz,
1348 5409 308 33 sous-secré!aire

641 5450 120 32 d'Etat
782 5454 75 27 aux
878 5447 243 40 Beaux-Arts,
1143 5448 36 33 et
1202 5456 49 25 un
1275 5448 138 34 certain
1436 5450 151 33 nombre
1611 5451 45 33 de

640 5490 166 43 préfets..

683 5543 236 32 Mouvement
970 5540 281 35 administratif.
1287 5560 41 5 —
1365 5542 46 33 M.
1464 5542 191 39 Revilliod,

642 5585 233 40 sous-préfet
894 5584 45 33 de
959 5584 136 38 Dreux,
1117 5586 56 31 est
1193 5583 146 33 nommé
1361 5584 231 41 sous-préfet
1612 5586 44 32 de

641 5624 230 39 Sainl-Malo,
905 5632 43 25 en
983 5625 291 40 remplacement
1307 5625 44 32 de
1382 5627 48 31 M.
1466 5627 190 36 Bertrand,

639 5665 149 34 nommé
806 5664 233 41 sous-préfet
1056 5665 44 34 de
1118 5667 179 38 Briançon
1311 5675 8 28 ;
1340 5667 46 31 M.
1406 5666 125 40 Lamy,
1551 5673 105 26 sous-

642 5707 122 41 préfet
797 5705 46 34 de
876 5706 168 41 Poligny,
1078 5706 55 33 est
1165 5707 148 32 nommé
1347 5706 232 42 sous-préfet
1612 5708 44 33 de

640 5748 126 33 Dreux
789 5756 8 30 ;
825 5749 47 32 M.
896 5747 220 37 Roussillon,
1141 5747 233 39 sous-préfet
1396 5749 45 32 de
1464 5748 192 38 Briançon,

642 5790 55 32 est
723 5788 147 33 nommé
897 5788 232 41 sous-préfet
1157 5788 44 33 de
1228 5785 170 45 Poligny.

684 5843 54 30 Au
769 5840 191 32 ministère
993 5841 44 31 de
1068 5841 35 31 la
1134 5840 154 33 Justice.
1318 5859 39 5 —
1388 5841 45 32 M.
1465 5840 190 34 Théodore

645 5883 142 34 Girard,
815 5883 166 32 ministre
1007 5881 44 34 de
1077 5882 37 32 la
1136 5883 151 33 Justice,
1315 5891 21 24 a.
1362 5891 87 31 reçu
1477 5892 40 23 ce
1544 5884 111 32 matin

641 5932 73 24 une
738 5922 207 43 délégation
969 5921 46 35 de
1037 5922 146 34 l'Union
1208 5924 153 34 amicale
1385 5925 66 32 des
1474 5925 112 41 juges
1610 5925 45 32 de

642 5966 97 43 paix.

687 6017 114 33 Office
840 6018 165 31 national
1053 6018 50 30 du
1150 6024 206 26 commerce
1395 6018 196 32 extérieur.
1617 6036 40 5 —

643 6060 46 33 M.
714 6060 91 33 Jean
831 6060 148 34 Dupuy,
1006 6057 166 34 ministre
1200 6060 50 31 du
1276 6060 224 33 Commerce,
1528 6068 20 24 a
1574 6059 82 36 pré-

644 6101 90 35 sidé,
771 6094 78 39 hier
887 6099 228 41 après-midi,
1154 6100 36 31 la
1227 6100 130 32 séance
1397 6102 170 31 annuelle
1606 6102 49 32 du

643 6141 143 35 Conseil
813 6140 333 33 d'administration
1174 6140 45 33 de
1245 6139 142 35 l'Offlce
1414 6142 164 32 national
1605 6143 49 32 du

641 6189 206 26 commerce
881 6180 197 34 extérieur.

683 6234 47 33 Le
776 6232 138 34 Comité
958 6233 222 32 consultatif
1224 6234 50 31 du
1318 6234 253 33 Contentieux.
1614 6251 41 8 —

643 6277 47 32 M.
718 6277 111 34 Klotz,
855 6276 165 31 ministre
1046 6276 65 32 des
1136 6276 189 35 Finances,
1350 6283 21 25 a
1396 6276 157 39 procédé
1578 6277 79 32 hier

644 6318 108 35 matin
752 6318 55 35 à
835 6315 249 34 l'installation
1115 6316 48 32 du
1194 6314 139 35 Comité
1362 6316 218 33 consultatif
1607 6318 49 32 du

644 6357 255 38 Contentieux,
923 6357 224 32 récemment
1169 6355 150 33 institué
1343 6364 66 34 par
1432 6356 134 34 décret.

693 6399 45 31 Le
763 6399 164 31 ministre
951 6406 21 23 a
995 6398 187 36 remercié,
1206 6403 43 25 en
1276 6403 70 25 une
1369 6399 127 31 courte
1519 6400 139 31 allocu-

644 6439 87 37 tion,
764 6440 53 30 les
849 6439 182 31 membres
1063 6437 180 33 éminents
1276 6438 61 38 qui
1371 6440 214 38 composent
1617 6449 40 23 ce

643 6477 141 35 Comité
813 6480 36 32 et
878 6486 65 24 son
975 6479 189 34 président
1192 6479 47 32 M.
1272 6478 112 40 LouIS;
1412 6480 169 33 Henault;
1611 6481 44 32 de

645 6520 193 36 l'Institut,
868 6521 48 30 du
949 6527 180 24 concours
1161 6517 174 42 précieux
1366 6520 109 39 qu'ils
1507 6521 148 32 veulent

644 6562 83 33 bien
752 6560 50 40 lui
829 6562 132 39 prêter.
985 6562 28 31 A
1038 6560 125 34 l'issue
1187 6559 45 35 de
1256 6560 36 33 la
1316 6558 142 40 séance,
1484 6562 46 33 M.
1554 6562 103 33 Klotz

645 6611 21 25 a
689 6602 109 34 offert
825 6610 45 24 un
897 6602 180 41 déjeuner
1103 6600 136 34 intime.

687 6656 50 31 La
762 6655 188 39 réception
976 6656 43 31 de
1046 6654 45 31 M.
1118 6655 113 31 Klotz.
1256 6670 40 8 —
1321 6652 51 35 La
1398 6653 184 41 réception
1610 6657 45 32 de

643 6698 48 32 M.
719 6697 111 33 Klotz,
860 6697 164 31 ministre
1052 6696 65 32 des
1146 6694 187 36 Finances,
1361 6693 55 36 est
1443 6698 212 37 supprimée

646 6738 180 33 mercredi
859 6737 124 35 matin,
1016 6742 67 31 par
1114 6734 95 35 suite
1240 6735 45 35 de
1315 6738 36 33 la
1382 6735 131 36 séance
1545 6739 44 32 de
1622 6740 35 32 la

645 6772 192 40 Chambre.

712 6874 328 54 NOUVELLES
1090 6876 494 52 PARLEMENTAIRES

687 6982 48 34 Le
760 6982 141 39 budget
927 6980 43 33 de
995 6980 272 41 l'Agriculture.
1291 6999 41 6 —
1355 6984 52 31 La
1430 6983 180 32 Chambre
1636 6991 20 23 a

647 7024 132 40 repris,
807 7024 78 30 hier
911 7022 127 37 matin,
1067 7023 33 32 la
1128 7022 211 34 discussion
1367 7024 50 32 du
1444 7024 141 40 budget
1612 7025 45 31 de

644 7065 274 40 l'Agriculture,
944 7065 61 40 qui
1030 7064 98 32 avait
1152 7063 57 33 été
1234 7066 252 40 interrompue
1510 7073 67 34 par
1601 7067 53 31 les

646 7107 297 40 interpellations
981 7107 44 31 de
1064 7107 186 37 vendredi,
1288 7108 36 31 et
1381 7109 89 30 dont
1529 7108 68 32 elle
1635 7117 20 24 a

648 7148 134 41 adopté
809 7149 79 31 huit
913 7153 195 26 nouveaux
1133 7147 187 39 chapitres
1345 7148 93 33 dans
1465 7152 35 29 la
1525 7148 132 33 séance

648 7191 52 31 du
725 7189 126 34 matin.
879 7188 272 43 L'après-midi,
1179 7190 69 31 elle
1273 7198 21 24 a
1320 7191 159 32 entendu
1510 7191 43 31 M.
1582 7191 74 32 Bri-

646 7239 66 25 zon
744 7232 173 40 attaquer
967 7232 33 31 le
1051 7230 194 41 métayage
1295 7231 36 32 et
1374 7231 44 33 M.
1451 7233 204 32 Patureau-

647 7271 142 34 Mirand
819 7274 33 32 le
879 7273 189 33 défendre.
1098 7273 45 31 M.
1172 7272 162 32 Maurice
1361 7273 133 33 Barres
1524 7282 20 24 a
1574 7281 81 33 pro-

649 7315 96 32 testé
777 7315 126 32 contre
934 7315 53 31 les
1019 7315 175 39 attaques
1225 7313 61 41 qui
1320 7313 119 33 visent
1470 7315 54 32 les
1555 7324 101 23 man-

647 7356 165 32 dataires
836 7365 71 23 aux
931 7356 135 37 Halles,
1090 7357 36 31 et
1149 7355 83 32 MM.
1258 7356 214 32 Emmanuel
1496 7358 161 31 Brousse

648 7398 37 32 et
711 7399 44 30 de
781 7398 222 32 Montebello
1029 7399 63 30 ont
1117 7396 181 33 demandé
1325 7397 65 32 des
1418 7405 152 25 secours
1596 7406 62 24 ex-

649 7439 265 35 traordinaires
949 7446 94 34 pour
1076 7439 53 32 les
1165 7438 247 32 viticulteurs.

690 7492 50 32 La
768 7495 97 29 mort
894 7494 42 30 de
967 7492 45 31 M.
1043 7492 183 37 Quilbeuf.
1254 7509 40 4 —
1321 7492 54 30 Au
1406 7492 114 32 début
1549 7494 45 31 de
1622 7493 35 32 la

649 7533 144 38 séance,
821 7535 46 30 M.
895 7534 109 31 Henri
1034 7535 158 36 Brisson,
1220 7533 61 40 qui
1311 7532 187 41 présidait,
1526 7543 21 23 a
1575 7542 83 33 pro-

649 7575 116 32 noncé
789 7575 172 32 l'oraison
988 7576 157 31 funèbre
1170 7577 44 30 de
1240 7576 44 30 M.
1311 7574 183 38 Quilbeuf,
1521 7576 135 40 député

648 7616 47 34 de
718 7616 34 32 la
775 7617 205 41 quatrième
1003 7617 304 40 circonscription
1332 7617 45 31 de
1399 7616 135 33 Rouen.

693 7669 48 33 Le
774 7670 151 38 budget.
957 7688 39 3 —
1029 7671 49 30 La
1112 7669 237 32 commission
1384 7669 48 31 du
1468 7670 139 39 budget
1640 7680 19 22 a

649 7710 163 34 entendu
848 7713 45 30 M.
929 7711 163 35 Hérault,
1129 7711 158 39 premier
1323 7710 186 39 président
1544 7712 44 32 de
1624 7713 34 31 la

651 7752 98 32 Cour
774 7751 63 32 des
862 7752 180 39 Comptes,
1068 7753 35 30 et
1126 7752 122 32 André
1272 7749 170 39 Tardieu,
1468 7753 190 38 représen-

650 7792 80 32 tant
759 7790 43 32 de
832 7792 35 30 la
896 7792 222 40 Compagnie
1149 7792 309 40 N'goko-Sangha
1488 7792 19 31 à
1538 7793 119 31 l'arbi-

651 7834 117 39 trage,
795 7833 62 39 qui
884 7833 62 30 ont
973 7834 69 30 lixé
1068 7842 88 23 avec
1183 7836 44 30 M.
1256 7833 141 36 Merlin,
1425 7840 234 33 gouverneur

651 7874 45 33 de
731 7872 178 41 l'Afrique
945 7872 223 40 équatoriale
1206 7873 194 40 française,
1436 7874 223 33 l'indemnité

652 7914 178 33 accordée
857 7913 19 31 à
901 7914 35 30 la
960 7912 74 32 dite
1061 7914 233 39 Compagnie.
1320 7914 113 31 Faute
1459 7914 42 30 de
1531 7914 128 40 temps,

653 7954 190 35 l'audition
864 7953 45 31 de
929 7955 46 29 M.
995 7955 127 30 Merlin
1143 7963 21 23 a
1182 7954 56 32 été
1256 7954 167 41 reportée
1444 7954 20 31 à
1482 7954 113 39 jeudi.

693 8007 69 33 Les
796 8005 240 41 professeurs
1070 8006 43 31 de
1146 8007 137 31 dessin.
1317 8024 39 6 —
1387 8008 44 29 M.
1469 8006 188 31 Fournier-

653 8048 191 35 Sarlovèze
870 8046 185 40 signalera
1079 8047 20 30 à
1123 8047 35 32 la
1181 8048 155 37 tribune,
1362 8048 73 31 lors
1461 8048 43 31 de
1529 8047 35 31 la
1587 8048 72 31 dis-

653 8088 150 36 cussion
831 8088 50 33 du
906 8087 141 37 budget
1075 8087 64 32 des
1166 8089 238 35 Beaux-Arts,
1432 8089 54 32 les
1513 8088 148 32 restric-

1739 670 97 32 tions
1857 671 196 39 apportées
2074 679 74 24 aux
2170 671 116 33 droits
2309 672 64 31 des
2398 668 282 41 municipalités,
2703 676 45 24 en

1743 718 40 24 ce
1817 712 61 39 qui
1913 719 179 25 concerne
2126 712 32 31 le
2193 711 109 33 choix
2335 712 65 33 des
2435 711 236 36 professeurs
2705 709 46 32 de

1741 750 134 33 dessin.

1782 803 49 31 La
1884 803 122 33 chaire
2062 804 189 33 d'histoire
2307 806 43 31 de
2404 806 35 30 la
2492 803 186 39 musique.
2710 818 41 6 —

1739 843 45 32 M.
1819 845 206 40 Beauquier
2056 853 46 24 va
2136 845 157 41 déposer
2327 854 48 24 un
2411 844 257 34 amendement
2701 851 47 25 au

1737 885 140 40 budget
1912 886 64 33 des
2011 888 241 38 Beaux-Arts,
2288 888 151 32 tendant
2475 887 20 32 à
2530 885 150 33 rétabilr
2715 886 32 31 le

1737 926 117 33 crédit
1886 928 44 32 de
1964 928 101 33 6.000
2101 930 125 31 francs
2260 928 132 34 affecté
2426 930 19 30 à
2479 929 35 31 la
2547 929 122 31 chaire
2703 927 44 32 de

1738 967 176 34 l'histoire
1941 970 43 32 de
2012 971 35 32 la
2073 972 182 41 musique,
2281 980 47 24 au
2355 971 147 40 Collège
2528 970 44 32 de
2599 970 148 31 France.

1784 1021 156 34 Théâtre
1970 1024 206 39 populaire.
2206 1043 41 6 —
2276 1027 46 30 M.
2354 1026 45 31 de
2431 1023 314 33 L'Estourbeillon

1736 1073 21 22 a
1776 1064 129 40 appelé
1925 1066 207 32 l'attention
2154 1068 50 31 du
2224 1075 141 32 groupe
2385 1067 45 31 de
2451 1066 83 31 l'art
2555 1065 191 40 populaire

1737 1114 66 22 sur
1830 1106 34 32 la
1891 1106 184 33 nécessité
2103 1109 44 31 de
2176 1108 153 33 rétablir
2356 1108 34 32 la
2417 1107 235 36 subvention,
2681 1114 66 24 au-

1737 1147 128 32 trefois
1896 1149 177 32 accordée
2104 1157 65 25 sur
2200 1151 32 32 le
2262 1150 141 38 budget
2433 1149 65 32 des
2528 1149 218 31 beaux-arts

1736 1197 46 23 au
1824 1190 140 32 théâtre
2008 1192 190 40 populaire
2240 1192 44 32 de
2326 1193 48 30 La
2415 1189 332 34 Mothe-Sainl-Hé-

1737 1238 85 33 raye
1864 1240 6 23 :
1908 1232 23 31 il
1965 1233 147 39 portera
2144 1234 93 32 cette
2268 1233 169 40 question
2469 1233 21 31 à
2521 1232 36 32 la
2588 1232 157 37 tribune,

1735 1280 88 25 avec
1845 1272 138 43 l'appui
2006 1274 48 32 du
2078 1283 153 33 groupe,
2253 1276 61 40 qui
2337 1283 21 23 a
2379 1274 128 32 décidé
2529 1274 43 32 de
2596 1274 149 31 deman-

1734 1315 65 31 der
1827 1323 47 23 au
1902 1319 292 36 gouvernement
2223 1318 51 31 les
2302 1317 243 40 explications
2572 1316 172 31 relatives

1734 1357 20 30 à
1777 1357 35 31 la
1834 1357 213 40 répartition
2072 1359 65 32 des
2159 1359 136 32 crédits
2319 1358 161 32 destinés
2503 1366 74 24 aux
2599 1365 147 25 œuvres

1734 1398 43 32 de
1807 1398 322 35 décentralisation
2160 1401 203 39 artistique,

1873 1511 324 52 NOUVELLES
2241 1512 366 51 RELIGIEUSES

1776 1628 293 37 DECORATION
2094 1629 313 34 PONTIFICALE.
2431 1647 48 6 —
2502 1630 63 32 Pie
2590 1630 32 32 X
2646 1630 100 32 vient

1731 1669 214 33 d'accorder
1975 1671 20 32 à
2024 1673 45 30 M.
2101 1671 117 32 l'abbé
2247 1672 158 37 Fleuret,
2435 1670 88 33 curé
2553 1670 44 33 de
2626 1671 120 32 Saint-

1731 1710 385 41 Philippe-du-Roule,
2143 1712 36 32 la
2206 1712 212 32 décoration
2444 1713 71 31 Pro
2541 1712 143 32 Eclesia
2711 1713 33 31 et

1729 1750 202 41 Pontefice.

1888 1857 326 53 NOUVELLES
2253 1858 340 52 COLONIALES

1771 1972 223 36 L'autruche
2017 1985 45 23 en
2084 1976 404 35 Nouvelle-Calédonie.
2508 1995 41 7 —
2569 1979 51 33 On
2641 1976 101 35 vient

1728 2016 45 31 de
1804 2017 128 38 tenter,
1959 2017 20 32 à
2007 2019 108 37 Koné,
2143 2019 175 39 l'élevage
2344 2020 46 32 de
2417 2020 207 33 l'autruche
2652 2027 88 26 avec

1729 2057 65 33 des
1816 2058 176 33 animaux
2015 2062 204 39 provenant
2242 2062 43 32 de
2308 2062 255 41 Madagascar.

1769 2113 50 31 La
1847 2112 227 42 télégraphie
2105 2123 87 24 sans
2222 2116 43 31 fil
2293 2116 20 31 à
2342 2115 254 41 Madagascar.
2622 2134 41 6 —
2690 2117 49 32 Le

1729 2155 165 31 courrier
1929 2156 44 32 de
2009 2156 244 41 Madagascar
2288 2156 176 34 confirme
2501 2159 34 31 la
2570 2159 170 31 nouvelle

1727 2203 73 32 que
1833 2204 94 25 nous
1962 2204 115 26 avons
2112 2198 84 41 déjà
2229 2199 142 32 donnée
2405 2200 44 32 de
2484 2200 254 33 l'installation

1727 2238 21 31 à
1776 2238 265 41 Diego-Suarez
2069 2241 88 31 d'un
2187 2242 105 37 poste
2321 2242 45 32 de
2395 2240 227 39 télégraphie
2651 2251 88 24 sans

1728 2279 48 39 fil',
1802 2282 62 40 qui
1889 2281 132 34 reliera
2044 2283 97 32 cette
2165 2282 147 34 localité
2336 2291 89 26 avec
2448 2285 230 33 Tananarive
2703 2286 36 31 et

1726 2322 187 41 Majunga.

1768 2377 332 33 Commémoration
2123 2381 49 31 du
2195 2382 149 30 combat
2367 2382 44 31 de
2435 2382 147 39 Sontay.
2604 2399 42 6 —
2667 2383 70 31 Les

1726 2420 149 32 anciens
1906 2421 143 32 soldats
2078 2422 44 32 de
2152 2422 35 32 la
2213 2421 119 39 légion
2362 2422 193 39 étrangère
2585 2424 62 32 ont
2676 2424 62 32 cé-

1727 2460 112 39 lébré,
1863 2462 205 39 dimanche,
2091 2463 21 32 à
2135 2464 134 37 Reims,
2294 2465 93 32 dans
2413 2473 48 25 un
2485 2466 166 38 banquet
2676 2474 64 30 pa-

1728 2503 185 41 triotique,
1941 2505 34 31 le
2003 2506 147 32 combat
2177 2506 45 33 de
2249 2506 149 42 Sontay,
2426 2515 46 25 au
2499 2509 153 32 Tonkin.

1767 2546 48 31 Le
1835 2547 156 32 docteur
2010 2545 148 41 Giraud,
2180 2548 190 40 président
2391 2550 45 32 de
2457 2550 34 32 la
2509 2550 141 33 Société
2671 2551 66 32 des

1722 2587 160 33 Anciens
1905 2589 223 37 Marsouins,
2151 2599 21 24 a
2194 2590 104 33 salué
2322 2591 53 33 les
2398 2592 118 32 morts
2537 2591 199 39 héroïques

1724 2630 64 41 qui
1813 2629 175 34 viennent
2014 2631 45 33 de
2087 2632 144 33 tomber
2256 2641 46 25 au
2329 2633 136 34 Tchad.

2024 2725 33 35 A
2089 2722 347 40 L'EXTERIEUR

1929 2830 79 64 Le
2033 2859 241 37 nouveau
2304 2838 232 58 ministre

1720 2924 621 80 d'Autriche-Hongrie
2389 2937 32 54 à
2471 2929 267 63 Bruxelles

1810 3058 65 42 Les
1898 3058 140 54 projets
2057 3060 43 42 de
2121 3062 29 40 la
2173 3060 206 52 diplomatie
2400 3061 250 43 autrichienne

1770 3170 174 48 VIENNE,
1972 3174 46 36 19
2044 3173 207 39 décembre.
2281 3174 73 45 (De
2379 3181 110 31 notre
2515 3188 224 32 correspon-

1720 3219 91 37 dant
1842 3221 252 43 particulier.)
2127 3242 50 5 —
2204 3222 52 37 Le
2283 3226 121 33 comte
2431 3223 148 43 Joseph
2610 3222 127 37 Soms-

1719 3265 80 38 sich
1829 3267 46 36 de
1908 3265 136 47 Sàard,
2076 3269 199 37 conseiller
2304 3270 46 36 de
2381 3268 166 46 légation
2580 3269 24 37 à
2634 3269 104 37 l'am-

1719 3314 162 37 bassade
1926 3313 420 48 d'Autriche-Hongrie
2391 3316 22 36 à
2459 3316 129 44 Rome,
2634 3316 103 37 vient

1718 3360 120 37 d'être
1869 3361 144 45 envoyé
2044 3361 22 37 à
2097 3361 211 46 Bruxelles,
2341 3376 44 24 en
2417 3363 144 45 qualité
2592 3364 46 36 de
2670 3364 68 36 mi-

1719 3407 119 37 nistre
1863 3408 431 46 d'Autriche-HongTie.
2321 3411 52 36 Le
2398 3414 120 33 comte
2545 3409 191 38 80mssich

1718 3458 55 37 est
1795 3454 142 40 rendre
1957 3456 51 36 du
2030 3460 121 33 comte
2174 3455 392 47 Szœgyeny-Marich,
2589 3458 148 36 ambas-

1717 3501 140 37 sadeur
1889 3501 420 47 d'Autriche-Hongrie
2341 3503 23 37 à
2396 3504 143 37 Berlin.
2573 3504 164 37 Attaché

1718 3548 46 37 de
1789 3547 166 46 légation
1979 3561 45 25 en
2050 3550 107 44 1898,
2181 3550 26 36 il
2232 3554 101 33 resta
2356 3550 22 37 à
2402 3550 132 37 Berlin
2557 3551 178 45 jusqu'en

1720 3596 106 36 1901.
1859 3596 34 36 Il
1926 3596 64 36 fut
2022 3597 147 37 ensuite
2200 3597 203 38 secrétaire
2435 3599 46 36 de
2515 3597 167 45 légation
2714 3597 23 37 à

1721 3642 155 45 Dresde,
1903 3643 46 37 de
1977 3643 92 37 1901
2097 3643 24 37 à
2147 3644 108 45 1903,
2283 3643 88 47 puis
2397 3644 22 37 à
2447 3645 129 38 Rome.
2602 3644 23 37 à
2651 3645 85 37 Mu-

1718 3689 98 45 nich,
1838 3693 36 33 et
1894 3690 100 37 enfin
2015 3691 46 37 de
2081 3702 174 26 nouveau
2273 3691 23 37 à
2319 3691 129 45 Rome,
2468 3704 46 24 en
2536 3692 106 37 1907.

1769 3736 108 38 Cette
1902 3737 238 37 nomination
2167 3737 232 38 n'attirerait
2425 3750 86 33 pas.
2521 3737 213 39 l'attention

1717 3783 32 37 si
1774 3783 165 37 certains
1963 3783 196 46 journaux
2183 3784 234 38 autrichiens
2440 3797 47 25 ne
2511 3785 225 45 l'accompa-

1717 3830 156 45 gnaient
1903 3831 46 37 de
1977 3832 289 36 commentaires
2294 3844 104 25 assez
2426 3832 167 37 curieux.
2623 3832 111 37 Ainsi

1715 3897 50 5 —
1787 3876 154 45 d'après
1964 3878 33 37 le
2025 3880 209 35 Vaterland
2256 3899 49 5 —
2329 3879 33 36 le
2385 3883 120 33 comte
2531 3878 203 46 Somssich,

1718 3923 108 46 placé
1847 3924 23 37 à
1892 3924 209 46 Bruxelles,
2126 3924 177 46 pourrait
2324 3938 40 24 se
2386 3926 136 37 rendre
2543 3925 78 38 très
2644 3927 92 36 utile

1717 3971 21 36 à
1760 3972 36 36 la
1817 3972 187 45 politique
2025 3974 373 43 austro-allemande,
2419 3973 23 36 à
2465 3973 204 45 proximité
2690 3974 46 36 de

1718 4018 130 37 Berlin
1875 4023 36 33 et
1938 4020 50 36 du
2014 4019 212 45 diplomate
2251 4019 259 46 expérimenté
2537 4018 64 47 qui
2627 4032 25 33 y
2679 4032 56 26 re-

1719 4066 176 44 présente
1930 4066 419 46 l'Autriche-Hongrie.
2385 4067 59 36 En
2480 4080 50 24 un
2564 4070 90 41 mot,
2689 4080 44 24 en

1717 4113 157 44 plaçant
1893 4112 23 37 à
1934 4113 201 36 Bruxelles
2155 4126 50 23 un
2227 4113 140 45 proche
2386 4116 139 42 parent
2544 4115 52 35 du
2615 4118 121 33 comté

1717 4159 393 46 Szœgyeny-Marich,
2160 4160 34 37 le
2242 4164 298 41 gouvernement
2586 4166 147 32 austro-

1716 4206 182 45 hongrois
1926 4206 197 46 songerait
2152 4219 49 25 au
2230 4206 117 46 profit
2377 4206 111 46 qu'en
2516 4207 152 39 tirerait
2688 4208 45 37 l'a

1716 4254 188 44 politique
1932 4254 374 37 austro-allemande.

1767 4301 51 36 Le
1843 4300 185 46 ministre
2042 4300 420 39 d'Autriche-Hongrie
2486 4301 23 36 à
2533 4301 201 38 Bruxelles

1718 4346 244 46 apporterait
1995 4345 98 38 ainsi
2125 4359 70 25 son
2227 4347 85 38 aide
2344 4347 24 38 à
2399 4347 215 39 l'influence
2646 4348 90 38 alle-

1715 4394 137 40 mande
1876 4406 46 25 en
1947 4393 196 46 Belgique.

1815 4504 325 50 NOUVELLES
2179 4505 73 49 DE
2290 4494 350 62 L'ÉTRANGER

1757 4611 69 31 Les
1851 4619 197 24 nouveaux
2073 4611 207 33 uniformes
2307 4613 44 30 de
2375 4611 149 32 l'armée
2549 4612 117 39 belge.
2690 4628 42 6 —

1715 4652 152 40 D'après
1907 4652 55 33 les
2003 4652 252 42 propositions
2297 4653 62 41 qui
2399 4654 174 32 Vennent
2613 4653 116 33 d'être

1717 4696 186 31 soumises
1940 4704 47 23 au
2023 4695 170 32 ministre
2228 4696 45 31 de
2310 4696 35 31 la
2380 4696 139 32 Guerre
2556 4703 67 33 par
2660 4703 70 25 une

1718 4738 238 31 commission
1985 4738 171 40 spéciale,
2186 4738 84 31 tous
2299 4737 53 32 les
2380 4738 163 32 officiers
2570 4738 45 32 de
2642 4738 88 32 l'ar-

1716 4780 80 32 mée
1820 4780 106 39 belge
1950 4780 170 32 auraient
2143 4779 207 33 désormais
2375 4781 66 31 des
2466 4780 129 39 galons
2620 4781 80 32 d'or
2723 4789 7 29 ;

1717 4823 32 31 le
1773 4824 175 30 manteau
1973 4822 115 32 serait
2112 4822 88 40 gris.
2225 4823 100 30 Tous
2350 4822 54 32 les
2429 4823 164 31 officiers
2619 4822 111 41 supé-

1717 4865 120 32 rieurs
1865 4865 134 32 auront
2026 4865 54 31 les
2107 4865 140 31 mêmes
2274 4863 222 41 épaulettes.
2524 4865 70 31 Les
2621 4872 109 32 gran-

1717 4908 65 31 des
1820 4906 329 33 transformations
2184 4907 149 41 portent
2368 4914 67 25 sur
2468 4907 37 32 la
2540 4907 111 33 tenue
2685 4907 45 33 de

1716 4956 225 26 manœuvre.

1757 4993 50 31 Le
1826 4991 95 41 képi,
1941 4992 44 32 de
2005 4992 119 31 forme
2144 4991 256 33 autrichienne
2420 4999 47 24 ou
2486 4992 242 38 hollandaise,

1716 5042 84 24 sera
1829 5034 45 32 de
1904 5034 34 32 la
1968 5034 155 31 couleur
2151 5034 49 31 du
2233 5034 174 40 pantalon
2440 5035 35 31 et
2506 5042 43 24 ne
2581 5036 147 39 portera

1717 5077 86 40 plus
1833 5084 145 24 aucune
2008 5076 198 32 indication
2237 5077 44 32 de
2310 5077 124 39 grade.
2466 5077 69 31 Les
2565 5077 164 33 officiers

1716 5119 192 41 porteront
1935 5118 35 32 la
1995 5126 158 24 vareuse
2180 5118 99 40 grise
2306 5126 88 24 avec
2420 5118 121 32 collet.

1759 5162 49 30 En
1830 5168 152 30 somme,
2003 5161 33 31 le
2057 5161 133 31 nouvel
2214 5160 183 32 uniforme
2418 5168 84 24 sera
2523 5161 205 33 semblable

1714 5204 21 32 à
1760 5203 95 32 celui
1880 5211 44 24 en
1952 5209 114 33 usage
2091 5203 93 32 dans
2209 5202 150 33 l'armée
2384 5203 239 33 allemande..

1722 5314 410 88 FAITS
2190 5316 538 88 DIVERS

2159 5478 133 40 Paris

1757 5546 266 32 Contrebande.
2052 5563 40 5 —
2120 5546 55 32 Un
2206 5545 296 38 contrebandier,
2532 5545 93 33 Paul
2652 5547 75 31 Au-

1714 5588 107 37 briet,
1856 5588 232 31 trente-trois
2121 5594 78 30 ans,
2232 5597 21 23 a
2284 5586 57 33 été
2374 5585 131 40 arrêté,
2539 5587 88 37 hier,
2661 5594 65 26 rue

1717 5630 141 38 MarLel,
1884 5639 46 23 au
1957 5630 164 31 moment
2145 5629 46 32 où
2217 5629 24 31 il
2266 5629 127 32 faisait
2418 5628 203 41 aécl1arger
2646 5630 82 41 plu-

1716 5672 121 32 sieurs
1870 5672 141 32 caisses
2044 5672 45 32 de
2121 5672 142 39 cigares
2296 5670 205 41 étrangers,
2533 5671 194 42 représen-

1715 5715 81 32 tant
1824 5722 71 24 une
1922 5715 130 31 valeur
2079 5714 44 32 de
2149 5713 112 33 20.000
2288 5714 139 32 francs.

1756 5774 232 32 Arrestation
2022 5774 88 31 d'un
2142 5773 91 32 faux
2266 5780 242 33 monnayeur.
2539 5791 41 5 —
2613 5774 115 32 L'Ita-

1715 5816 70 32 lien
1813 5817 136 40 Joseph
1980 5816 115 32 Barbe
2125 5824 21 24 a
2174 5813 56 34 été
2260 5814 130 38 arrêté,
2419 5824 67 24 rue
2516 5815 44 32 de
2589 5815 137 42 \augi-

1714 5858 97 37 rard,
1836 5866 45 23 au
1906 5857 161 32 moment
2091 5857 44 31 où
2162 5857 23 30 il
2209 5856 141 32 mettait
2372 5864 41 25 en
2440 5856 215 32 circulation
2682 5858 43 32 de

1717 5900 147 31 fausses
1893 5899 121 40 pièces
2044 5898 43 32 de
2118 5898 15 31 1
2165 5898 108 32 franc
2301 5898 21 31 à
2349 5897 151 40 l'effigie
2528 5898 45 32 de
2601 5898 36 33 la
2665 5899 60 33 Se-

1716 5948 136 24 meuse.
1882 5941 55 31 Un
1968 5939 189 41 complice,
2186 5938 64 42 qui
2277 5939 318 41 l'accompagnait,
2625 5948 21 23 a
2675 5948 49 34 pu

1715 5981 157 34 prendre
1899 5981 36 32 la
1962 5981 104 32 fuite.

2113 6025 221 39 Banlieue

1755 6099 134 31 Ecrasé
1909 6107 68 32 par
1998 6105 51 25 un
2068 6098 98 32 train
2187 6096 18 33 à
2228 6097 348 34 Joinville-le-Pont.
2596 6116 42 6 —
2656 6100 71 33 Sur

1717 6142 31 31 le
1770 6143 86 37 pont
1879 6141 43 32 de
1944 6142 36 31 la
2000 6142 136 35 Marne,
2159 6141 102 31 entre
2283 6141 53 31 les
2358 6148 109 30 gares
2489 6141 44 31 de
2556 6141 171 40 Champi-

1716 6190 74 32 gny
1809 6183 36 31 et
1862 6182 187 37 du'Plant,
2071 6187 46 26 un
2139 6181 157 38 homme,
2316 6180 67 41 âgé
2401 6180 44 33 de
2465 6181 165 33 soixante
2649 6189 77 31 ans,

1716 6231 32 24 a,
1764 6223 55 31 été
1847 6223 140 37 trouvé,
2015 6230 65 24 sur
2108 6221 35 33 la
2169 6222 79 32 voie
2276 6222 49 33 du
2353 6221 144 33 chemin
2524 6222 45 32 de
2597 6223 57 32 fer
2682 6224 44 32 de

1718 6264 213 37 Vincennes,
1957 6262 125 33 écrasé
2107 6269 66 35 par
2199 6270 47 25 un
2273 6262 104 33 train.

1757 6322 56 30 Un
1838 6322 112 31 crime
1976 6321 20 31 à
2023 6320 314 40 Ris-Orangis.—
2363 6320 100 33 Deux
2490 6320 236 33 cantonniers

1714 6365 63 30 ont
1807 6364 139 36 trouvé,
1974 6363 79 31 hier
2080 6362 126 38 matin,
2234 6363 20 32 à
2282 6361 81 34 huit
2390 6364 147 36 heures,
2566 6363 85 41 près
2680 6364 44 32 de

1717 6404 247 40 Hls-Orangis,
1994 6404 138 33 couché
2162 6405 93 32 dans
2287 6412 47 25 un
2364 6403 114 39 fossé,
2508 6406 32 31 le
2569 6406 156 31 cadavre

1715 6449 86 31 d'un
1838 6447 146 31 homme
2021 6447 150 40 portant
2206 6446 21 32 à
2262 6447 36 32 la
2334 6447 73 32 tête
2445 6454 71 25 une
2552 6447 172 33 blessure

1715 6488 240 33 occasionnée
1978 6496 66 33 par
2068 6495 68 25 une
2158 6488 98 32 balle
2277 6488 46 33 de
2346 6489 176 32 revolver.

1755 6532 200 39 L'enquêle
1988 6530 128 32 menée
2150 6537 66 33 par
2247 6530 32 32 le
2314 6530 158 41 parquet
2504 6531 45 32 de
2581 6531 141 33 Corbeil

1714 6581 20 24 a
1758 6574 136 39 permis
1918 6571 167 33 d'établir
2108 6571 176 33 J'identité
2307 6573 43 31 de
2375 6572 34 32 la
2431 6572 145 33 victime
2601 6582 44 23 ae
2669 6573 56 32 cet

1714 6615 220 33 assassinat.
1973 6614 98 33 C'est
2110 6621 48 25 un
2198 6613 144 32 nommé
2380 6613 158 33 'Amédée
2576 6615 148 38 Robert,

1717 6658 65 39 âgé
1820 6658 44 31 de
1902 6654 304 42 cinquante-cinq
2259 6663 78 30 ans,
2388 6656 203 33 charretier
2640 6658 86 31 chez

1715 6701 43 30 M.
1784 6699 175 36 Marcille,
1985 6697 113 32 maire
2124 6699 43 30 de
2192 6697 211 33 Bondonfle.
2430 6697 51 33 La
2503 6698 138 41 justice
2665 6699 59 33 n'a

1717 6750 46 30 pu
1793 6741 176 32 toutefois
1996 6738 196 34 découvrir
2217 6747 144 25 aucune
2388 6739 108 41 piste.

2044 6803 359 47 Départements

1755 6870 84 31 Fête
1862 6878 164 23 russe.-
2048 6869 153 36 Toulon,
2228 6867 35 32 19
2288 6868 247 33 décembre.—
2559 6868 49 33 Le
2632 6869 92 32 croi-

1712 6920 86 24 seur
1813 6920 106 23 russe
1934 6912 118 34 Slava,
2071 6916 43 26 en
2136 6909 206 41 réparation
2360 6911 19 30 à
2396 6911 34 30 la
2447 6910 128 40 Scyne,
2594 6919 21 24 a
2633 6910 94 33 célé-

1717 6954 63 31 bré
1801 6951 238 40 aujourd'hui
2062 6952 34 31 la
2117 6949 73 33 fête
2212 6951 43 31 de
2277 6951 222 39 l'empereur
2519 6951 44 32 de
2587 6951 138 33 Russie.

1718 6995 68 30 Des
1821 6994 121 30 salves
1977 6992 62 31 ont
2074 6991 56 32 été
2166 6990 108 33 tirées
2308 6990 35 33 et
2378 6991 31 32 le
2445 6993 119 37 grand
2599 6994 127 38 pavois

1717 7034 98 32 hissé
1853 7042 73 23 aux
1963 7033 197 31 bâtiments
2200 7031 168 41 présents
2407 7039 64 24 sur
2511 7033 97 31 rade.
2648 7034 77 32 L'ne

1717 7075 169 32 brillante
1908 7073 186 41 réception
2117 7081 20 24 a
2158 7079 46 25 eu
2225 7073 71 31 lieu
2320 7073 20 30 à
2360 7073 91 31 bord
2471 7073 50 32 du
2544 7073 135 33 navire.

1758 7128 55 30 Un
1841 7129 161 29 steamer
2029 7125 184 31 retrouvé.
2241 7142 40 4 —
2307 7125 118 33 Brest.
2455 7125 35 31 19
2518 7125 205 34 décembre.

1717 7186 44 5 —
1788 7170 48 30 La
1863 7168 211 39 préfecture
2104 7167 180 31 maritime
2314 7174 20 24 a
2363 7165 55 32 été
2446 7166 120 32 avisée
2594 7175 70 31 que
2694 7169 31 31 le

1717 7211 158 30 steamer
1901 7208 183 32 allemand
2109 7206 288 39 Swaliol)nîund,
2423 7207 217 41 désemparé
2665 7209 61 31 de-

1715 7251 81 38 puis
1815 7250 81 38 sept
1913 7250 117 38 jours,
2049 7256 46 23 au
2116 7249 101 39 large
2236 7247 229 37 d'Ouessant,
2485 7255 20 24 a
2523 7248 55 31 été
2597 7250 129 32 trouvé

1718 7291 91 31 dans
1829 7291 35 30 la
1884 7289 151 32 Manche
2057 7296 65 32 par
2143 7289 32 31 le
2194 7295 141 33 vapeur
2358 7288 238 39 Weismarck,
2616 7291 35 30 et
2670 7297 56 25 re-

1719 7330 150 41 morqué
1894 7330 20 31 à
1939 7328 209 41 Plymouth.

1757 7384 205 30 Emouvant
1995 7383 213 36 sauvetage.
2240 7397 40 5 —
2310 7380 165 35 Biarritz,
2510 7379 37 33 19
2579 7381 144 33 décem-

1717 7425 74 31 bre.
1812 7441 46 5 —
1879 7424 52 30 Un
1954 7430 140 33 vapeur
2116 7421 142 41 anglais
2280 7429 20 24 a
2322 7421 55 31 été
2397 7421 75 40 jeté
2494 7421 20 31 à
2535 7422 35 31 la
2591 7423 77 32 côte
2692 7425 34 31 la

1719 7465 77 31 nuit
1819 7464 178 37 dernière,
2021 7462 150 32 menacé
2194 7463 113 31 d'être
2331 7462 134 33 démoli
2488 7470 66 33 par
2578 7463 53 32 les
2652 7464 73 32 bri-

1718 7506 112 31 sants.
2009 7527 7 3 -

1764 7545 171 40 L'équipe
1963 7544 43 31 de
2033 7544 35 32 la
2093 7543 140 33 Société
2259 7544 168 32 Centrale
2454 7543 44 31 de
2525 7545 199 40 sauvetage

1717 7587 64 31 des
1804 7584 221 39 Nauiragés,
2046 7593 46 23 au
2117 7591 129 33 moyen
2270 7584 49 31 du
2343 7590 113 25 canon
2482 7585 242 38 porte-amar-

1720 7635 57 23 res
1803 7628 34 29 et
1862 7627 43 30 de
1931 7626 121 30 divers
2078 7626 125 30 autres
2227 7624 141 40 engins,
2394 7632 20 24 a
2440 7623 118 32 réussi
2584 7625 20 32 à
2631 7626 93 31 réta-

1719 7668 68 30 blir
1815 7674 48 24 un
1891 7665 219 31 va-et-vient
2137 7666 35 30 et
2198 7665 19 31 à
2244 7672 134 24 sauver
2405 7666 52 30 les
2484 7665 103 40 vingt
2614 7666 35 31 et
2676 7674 47 24 un

1719 7709 164 30 hommes
1912 7706 215 40 composant
2155 7705 217 40 l'équipage.

1766 7749 45 30 Le
1844 7748 200 37 sauvetage
2077 7754 19 24 a
2129 7745 55 32 été
2219 7744 74 32 fort
2326 7745 207 37 émouvant,
2567 7747 91 32 mais
2691 7748 32 31 le

1721 7796 138 32 vapeur
1885 7788 55 31 est
1966 7787 73 30 très
2066 7787 264 31 sérieusement
2356 7787 252 40 endommagé.

1761 7846 88 30 Raid
1876 7846 42 29 de
1947 7844 238 31 sous-marin.
2212 7861 39 3 —
2276 7844 152 32 Toulon.
2458 7844 34 30 19
2519 7845 203 32 décembre.

1719 7906 45 3 —
1785 7888 46 30 Le
1855 7886 224 31 sous-marin
2102 7885 156 39 Ampère
2282 7892 19 23 a
2325 7885 200 40 appareillé
2550 7894 38 23 ce
2614 7887 108 31 matin

1722 7935 91 27 pour
1839 7926 262 34 entreprendre
2129 7933 64 23 sur
2219 7925 53 30 les
2298 7926 99 31 côtes
2424 7926 42 31 de
2495 7927 34 30 la
2556 7927 167 31 Méditer-

1722 7968 117 37 ranée,
1874 7968 101 30 entre
2010 7965 271 31 Port-Vendres
2314 7967 34 29 et
2381 7966 259 37 Villefranche,
2676 7974 47 23 un

1722 8008 77 31 raid
1836 8007 44 32 de
1918 8007 129 40 quatre
2086 8007 82 30 cent
2206 8005 278 32 soixante-seize
2524 8006 119 32 milles
2680 8013 42 24 en

1720 8049 194 38 cinquante
1940 8048 143 29 heures.

1766 8088 48 33 Le
1841 8094 236 35 programme
2104 8086 50 33 du
2180 8086 81 33 raid
2286 8086 200 40 comprend
2512 8086 65 33 des
2604 8086 121 33 lance-

2811 672 119 31 ments
2957 672 45 32 de
3030 675 165 35 torpilles
3222 678 35 31 et
3283 679 66 31 des
3375 678 186 32 exercices
3589 678 44 32 de
3661 677 156 35 plongée

2809 711 110 33 d'une
2938 712 114 34 durée
3072 715 44 32 de
3135 716 57 33 six
3212 718 145 38 heures,
3378 726 48 24 au
3447 719 214 31 maximum.

2850 768 75 33 Ùne
2958 772 167 33 machine
3157 774 234 38 frigorifique
3423 776 89 32 d'un
3541 775 168 33 cuirassé
3740 775 75 32 dis-

2807 811 131 38 paraît.
2961 830 39 5 —
3022 814 153 39 Toulon,
3201 817 34 31 19
3258 818 206 32 décembre.
3487 835 40 5 —
3548 817 28 32 A
3600 818 35 32 la
3656 818 86 31 date
3764 818 49 32 du

2811 852 40 32 10
2875 856 197 32 novembre
3095 856 157 39 dernier,
3276 861 31 31 le
3332 859 235 33 fournisseur
3589 859 66 33 des
3679 859 137 32 machi-

2808 899 64 26 nes
2899 894 250 40 frigorifiques
3176 899 50 32 du
3252 900 165 32 cuirassé
3442 901 47 31 Le
3514 900 166 32 Suffren,
3705 899 111 35 expé-

2807 933 90 33 diait
2927 935 48 32 du
3007 936 117 33 Havre
3156 946 94 29 pour
3279 941 140 31 Toulon
3451 941 36 32 la
3515 940 193 33 deuxième
3740 949 75 24 ma-

2807 974 106 33 chine
2943 977 61 38 qui
3037 979 120 32 aurait
3188 980 50 32 dû
3271 982 140 31 arriver
3442 981 20 32 à
3493 981 139 31 Toulon
3667 988 84 24 vers
3783 980 31 33 le

2810 1014 44 27 1er
2883 1015 205 35 décembre.
3117 1019 52 32 On
3198 1028 44 25 ne
3271 1022 34 31 la
3333 1021 103 33 reçut
3465 1029 76 25 pas.
3570 1022 51 31 On
3652 1021 92 32 croit
3770 1029 43 24 en

2808 1053 89 34 haut
2916 1056 71 33 lieu
3006 1059 133 36 qu'elle
3158 1069 21 23 a
3196 1061 78 35 pris
3292 1062 36 33 la
3345 1062 178 32 direction
3542 1062 44 33 de
3605 1061 210 35 l'étranger.

2807 1095 102 41 (Dép.
2929 1098 109 38 part.)

2847 1155 64 31 Fin
2938 1157 44 31 de
3011 1157 121 35 grève.
3160 1176 40 6 —
3227 1160 221 38 Perpignan,
3477 1160 36 31 19
3542 1159 206 33 décembre.
3775 1178 41 5 —

2805 1197 70 32 Sur
2898 1198 52 32 les
2973 1198 185 36 Instances
3180 1201 50 32 du
3254 1202 121 36 préfet
3397 1202 64 32 des
3484 1200 331 37 Pyrénées-Orien-

2807 1237 102 38 tales,
2934 1239 53 31 les
3012 1240 181 36 grévistes
3217 1243 48 31 du
3295 1243 125 32 tunnel
3448 1241 288 38 transpyrénéen
3764 1242 49 33 du

2806 1278 242 38 Puymorens,
3074 1282 63 31 ont
3162 1282 128 33 décidé
3315 1284 45 32 de
3387 1282 200 37 reprendre
3614 1283 32 32 le
3673 1283 141 32 travail.

2805 1318 29 32 Il
2854 1326 23 34 y
2898 1320 97 32 avait
3015 1321 85 40 près
3119 1321 88 33 d'un
3230 1324 91 32 mois
3342 1323 109 42 qu'ils
3471 1323 135 32 étaient
3626 1330 44 25 en
3692 1324 122 40 grève.

2846 1379 76 32 Une
2947 1388 86 31 gare
3058 1389 48 22 au
3129 1381 148 40 pillage.
3300 1400 41 5 —
3364 1381 387 40 Brétigpy-sur-Orge,
3777 1382 39 31 19

2799 1420 254 33 décembre.—
3069 1423 103 31 Nous
3190 1432 114 24 avons
3322 1423 115 33 relaté
3455 1424 53 31 les
3525 1422 81 32 vols
3624 1424 153 32 commis
3795 1424 21 32 à

2808 1461 33 32 la
2867 1469 88 33 gare
2983 1462 43 32 de
3055 1464 287 33 marchandises.
3371 1464 49 32 La
3447 1463 80 33 nuit
3554 1464 179 37 dernière,
3760 1464 54 33 les

2805 1501 138 32 mêmes
2969 1503 153 32 auteurs
3149 1505 63 31 ont
3237 1504 129 39 coupé,
3392 1505 20 31 à
3439 1504 106 33 l'aide
3572 1504 45 32 de
3644 1505 169 33 cisailles,

2804 1542 163 32 dix-huit
2986 1543 91 33 têtes
3094 1544 318 39 d'accouplement
3431 1544 384 34 d'intercommunica-

2806 1582 73 33 tion
2908 1583 201 42 électrique
3136 1588 149 30 servànt
3313 1586 43 32 de
3384 1585 120 41 signal
3532 1584 190 34 d'alarme.

2850 1624 48 31 Le
2918 1624 162 41 Parquet
3100 1625 44 32 de
3166 1626 142 33 Corbeil
3330 1627 168 41 enquête.

2842 1682 201 40 Explosion
3102 1684 109 32 d'une
3269 1685 231 32 locomotive.
3537 1701 42 7 —
3615 1683 197 39 Marseille,

2804 1723 36 32 19
2863 1723 206 34 décembre.
3090 1743 41 5 —
3152 1727 76 32 Une
3251 1726 217 33 locomotive
3491 1735 21 24 a
3531 1726 70 33 fait
3622 1726 188 41 explosion

2803 1773 67 24 sur
2900 1774 46 23 un
2977 1766 167 33 chantier
3172 1768 44 31 de
3244 1768 37 33 la
3308 1769 97 39 ligne
3432 1768 49 32 du
3511 1766 143 35 chemin
3683 1769 45 32 de
3756 1770 57 31 fer

2804 1807 412 40 L'Estaque-Miramaa.
3250 1809 49 34 Le
3330 1812 63 31 feu
3427 1811 91 32 s'est
3550 1811 261 39 communiqué

2801 1849 21 32 à
2851 1857 47 24 un
2927 1850 106 32 stock
3061 1851 45 32 de
3132 1851 92 33 bois.
3253 1851 70 35 Les
3350 1851 132 41 dégâts
3510 1852 188 33 matériels
3726 1852 85 33 sont

2804 1891 75 32 très
2908 1892 233 37 importants.
3166 1893 53 33 On
3244 1894 127 37 ignore
3396 1891 57 36 s'il
3478 1903 24 29 y
3528 1902 21 25 a
3573 1902 47 25 eu
3645 1894 66 33 des
3736 1895 75 32 vic-

2803 1931 119 36 times.

2842 1987 97 34 Tuée
2961 1988 21 32 à
3003 1995 117 35 coups
3143 1990 44 33 de
3208 1990 180 33 revolver.
3408 2005 41 8 —
3469 1988 198 39 Marseille,
3689 1990 37 32 19
3749 1988 63 35 dé-

2800 2032 159 32 cembre.
2992 2049 41 5 —
3068 2031 85 33 Mlle
3188 2032 133 33 Louise
3355 2031 196 39 Maréchal,
3588 2032 222 41 trente-cinq

2800 2080 78 30 ans,
2903 2082 22 24 a
2947 2073 58 32 été
3031 2073 84 33 tuée
3137 2073 22 33 à
3181 2081 118 34 coups
3323 2075 45 32 de
3393 2074 178 37 revolver,
3595 2074 21 32 à
3640 2074 170 33 Port-de-

2800 2114 109 39 Bouc,
2935 2122 66 34 par
3028 2123 46 24 un
3100 2115 146 33 nommé
3268 2116 105 34 Jules
3397 2115 192 42 Allongue.
3614 2117 50 33 Le
3687 2123 124 26 meur-

2803 2157 87 32 trier
2913 2158 59 32 est
2997 2165 43 25 en
3066 2156 105 34 fuite.

2841 2211 261 33 Déraillement
3150 2211 50 33 du
3247 2212 270 40 Sud-Express.
3550 2229 42 7 —
3625 2212 186 41 Hendaye,

2801 2254 35 31 19
2875 2252 207 34 décembre.
3120 2270 42 7 —
3200 2255 48 32 Le
3286 2254 270 40 Sud-Express,
3596 2255 95 40 parti
3732 2254 77 32 hier

2799 2296 45 32 de
2872 2296 117 38 Paris,
3017 2305 22 23 a
3066 2295 152 33 déraillé
3247 2295 86 42 près
3361 2296 46 32 de
3435 2296 35 32 la
3498 2296 138 32 station
3665 2296 46 33 de
3740 2296 69 32 Le-

2799 2338 176 38 gorretta,
3012 2338 36 32 la
3082 2338 81 32 nuit
3199 2338 179 37 dernière,
3413 2346 87 24 vers
3534 2338 20 32 2
3588 2338 135 32 heures
3760 2339 48 32 du

2800 2380 126 32 matin.
2952 2379 211 33 L'accident
3187 2381 58 31 est
3268 2379 164 34 attribué
3456 2380 22 31 à
3501 2388 49 24 un
3575 2377 235 36 éboulement

2799 2421 112 33 causé
2942 2429 67 33 par
3038 2422 53 32 les
3121 2421 189 33 dernières
3340 2422 120 41 pluies
3492 2421 258 33 torrentielles.
3780 2422 30 32 Il

2799 2465 62 42 n'y
2882 2473 21 24 a
2923 2472 67 35 pas
3011 2471 47 26 eu
3079 2464 205 33 d'accident
3306 2464 45 33 de
3375 2468 193 38 personne.

3193 2527 232 47 Etranger

2840 2592 57 32 Un
2925 2594 265 32 tremblement
3222 2593 43 32 de
3296 2595 99 30 terre
3427 2600 113 25 cause
3571 2591 36 33 la
3637 2593 97 31 mort
3766 2592 43 32 de

2798 2636 38 31 70
2866 2636 175 31 familles.
3074 2650 41 8 —
3166 2635 221 36 New-York,
3441 2633 37 32 19
3531 2633 208 33 décembre.
3770 2650 40 7 —

2796 2678 40 32 70
2869 2677 174 38 familles,
3077 2677 243 41 comprenant
3356 2676 57 32 150
3445 2676 22 32 à
3503 2675 56 33 170
3594 2682 215 34 personnes,

2797 2720 64 31 ont
2894 2720 58 31 été
2987 2718 149 40 noyées,
3171 2719 141 32 samedi
3347 2718 86 37 soir,
3467 2718 94 33 dans
3597 2717 71 33 l'île
3702 2717 107 33 d'Ho-

2798 2768 133 34 pango,
2964 2762 85 41 près
3082 2762 45 32 de
3160 2760 280 38 San-Salvador,
3474 2757 21 35 à
3527 2759 36 34 la
3594 2760 95 33 suite
3721 2760 88 33 d'un

2800 2802 260 33 tremblement
3087 2803 45 32 de
3160 2803 107 33 terre.

2839 2857 120 32 L'idée
2984 2858 43 31 de
3050 2857 35 31 la
3106 2857 86 40 paix
3215 2858 36 32 et
3273 2857 34 32 le
3331 2858 72 31 don
3425 2857 44 32 de
3492 2855 46 33 M.
3562 2855 186 41 Carnegie.
3768 2872 42 7 —

2796 2900 123 36 Rome,
2945 2899 37 32 19
3008 2898 207 34 décembre.
3239 2915 41 7 —
3305 2900 49 31 Le
3381 2898 50 32 roi
3459 2898 153 33 d'Italie.
3638 2906 43 24 pn
3709 2905 99 25 rece-

2796 2939 88 35 vant
2910 2942 299 32 l'ambassadeur
3233 2942 67 32 des
3327 2940 228 38 Etats-Unis,
3581 2939 51 33 lui
3659 2948 22 25 a
3706 2939 101 42 parlé

2797 2990 88 26 avec
2925 2984 280 33 enthousiasme
3246 2984 50 32 du
3337 2983 70 34 don
3449 2983 45 32 de
3534 2982 46 33 M.
3620 2982 186 38 Carnegie.

2798 3027 146 32 D'autre
2969 3026 94 41 part,
3087 3025 32 32 le
3144 3032 93 35 pape
3261 3034 21 24 a
3306 3023 225 43 télégraphié
3556 3024 251 41 personnelle-

2796 3069 101 32 ment
2930 3068 21 33 à
2983 3069 47 31 M.
3064 3068 176 40 Carnegie
3273 3074 96 35 pour
3401 3067 34 32 le
3468 3066 160 33 féliciter
3660 3067 45 33 de
3738 3072 68 26 son

2798 3108 188 36 initiative.

2836 3165 57 32 Un,
2923 3165 115 32 maire
3069 3163 128 33 italien
3226 3163 85 33 chef
3342 3164 44 32 de
3416 3163 133 32 bande.
3579 3181 42 5 —
3648 3163 67 32 Sas
3720 3163 86 37 sari,

2797 3208 35 31 19
2856 3207 206 33 décembre.
3086 3224 41 6 —
3150 3207 71 31 Des
3246 3206 150 32 bandits
3421 3205 123 33 armés
3570 3205 237 41 pénétrèrent

2795 3250 87 31 chez
2919 3250 33 31 le
2993 3249 100 32 riche
3133 3247 242 42 propriétaire
3414 3248 125 37 Areso,
3580 3247 32 33 le
3652 3247 154 32 bâillon-

2796 3292 139 37 nèrent,
2968 3291 93 33 ainsi
3096 3293 72 39 que
3200 3299 42 24 sa
3275 3291 147 36 femme,
3456 3290 36 32 et
3525 3290 54 32 les
3613 3289 193 33 tenaillant

2794 3335 87 32 d'un
2905 3335 58 31 fer
2985 3333 148 33 chauffé
3155 3333 21 32 à
3199 3332 121 38 blanc,
3344 3332 188 32 obtinrent
3555 3332 109 32 d'eux
3687 3331 119 33 l'indi-

2794 3376 120 33 cation
2939 3377 46 31 de
3008 3374 172 34 l'endroit
3203 3375 46 32 où
3276 3375 44 32 ils
3344 3374 191 33 cachaient
3561 3374 80 31 leur
3664 3373 141 41 argent.

2795 3420 54 32 Un
2875 3419 57 32 fils
2955 3418 66 33 des
3045 3418 123 39 époux
3190 3418 126 34 Areso,
3340 3416 213 36 survenant,
3577 3417 65 32 tua
3667 3423 48 25 un
3741 3416 66 32 des

2795 3460 161 37 bandits,
2980 3467 44 25 en
3048 3458 124 42 lequel
3194 3465 46 26 on
3262 3458 182 32 reconnut
3466 3457 147 33 ensuite
3635 3456 34 33 le
3691 3457 115 33 maire

2794 3503 45 32 de
2859 3502 120 33 Sisini.

2835 3556 55 32 Un
2916 3556 127 32 drame
3071 3556 44 33 de
3140 3555 36 33 la
3201 3554 170 42 jalousie.
3396 3572 42 6 —
3460 3553 191 38 Varsovie,
3677 3554 38 32 19
3742 3552 62 34 dé-

2793 3599 159 31 cembre.
2973 3616 41 5 —
3036 3599 48 31 Le
3108 3597 124 41 prince
3256 3596 274 41 Dolgoroukoff,
3553 3596 184 41 capitaine
3760 3596 45 33 de

2794 3640 34 33 la
2848 3640 125 41 garde,
2996 3640 58 32 est
3076 3639 136 33 détenu
3235 3639 21 32 à
3278 3639 37 37 la
3335 3638 125 43 prison
3486 3638 182 33 militaire.
3691 3639 114 40 Aper-

2793 3683 132 32 cevant
2958 3682 94 33 dans
3087 3689 71 26 une
3191 3682 81 40 loge
3305 3682 87 31 d'un
3426 3680 194 33 boui-boui
3655 3688 71 25 une
3759 3680 46 33 de

2793 3733 61 25 ses
2882 3725 127 37 amies,
3036 3724 137 33 actrice
3198 3723 22 33 à
3245 3724 117 37 Vilna,
3389 3731 43 25 en
3462 3723 93 32 train
3583 3723 46 32 de
3655 3730 149 33 souper,

2795 3768 22 31 il
2850 3768 35 32 la
2918 3767 118 37 saisit,
3069 3767 94 33 dans
3198 3774 47 25 un
3279 3766 107 32 accès
3420 3765 45 33 de
3496 3764 171 43 jalousie,
3701 3766 36 31 et
3770 3765 35 31 la

2794 3811 105 39 lança
2921 3810 94 32 dans
3038 3809 36 33 la
3096 3809 92 34 salle
3212 3808 224 41 par-dessus
3460 3808 35 32 la
3517 3807 219 32 balustrade
3759 3808 45 31 de

2795 3853 33 32 la
2862 3853 93 40 loge.
2990 3852 50 32 La
3074 3851 259 32 malheureuse
3368 3850 135 32 actrice
3537 3857 39 24 se
3609 3849 133 32 heurta
3774 3850 28 31 si

2793 3895 236 31 violemment
3052 3894 20 32 à
3095 3901 72 25 une
3191 3893 65 32 des
3279 3893 117 32 tables
3419 3892 44 33 de
3487 3892 35 32 la
3544 3892 102 37 salle,
3670 3892 133 41 qu'elle

2792 3938 62 31 eut
2884 3937 32 32 le
2947 3936 109 33 crâne
3087 3935 127 33 fendu.
3244 3935 76 32 Elle
3351 3934 58 33 fut
3439 3933 231 42 transportée
3700 3941 103 25 mou-

2794 3981 102 31 rante
2924 3979 93 32 dans
3044 3986 71 25 une
3145 3978 138 35 maison
3313 3978 43 31 de
3384 3977 115 32 santé.

2834 4035 69 32 Les
2939 4032 236 33 inondations
3212 4040 45 24 en
3291 4031 145 33 Russie.
3469 4049 42 5 —
3544 4030 88 38 Kiel,
3669 4031 37 32 19
3741 4031 63 32 dé-

2793 4077 157 32 0embre.
2972 4094 41 5 —
3034 4076 72 32 Par
3128 4075 99 32 suite
3249 4075 44 31 de
3316 4074 35 32 la
3373 4081 88 24 crue
3483 4073 51 32 du
3557 4072 168 41 Dniéper,
3748 4073 55 32 les

2792 4118 154 40 villages
2972 4118 85 32 sont
3081 4116 173 34 menacés
3278 4115 263 33 d'inondation.
3568 4116 50 32 La
3643 4115 159 39 poussée

2793 4162 64 32 des
2882 4161 154 38 glaçons
3061 4161 36 35 et
3123 4160 65 32 des
3214 4166 139 32 vagues
3380 4158 134 32 chasse
3539 4165 44 25 en
3608 4157 125 33 dérive
3758 4158 45 31 de

2792 4204 116 38 grand
2941 4203 148 32 navires
3122 4202 44 32 et.
3184 4201 71 33 des
3288 4200 179 32 chalands
3491 4207 8 30 ;
3528 4200 210 39 beaucoup-
3758 4200 45 31 de

2793 4247 112 37 petits
2926 4246 161 32 bateaux
3109 4244 36 32 et
3165 4244 45 32 de
3231 4244 163 32 radeaux
3414 4242 65 35 ont
3499 4241 58 34 .tté
3577 4241 137 37 rejetés
3736 4250 67 27 sur

2793 4289 53 32 les
2875 4288 97 31 rives
2999 4288 37 31 et
3062 4283 179 36 anéantis.

2832 4341 175 33 L'affaire
3042 4337 306 35 d'Houndsditch.
3381 4355 42 7 —
3455 4337 178 37 Londres,
3666 4337 39 32 19
3739 4336 62 33 dé-

2791 4384 159 33 cembre.
2968 4399 43 7 —
3031 4382 199 33 L'émotion
3254 4380 210 43 provoquée
3487 4387 65 34 par
3574 4380 227 32 l'assassinat

2791 4426 65 33 des
2892 4426 89 32 trois
3016 4425 201 40 policemen
3255 4430 67 33 par
3356 4423 65 32 des
3455 4422 267 32 cambrioleurs
3757 4429 43 24 ne

2792 4476 102 25 cesse
2920 4468 44 33 de
2990 4468 144 32 croître.
3159 4466 96 33 C'est
3280 4465 34 34 la
3339 4464 180 43 première
3545 4464 72 32 fois
3641 4471 71 33 que
3737 4464 67 32 des

2793 4512 201 37 policemen
3026 4511 83 30 sont
3138 4508 83 33 tués
3251 4507 92 33 dans
3374 4508 34 31 la
3439 4506 155 37 capitale
3626 4506 175 40 anglaise.

2792 4555 46 29 Le
2864 4553 144 37 respect
3032 4552 44 32 de
3100 4551 213 32 l'uniforme
3336 4550 46 32 de
3405 4550 35 31 la
3464 4549 116 37 police
3604 4549 54 32 est
3682 4549 30 31 si
3737 4548 65 36 vif,

2791 4602 43 25 en
2867 4594 228 40 Angleterre,
3128 4600 71 33 que
3256 4591 53 32 les
3366 4590 203 41 policemen
3626 4589 172 41 jusqu'ici

2792 4637 171 32 n'étaient
2994 4635 122 32 armés
3146 4642 71 32 que
3248 4633 45 32 de
3323 4633 143 32 bâtons.

2836 4680 68 31 Les
2931 4679 191 38 journaux
3150 4675 224 33 demandent
3401 4674 110 39 qu'on
3541 4681 101 25 arme
3671 4674 44 32 de
3743 4682 57 24 re-

2790 4722 147 31 volvers
2969 4721 53 31 les
3053 4719 141 41 agents,
3226 4717 112 33 livrés
3368 4723 159 36 presque
3559 4716 241 42 impuissants

2790 4773 73 24 aux
2884 4763 160 41 apaches
3067 4761 229 32 londoniens.

2896 4860 788 80 Tribunaux

2833 4997 47 32 Le
2909 4996 126 31 drame
3064 4995 44 31 de
3137 4995 34 31 la
3198 5002 66 23 rue
3294 4992 193 32 Boissiere.
3512 5009 41 5 —
3578 4991 46 31 M.
3653 4991 32 31 le
3711 4991 89 40 juge

2784 5038 255 33 d'instruction
3061 5036 166 32 Boucard
3248 5043 21 24 a
3287 5033 168 41 procédé,
3475 5033 78 32 hier
3572 5032 227 40 après-midi,

2790 5081 20 31 à
2836 5087 46 25 un
2910 5079 85 37 long
3021 5077 280 38 interrogatoire
3327 5076 43 32 de
3397 5074 171 41 François
3595 5073 204 37 Giudicelli,

2790 5129 40 24 ce
2862 5120 176 32 financier
3069 5119 74 38 qui,
3176 5119 32 31 le
3243 5117 40 32 12
3317 5116 193 33 décembre
3542 5115 158 37 dernier,
3733 5122 65 24 rue

2791 5161 189 37 Boissière,
3012 5161 64 32 tua
3105 5160 45 32 de
3181 5159 99 32 deux
3311 5164 115 35 coups
3456 5156 45 33 de
3532 5156 169 32 revolver
3732 5162 65 25 son

2790 5205 103 35 amie,
2921 5202 85 33 Mlle
3035 5200 192 33 Germaine
3255 5200 102 32 Sène.

2836 5244 47 32 Le
2907 5242 196 33 meurtrier
3125 5249 21 24 a
3170 5240 66 32 fait
3259 5241 33 31 le
3314 5239 92 32 récit
3426 5239 45 32 de
3494 5244 42 26 sa
3557 5238 128 32 liaison
3710 5244 89 25 avec

2789 5294 41 24 sa
2854 5284 146 32 victime
3026 5284 35 31 et
3085 5291 21 23 a
3130 5280 120 34 donné
3276 5289 39 23 ce
3340 5280 79 32 seul
3447 5278 109 33 détail
3583 5286 168 25 nouveau
3787 5286 7 23 :

2790 5328 31 30 le
2854 5325 193 33 dimanche
3080 5323 38 32 11
3152 5322 206 37 décembre,
3390 5321 34 32 la
3454 5320 107 32 veille
3592 5319 48 33 du
3674 5320 123 37 crime,

2791 5368 81 31 Lous
2901 5366 98 32 deux
3027 5364 145 33 avaient
3200 5362 127 33 décidé
3356 5362 44 32 de
3428 5370 38 23 se
3496 5362 92 35 tuer,
3619 5361 102 36 mais,
3750 5368 45 24 au

2788 5407 146 34 dernier
2959 5405 172 32 moment,
3156 5404 45 32 ils
3223 5402 167 34 s'étaient
3416 5402 67 31 mis
3507 5401 171 32 d'accord
3699 5407 98 36 pour

2789 5457 37 24 se
2854 5446 215 34 réconcilier
3096 5446 35 31 et
3157 5452 45 25 ne
3231 5444 100 40 point
3360 5443 129 32 mettre
3519 5442 82 32 leun
3628 5443 120 38 projet
3777 5442 19 31 à

2788 5489 205 33 exécution.
3024 5488 46 31 Le
3102 5486 218 36 lendemain,
3353 5491 69 25 une
3454 5483 105 32 visite
3590 5490 108 33 reçue
3732 5489 65 35 par

2789 5532 35 31 la
2850 5530 108 34 jeune
2984 5529 135 32 femme
3144 5525 181 39 exaspéra
3350 5524 192 33 Giudicelli
3567 5523 63 41 qui
3656 5531 38 24 se
3720 5530 76 25 ser-

2788 5571 51 32 vit
2869 5570 125 33 contre
3025 5569 70 32 elle
3127 5568 102 32 seule
3260 5567 44 32 de
3334 5566 128 32 l'arme
3493 5563 178 44 préparée
3702 5571 94 35 pour

2789 5613 83 32 tous
2896 5612 54 31 les
2974 5610 109 32 deux.

2836 5718 282 68 Revue
3168 5714 100 70 de
3318 5712 80 70 la
3450 5712 300 70 Presse

3114 5804 382 46 POLITIQUE

2905 5901 58 38 La
2984 5897 324 48 réintégration
3328 5899 77 37 des
3428 5895 247 39 cheminots

2831 5966 64 35 Du
2923 5963 175 37 Journal
3125 5961 70 36 des
3224 5961 152 36 Débats
3397 5970 11 25 :

2831 6023 75 33 Que
2928 6022 54 32 les
3003 6020 204 33 cheminots
3229 6019 97 33 aient
3348 6017 119 33 toutes
3490 6016 185 41 garanties
3698 6022 94 36 pour

2785 6065 92 31 faire
2907 6062 116 33 valoir
3052 6061 101 33 leurs
3182 6060 269 36 réclamations,
3481 6058 78 33 cela
3587 6065 38 24 se
3655 6057 75 32 doit
3758 6058 35 30 et

2784 6106 79 32 cela
2903 6104 116 32 existe
3042 6111 8 26 ;
3095 6102 110 38 qu'on
3247 6101 150 32 institue
3439 6100 63 32 des
3545 6096 160 35 Comités
3747 6098 44 32 de

2785 6144 242 37 conciliation,
3054 6149 95 26 nous
3176 6144 59 39 n'y
3263 6142 142 41 voyons
3431 6149 64 33 pas
3522 6139 119 42 grand
3668 6140 124 32 incon-

2783 6186 157 33 vénient,
2970 6184 91 34 mais
3091 6184 210 36 l'arbitrage
3330 6182 55 33 est
3413 6182 260 32 éminemment
3702 6182 89 30 dan-

2785 6234 150 30 gereux,
2972 6227 35 32 et
3040 6219 26 38 Il
3102 6225 106 33 suffit
3244 6223 43 36 de
3316 6221 184 38 regarder
3535 6223 20 32 à
3589 6228 60 26 ses
3685 6222 106 32 effets

2786 6277 92 27 pour
2902 6269 149 32 refuser
3076 6267 44 32 de
3145 6266 207 35 l'accepter.
3378 6264 28 34 Il
3432 6263 106 33 suffit
3564 6264 100 32 aussi
3692 6264 99 31 d'en-

2786 6310 128 33 tendre
2957 6309 52 32 les
3052 6305 245 41 Compagnies
3339 6304 168 34 déclarer
3548 6303 154 41 qu'elles
3745 6309 43 27 ne

2786 6350 212 33 pourraient
3023 6349 84 36 plus
3133 6348 182 37 répondre
3341 6347 47 32 du
3415 6346 69 32 bon
3505 6346 115 32 .ordre
3646 6346 31 31 si
3702 6345 90 32 elles

2784 6390 252 37 rapportaient
3054 6389 64 33 les
3148 6388 242 37 revocations,
3421 6392 94 34 pour
3544 6394 38 24 se
3613 6384 77 34 dire
3720 6392 70 34 que

2786 6435 34 30 ni
2848 6435 34 31 la
2910 6432 191 34 Chambre,
3129 6431 36 31 ni
3194 6431 31 31 le
3254 6429 290 40 gouvernement
3573 6435 42 24 ne
3645 6426 146 33 doivent

2786 6476 117 30 tenter
2935 6474 44 32 de
3012 6479 107 31 peser
3151 6479 66 24 sur
3248 6469 100 34 elles.
3382 6470 50 31 En
3465 6468 79 33 tout
3576 6468 89 36 cela,
3697 6474 93 25 nous

2786 6517 261 34 n'apercevons
3077 6519 131 26 encore
3239 6519 71 25 une
3341 6511 70 32 fois
3440 6516 71 29 que
3541 6509 158 32 l'intérêt
3728 6517 62 23 su-

2787 6557 145 38 périeur
2972 6555 48 32 du
3061 6561 91 30 pays
3177 6561 7 24 :
3227 6553 88 32 c'est
3353 6552 52 32 lui
3443 6550 91 38 seul,
3574 6557 44 25 en
3653 6550 53 31 fin
3746 6550 43 31 de

2784 6598 154 42 compte,
2966 6595 62 42 qui
3054 6594 76 33 doit
3157 6594 212 42 triompher.

2784 6670 55 35 La
2861 6666 147 38 liberté
3032 6667 47 35 de
3101 6666 337 44 l'enseignement
3460 6665 42 34 et
3521 6663 39 35 le
3583 6663 136 45 projet
3742 6663 47 34 de

3158 6712 50 35 M.
3237 6712 178 43 Dessoye

2836 6773 59 38 De
2919 6772 39 37 la
2980 6770 167 44 Liberté
3170 6769 65 44 (M.
3260 6768 125 39 Louis
3409 6767 187 47 Latapie)
3631 6776 8 27 :

2829 6830 34 35 Si
2886 6832 65 32 bas
2972 6837 70 32 que
3064 6829 70 31 soit
3157 6827 119 33 tombé
3299 6829 32 31 le
3353 6827 137 39 régime
3512 6825 66 41 qui.
3596 6831 39 25 se
3658 6824 130 32 décore

2783 6879 130 26 encore
2936 6872 48 31 du
3007 6878 82 24 nom
3113 6869 43 32 de
3178 6868 240 40 républicain,
3441 6873 92 26 nous
3557 6873 41 25 ne
3621 6871 167 35 pouvons

2786 6921 64 27 pas
2895 6913 116 31 croire
3053 6910 113 34 qu'un
3212 6909 114 35 pareil
3371 6908 153 34 attentat
3568 6908 123 30 contre
3736 6907 53 32 les

2783 6954 245 34 consciences,
3048 6952 112 37 qu'un
3184 6950 112 38 pareil
3317 6951 111 31 crime
3449 6950 124 31 contre
3594 6947 35 32 la
3649 6947 139 37 liberté,

2785 6996 122 34 puisse
2955 6994 75 32 être
3079 6988 191 38 perpétré,
3307 6991 135 32 devant
3489 6997 71 24 une
3608 6988 178 32 Chambre

2785 7036 194 35 française.
3006 7034 51 32 On
3084 7041 44 23 ne
3155 7035 170 29 trouvera
3354 7040 64 27 pas
3444 7031 92 32 dans
3563 7029 99 32 toute
3689 7029 98 32 l'his-

2785 7079 88 31 toire
2911 7078 35 30 et
2985 7075 91 32 dans
3115 7073 35 32 la
3188 7074 206 39 législation
3433 7070 156 34 actuelle
3627 7070 158 32 d'aucun

2785 7126 91 27 pays
2905 7118 77 31 rien
3014 7115 61 36 qui
3106 7115 200 31 ressemble
3336 7114 21 31 à
3386 7121 40 24 ce
3456 7120 69 33 que
3556 7112 53 32 les
3638 7118 149 33 maçons

2782 7159 167 34 jacobins
2986 7158 43 31 de
3066 7157 35 30 la
3136 7155 234 32 commission
3407 7154 44 32 de
3486 7152 301 37 l'enseignement

2784 7201 61 31 ont
2866 7197 169 38 imaginé.
3057 7196 108 32 Nulle
3188 7196 80 38 part
3288 7197 35 30 et
3342 7195 144 40 jamais,
3508 7193 35 33 la
3565 7192 133 42 pensée
3720 7192 66 32 hu-

2785 7241 128 33 maine,
2940 7240 34 31 la
3001 7236 127 34 liberté
3157 7237 91 31 dans
3275 7244 39 25 ce
3341 7234 131 39 qu'elle
3500 7244 21 23 a
3547 7240 43 26 de
3619 7234 83 37 plus
3728 7242 59 23 sa-

2783 7282 71 34 cré,
2886 7282 57 31 n'a
2973 7279 56 32 été
3059 7279 31 31 si
3120 7278 241 31 cruellement
3388 7275 153 37 blessée,
3574 7273 115 34 même
3721 7281 65 32 par

2783 7324 52 31 les
2864 7324 126 38 tyrans
3016 7320 88 31 dont
3129 7318 33 31 le
3190 7325 81 24 nom
3299 7318 55 32 est
3379 7316 151 33 couvert
3556 7315 230 41 d'opprobre.

2831 7364 47 31 Le
2909 7361 121 38 projet
3059 7359 65 32 des
3153 7359 166 36 Buisson,
3351 7358 181 32 Berteaux
3562 7359 35 29 et
3626 7357 161 38 Dessoye

2785 7405 74 31 vise
2893 7410 68 24 non
2995 7400 204 33 seulement
3230 7399 32 32 le
3295 7399 84 40 père
3411 7399 44 31 de
3502 7398 149 36 famille,
3696 7398 92 30 mais

2784 7444 99 32 aussi
2912 7443 53 31 les
2993 7441 159 39 parents,
3181 7440 52 31 les
3260 7440 102 35 amis,
3389 7438 100 32 toute
3516 7445 182 32 personne
3725 7438 61 40 qui

2785 7492 42 25 ne
2859 7492 38 24 se
2930 7482 179 33 courbera
3142 7486 64 34 pas
3238 7480 132 32 devant
3403 7479 247 36 l'instituteur,
3685 7479 100 30 fût-il

2784 7525 206 32 anarchiste
3014 7523 34 30 et
3071 7520 234 40 sans-patrie.
3329 7520 119 37 Quant
3471 7527 73 24 aux
3567 7519 152 40 prêtres,
3744 7519 44 31 ils

2785 7565 168 32 n'auront
2976 7570 65 31 pas
3065 7562 115 30 même
3204 7561 31 31 le
3258 7561 105 36 droit,
3385 7561 92 31 dans
3501 7560 98 31 leurs
3622 7560 164 38 prêches,

2784 7606 91 32 dans
2903 7606 79 32 leur
3008 7602 285 39 enseignement,
3320 7601 91 31 dans
3437 7601 99 31 leurs
3565 7600 149 41 prières,
3742 7600 44 32 de

2785 7646 142 31 réfuter
2958 7645 53 31 les
3040 7641 235 40 blasphèmes
3305 7640 123 32 lancés
3459 7648 66 31 par
3558 7642 53 30 les
3643 7641 144 31 institu-

2785 7688 100 30 teurs
2912 7685 124 32 contre
3062 7683 80 30 leur
3167 7680 152 41 religion
3345 7682 35 31 et
3405 7683 124 30 contre
3556 7682 80 30 leur
3660 7682 90 30 Dieu
3775 7682 7 30 !

2784 7725 58 38 Or,
2869 7732 141 25 comme
3038 7723 88 32 c'est
3152 7722 32 31 le
3213 7721 156 40 premier
3396 7721 125 32 devoir
3548 7722 44 31 de
3619 7722 33 31 le
3682 7722 101 36 faire,

2785 7774 140 24 comme
2951 7765 44 31 ils
3020 7771 43 23 ne
3088 7763 159 40 peuvent
3271 7762 124 31 ouvrir
3420 7763 34 30 la
3477 7762 141 31 bouche
3643 7769 85 24 sans
3754 7762 28 31 le

2786 7807 102 36 faire,
2919 7806 43 31 ils
2993 7805 124 31 seront
3144 7810 43 23 en
3219 7802 73 32 état
3322 7803 214 39 permanent
3564 7802 44 31 de
3637 7802 98 36 délit,
3766 7803 17 30 à

2786 7848 32 33 la
2838 7846 110 31 merci
2967 7845 49 31 du
3039 7844 159 34 premier
3214 7850 97 24 venu
3329 7843 60 40 qui
3410 7843 52 31 les
3481 7850 91 23 aura
3591 7842 182 32 dénoncés

2830 7887 33 32 Si
2889 7886 56 31 cet
2974 7897 13 15 à
3015 7883 125 32 article
3168 7884 133 39 unique
3329 7895 13 15 »
3373 7882 85 32 était
3481 7882 93 37 voté,
3599 7889 39 24 ce
3663 7883 112 31 serait

2785 7934 92 23 nous
2898 7927 43 29 ne
2963 7925 125 31 disons
3109 7931 64 32 pas
3193 7923 203 31 seulement
3416 7924 34 30 la
3471 7923 107 31 honte
3600 7922 43 31 de
3665 7923 34 31 la
3720 7923 59 31 Ré-

2786 7967 185 36 publique,
3000 7964 89 31 mais
3118 7964 33 30 la
3179 7964 45 30 fin
3253 7963 43 32 de
3324 7963 35 31 la
3387 7963 234 37 République,
3649 7970 62 23 car
3739 7970 39 24 or

2785 8006 163 38 pourrait
2963 8004 77 31 dire
3055 8004 48 31 du
3120 8003 137 39 régime
3284 8002 61 40 qui
3362 8010 54 25 as?
3452 8003 128 31 inerait
3606 8003 91 31 cette
3724 8010 54 25 en.-

2786 8045 219 33 freprise'de
3030 8044 166 37 tyrannie
3219 8043 87 38 qu'il
3334 8044 75 30 méi
3499 8050 67 25 ■5*>a
3592 8044 53 26 }l''-'''
3668 8050 110 28 noms.

2786 8085 150 41 excepté
2959 8085 95 32 celui
3076 8080 45 37 de
3142 8083 240 43 républicain.

3882 690 140 88 M.
4066 694 386 92 Waché
4498 704 120 88 de
4668 708 212 86 Roo

3918 824 370 92 devant
4310 830 144 90 les
4480 838 360 90 assises

3930 1009 216 43 L'accusé
4177 1017 70 37 est
4279 1018 249 42 condamné
4560 1018 27 45 à
4627 1024 78 40 dix
4736 1034 88 31 ans

3930 1074 55 40 de
4035 1075 229 44 réclusion
4316 1084 43 36 et
4413 1079 26 43 à
4493 1094 58 31 un
4594 1087 132 42 franc
4769 1090 54 39 de

4134 1142 488 50 dommages-intérêts.

3923 1251 367 48 L'interrogtaoire
4317 1258 49 37 de
4395 1260 48 36 M.
4472 1262 154 37 Waché
4650 1264 50 37 de
4727 1265 82 36 Roo
4836 1275 45 26 se

3874 1300 174 35 termine
4087 1304 119 41 après
4244 1313 80 32 que
4363 1306 48 35 M.
4452 1307 35 36 le
4526 1309 210 36 président
4773 1312 103 33 Ber-

3875 1344 121 42 tulus,
4019 1346 125 44 ayant
4164 1350 189 37 examiné
4374 1361 50 26 en
4446 1363 55 25 un
4525 1354 93 36 long
4639 1358 241 32 monologue

3873 1389 36 41 la
3948 1392 191 43 question
4179 1394 48 36 de
4267 1397 138 36 savoir
4444 1401 92 36 quel
4579 1402 149 33 mobile
4767 1405 113 30 avait

3871 1436 114 36 armé
4012 1437 36 36 le
4073 1438 93 37 bras
4193 1441 54 36 du
4275 1444 217 39 parricide,
4522 1447 47 36 M.
4596 1448 154 35 Gaston
4777 1452 100 31 Wa-

3870 1482 76 35 ché
3968 1483 49 36 de
4040 1484 81 36 Roo
4144 1486 152 45 s'écrie,
4323 1490 244 39 retrouvant
4590 1495 109 36 enfin
4721 1506 57 25 un
4798 1507 81 24 peu

3870 1530 49 33 de
3943 1530 113 36 force
4078 1531 41 36 et
4141 1532 50 36 de
4213 1535 97 36 voix
4339 1546 8 26 :

3913 1591 46 33 Ce
3984 1593 63 38 qui
4072 1595 72 32 m'a
4168 1594 150 41 révolté,
4343 1599 124 34 c'était
4491 1602 35 32 la
4550 1603 199 32 différence
4774 1607 82 28 d'âg

3871 1634 104 31 entre
4000 1635 46 31 M.
4074 1636 112 41 Hajos
4212 1639 36 31 et
4274 1648 60 24 ma
4359 1642 110 32 mère.
4496 1644 129 33 C'était
4652 1646 33 32 le
4712 1648 67 30 fait
4806 1657 71 21 que

3872 1677 44 29 M.
3945 1677 112 39 Hajos
4087 1680 143 38 passait
4258 1689 94 32 pour
4380 1689 47 26 un
4457 1687 212 32 aventurier
4693 1696 8 29 ;
4728 1689 24 31 il
4780 1696 97 26 avait

3989 1724 72 42 .0Us
4186 1729 104 37 Pays,
4326 1724 123 33 monté
4485 1727 190 39 plusieurs
4711 1731 166 33 cabinets

3871 1765 22 25 d
3908 1765 150 27 affaires
4083 1767 62 35 qui
4169 1766 146 31 avaient
4337 1766 154 36 disparu
4514 1770 362 32 mystérieusement.

3874 1801 25 30 Il
3930 1808 45 25 ne
4005 1802 176 40 jouissait
4213 1805 160 35 d'aucun
4405 1809 127 36 crédit,
4564 1812 136 33 n'avait
4733 1821 67 24 pas
4832 1816 45 29 de

3871 1850 153 33 moyens
4064 1844 224 36 d'existence
4313 1849 8 32 1

3918 1902 34 36 A
3975 1904 108 37 cette
4109 1905 169 47 attaque
4303 1908 166 44 directe,
4498 1912 48 36 M.
4574 1910 124 42 Hajos
4726 1915 154 37 semble

3869 1951 92 42 plus
3979 1953 93 42 pâle
4091 1961 158 29 encore.
4271 1954 28 36 Il
4322 1965 113 28 serre
4454 1967 72 27 son
4549 1961 216 36 mouchoir
4780 1963 100 36 dans

3869 2004 44 27 sa
3949 1998 121 42 main,
4109 2000 104 35 mais
4248 2009 43 28 se
4325 2003 195 37 contient.
4556 2004 52 38 Et
4644 2007 47 36 M.
4727 2006 154 37 Gaston

3870 2041 152 39 Waché
4045 2044 50 37 de
4121 2044 81 38 Roo
4227 2046 140 47 répète
4393 2059 80 28 une
4498 2051 80 37 fois
4603 2053 49 37 de
4677 2054 92 46 plus
4792 2063 8 28 :

3909 2123 41 6 —
3970 2106 42 33 Je
4040 2110 217 39 regretterai
4286 2111 102 34 toute
4414 2121 61 27 ma
4499 2115 58 33 vie
4583 2116 107 34 l'acte
4717 2125 73 27 que
4818 2116 58 36 l'ai

3870 2151 154 30 commis
4049 2151 7 31 !

3920 2207 61 44 Et,
4009 2208 238 47 cependant,
4277 2212 49 37 M.
4353 2214 154 38 Gaston
4531 2217 156 37 Waché
4711 2216 50 39 de
4786 2220 92 35 Roo,

3868 2254 120 45 après
4009 2257 117 35 avoir
4148 2257 69 38 tué
4238 2269 44 27 sa
4304 2259 111 39 mère
4436 2262 40 36 et
4497 2264 124 37 ayant
4641 2273 146 30 encore
4808 2276 72 23 son

3870 2302 187 36 revolver
4084 2304 160 45 chargé,
4274 2307 62 36 est
4361 2307 204 39 descendu
4592 2310 95 37 chez
4718 2312 34 36 le
4779 2322 99 27 con-

3859 2348 136 46 cierge
4014 2349 223 39 demander
4256 2363 56 26 un
4329 2354 197 42 médecin,
4547 2366 157 29 comme
4724 2360 37 36 le
4780 2367 99 29 rap-

3868 2395 105 45 pelle
3998 2396 35 36 le
4056 2398 224 44 président.

3918 2442 76 37 Les
4019 2443 108 37 deux
4152 2455 130 28 sœurs
4306 2447 50 37 de
4382 2448 182 42 l'accusé,
4592 2452 105 35 Mme
4720 2453 160 34 Amélia

3868 2489 164 44 Waché,
4070 2491 153 45 épouse
4260 2493 191 39 divorcée
4486 2496 50 37 de
4574 2498 47 36 M.
4660 2499 141 38 Moser,
4840 2501 40 36 et

3869 2536 104 37 Mme
4006 2537 196 44 Sauvard,
4238 2540 93 36 sont
4363 2542 225 38 entendues
4621 2554 158 29 comme
4812 2547 64 37 té-

3868 2583 143 37 moins.
4031 2584 57 36 La
4109 2586 216 44 première,
4347 2588 300 40 extrêmement
4664 2593 100 39 jolie
4784 2602 95 29 sous

3866 2638 73 28 son
3966 2631 108 36 voile
4100 2631 49 38 de
4175 2632 123 39 deuil,
4327 2634 63 37 est
4415 2634 158 42 obligée
4600 2638 49 36 de
4677 2639 200 39 s'asseoir,

3868 2677 87 36 tant
3983 2678 63 36 est
4072 2679 154 42 grande
4254 2689 73 27 son
4356 2681 193 38 émotion.
4577 2684 88 37 Elle
4695 2688 184 38 rappelle

3866 2732 72 27 son
3972 2725 182 37 intimité
4185 2726 169 38 absolue
4385 2738 98 27 avec
4514 2738 45 28 sa
4590 2732 112 37 mère
4734 2734 41 36 et
4806 2743 72 27 son

3870 2770 110 37 frère
4011 2772 165 43 Gaston,
4211 2772 163 38 déclare
4407 2784 80 36 que
4522 2776 206 44 lorsqu'on
4760 2781 117 39 parla

3868 2826 103 35 pour
4001 2819 36 35 la
4066 2820 208 41 première
4304 2820 80 38 fois
4414 2823 54 35 du
4498 2825 103 34 mari
4634 2823 134 41 Hajos,
4801 2827 77 36 elle

3865 2863 214 38 considéra
4103 2874 79 33 que
4205 2867 138 36 c'était
4368 2878 80 27 une
4471 2870 124 37 chose
4619 2871 257 40 épouvanta-

3866 2910 75 37 ble.
3976 2911 100 37 Mais
4111 2913 232 42 lorsqu'elle
4376 2916 69 36 sut
4476 2926 80 33 que
4586 2917 139 37 c'était
4755 2919 123 38 chose

3870 2958 172 37 réalisée
4076 2958 41 37 et
4149 2968 80 37 que
4261 2970 73 27 son
4368 2962 112 37 frère
4513 2964 90 36 vint
4636 2965 36 37 le
4706 2966 59 36 lui
4798 2976 77 27 an-

3869 3013 150 28 noncer
4047 3005 41 36 et
4114 3005 200 47 déjeuner
4343 3017 97 28 avec
4469 3010 77 36 elle
4581 3018 8 28 :

3904 3085 42 6 —
3967 3069 102 31 Nous
4092 3077 114 25 avons
4228 3070 58 33 été
4307 3079 143 26 comme
4471 3074 97 32 deux
4589 3076 282 34 malheureuses

3865 3109 147 41 épaves,
4040 3111 36 31 et
4102 3119 94 24 nous
4223 3120 115 26 avons
4365 3114 139 41 pleuré,
4531 3116 154 34 dit-elle.

3916 3170 61 43 Et,
4005 3179 81 38 peu
4113 3171 23 37 à
4160 3181 92 35 peu,
4281 3182 75 28 son
4383 3173 258 45 indignation
4669 3177 59 37 lui
4754 3188 121 28 reve-

3863 3217 100 36 nant
3984 3227 8 26 :

3905 3317 41 6 —
3967 3299 88 33 Voir
4082 3300 22 32 à
4132 3301 107 32 notre
4268 3302 116 38 place,
4414 3303 93 33 dans
4537 3305 105 32 notre
4672 3306 117 37 foyer,
4818 3299 67 41 les'

3867 3342 88 32 trois
3988 3342 95 33 filles
4113 3343 45 32 de
4190 3344 45 32 M.
4266 3344 112 39 Hajos
4409 3345 62 38 qui
4502 3346 206 34 n'auraient
4737 3349 133 36 jamais

3867 3391 47 33 pu
3948 3384 77 33 être
4057 3392 66 25 nos
4155 3393 130 31 sœurs,
4318 3396 23 30 y
4373 3388 79 31 voir
4484 3389 122 32 entrer
4639 3390 56 32 cet
4728 3390 144 33 homme

3866 3425 62 40 qui
3960 3433 94 25 nous
4086 3426 113 34 volait
4228 3428 106 33 notre
4364 3429 111 38 mère,
4506 3428 123 35 c'était
4661 3438 71 26 une
4762 3432 111 33 chose

3865 3467 161 33 horrible
4049 3469 8 31 !

3917 3509 104 38 Mme
4057 3511 197 44 Sauvard,
4292 3522 98 27 avec
4425 3515 93 44 plus
4553 3514 49 37 de
4637 3516 140 43 calme,
4816 3516 61 38 dit

3864 3558 57 35 les
3945 3558 153 40 mêmes
4123 3559 156 37 choses.
4306 3560 100 36 Sans
4431 3561 134 43 doute,
4592 3562 76 36 elle
4693 3573 22 25 a
4739 3573 52 26 vu
4819 3564 56 36 les

3860 3603 142 38 scènes
4026 3605 50 36 de
4101 3606 93 45 plus
4221 3607 92 43 loin,
4342 3607 190 38 habitant
4556 3609 23 36 à
4604 3609 55 36 La
4686 3610 188 37 Guerche

3864 3651 113 37 toute
4012 3652 167 43 l'année,
4216 3651 40 39 et
4291 3653 61 37 n'a
4389 3664 52 33 pu
4476 3656 194 44 partager
4705 3666 97 28 avec
4838 3659 36 35 la

3863 3700 131 35 même
4039 3699 179 38 vivacité
4265 3701 207 37 l'émotion
4520 3703 233 43 provoquée
4801 3715 74 32 par

3864 3746 208 37 l'annonce
4106 3747 50 37 de
4191 3747 153 37 l'union
4380 3758 79 36 que
4495 3749 113 38 toute
4643 3750 38 37 la
4714 3751 160 37 famille

3861 3793 217 45 déplorait.

3903 3840 139 37 Citons
4060 3841 134 46 parmi
4215 3843 57 36 les
4292 3843 140 37 autres
4452 3843 176 37 témoins
4646 3845 103 36 Mme
4766 3846 106 36 Dre-

3862 3897 96 33 mer,
4002 3889 37 35 la
4077 3889 215 44 concierge
4331 3890 49 37 de
4420 3891 36 35 la
4494 3891 179 43 victime,
4714 3892 70 44 qui
4823 3915 52 6 —

3861 3935 179 46 quoique
4075 3935 223 47 concierge,
4335 3947 157 27 comme
4527 3938 36 37 le
4598 3939 79 36 fait
4712 3949 159 26 remar-

3860 3992 102 36 quer
3989 3984 36 35 le
4052 3984 212 44 président
4287 3984 8 36 !
4320 4007 52 5 —
4399 3985 188 45 ignorait,
4617 3986 36 36 le
4684 3988 43 34 13
4755 3987 115 42 avril,

3862 4039 79 34 que
3974 4030 104 36 Mme
4111 4031 155 36 Waché
4298 4031 165 46 de„R,oo
4494 4041 44 27 se
4571 4032 65 36 fût
4669 4033 202 37 remariée

3863 4076 34 36 le
3929 4077 34 35 9.
3997 4077 30 35 Il
4061 4077 62 36 est
4152 4077 90 36 vrai
4276 4078 163 45 qu'elle"
4455 4079 62 36 est
4547 4079 149 36 sourde
4728 4080 40 36 et
4800 4090 86 35 par,

3860 4124 252 45 conséquent
4155 4134 80 35 peu
4282 4126 94 44 apte
4421 4125 23 36 à
4490 4126 36 35 la
4572 4127 300 36 conversation.

3862 4170 102 36 Mme
3991 4171 159 37 Waché
4169 4171 50 36 de
4245 4172 80 36 Roo
4350 4172 122 42 avait,
4500 4173 221 43 d'ailleurs,
4749 4174 124 36 caché

3861 4216 269 40 l'événement
4149 4228 98 26 avec
4268 4219 89 35 tant
4375 4219 48 36 de
4442 4220 91 35 soin
4554 4220 147 44 qu'elle
4722 4220 150 36 n'avait

3862 4265 217 39 utilisé:ei
4111 4274 72 29 son
4218 4266 251 36 automobile
4505 4267 39 34 ni
4579 4276 72 26 son
4687 4267 182 35 mécani-

3859 4312 90 35 cien
3978 4321 105 36 pour
4111 4312 102 37 aller
4241 4312 22 36 à
4293 4313 36 35 la
4358 4313 147 36 mairie
4535 4314 35 35 le
4595 4313 98 45 jour
4721 4313 49 36 de
4798 4323 72 27 son

3861 4358 179 46 mariage
4068 4368 79 37 que
4176 4360 35 35 le
4238 4359 252 37 mécanicien
4521 4359 141 46 ignora
4685 4382 53 5 —
4765 4360 27 36 il
4821 4370 49 27 en

3859 4405 150 45 dépose
4032 4406 8 35 !
4060 4428 52 5 —
4132 4415 158 27 comme
4313 4407 37 35 la
4370 4407 226 45 concierge.

3910 4452 131 42 Enfin,
4072 4453 98 36 c'est
4198 4453 171 45 l'expert
4397 4462 49 27 en
4474 4453 284 46 comptabilité
4786 4454 82 45 qui,

3859 4499 124 45 ayant
4012 4500 189 36 examiné
4232 4501 56 39 les
4320 4498 125 45 livres
4474 4500 49 36 de
4554 4501 47 35 M.
4635 4501 134 44 Hajos,
4802 4502 67 34 af-

3860 4547 115 36 firme
3999 4557 80 35 que
4105 4548 37 35 la
4166 4545 230 42 correction
4421 4545 37 38 la
4484 4548 92 44 plus
4604 4548 179 45 parfaite
4809 4548 61 35 n'a

3856 4595 113 35 cessé
3994 4594 49 36 de
4068 4594 188 45 présider
4280 4604 79 26 aux
4384 4595 181 44 comptes
4591 4595 124 45 ayant
4740 4595 131 35 existé

3857 4641 117 36 entre
4000 4642 56 35 lui
4082 4642 41 35 et
4147 4642 104 35 Mme
4276 4641 152 40 Waché
4452 4641 49 36 de
4526 4642 91 41 Roo,
4644 4642 41 36 et
4709 4641 162 36 déclare

3856 4689 120 45 qu'en
4011 4688 205 36 revanche
4250 4689 47 35 M.
4331 4688 153 36 Gaston
4520 4688 153 36 Waché
4706 4689 49 35 de
4789 4689 81 35 Roo

3858 4736 113 35 avait
4001 4735 183 46 englouti
4216 4734 100 37 dans
4349 4734 174 37 l'affaire
4554 4734 313 37 d'automobiles

3858 4782 50 36 où
3948 4782 26 35 il
4009 4791 44 27 se
4088 4782 148 35 trouva
4272 4782 55 35 les
4361 4782 139 35 60.000
4536 4782 138 35 francs
4710 4791 79 36 que
4823 4790 45 27 sa

3858 4828 110 36 mère
3995 4829 57 35 lui
4080 4829 113 35 avait
4216 4828 154 36 donnés
4399 4837 103 36 pour
4530 4828 56 36 les
4612 4838 24 35 y
4662 4838 153 26 verser.

3909 4876 101 35 Mais
4034 4875 225 37 l'audience
4280 4876 62 35 est
4363 4875 235 44 suspendue
4620 4875 120 45 après
4763 4874 106 37 cette

3858 4923 204 44 première
4098 4922 135 46 partie
4265 4922 69 36 des
4369 4922 154 36 débats.
4557 4922 33 34 A
4625 4922 37 35 la
4697 4922 169 44 reprise,

3858 4971 49 34 Me
3930 4970 97 36 Paul
4050 4970 112 45 Gaye
4183 4979 22 26 a
4227 4969 36 35 la
4288 4969 140 45 parole
4449 4979 51 25 au
4525 4978 92 27 nom
4639 4968 49 37 de
4711 4969 47 35 M.
4785 4969 82 35 Ha-

3853 5017 74 45 jos,
3950 5017 134 46 partie
4102 5017 135 35 civile.
4259 5016 29 35 Il
4312 5016 78 35 fait
4411 5015 139 46 l'éloge
4569 5016 49 35 de
4638 5025 71 26 son
4730 5016 136 35 client.

3859 5065 26 34 Il
3912 5063 182 46 proteste
4118 5063 142 36 contre
4286 5062 135 36 toutes
4448 5063 55 35 les
4530 5062 242 45 allégations
4797 5063 70 45 qui

3855 5111 70 36 ont
3952 5111 65 36 été
4045 5110 214 46 produites
4286 5110 142 36 contre
4458 5109 68 41 lui,
4557 5109 162 36 déclare
4748 5109 119 45 qu'on

3855 5168 22 26 a
3900 5167 49 27 en
3972 5158 96 35 vain
4093 5157 146 36 fouillé
4263 5166 43 26 sa
4331 5156 66 36 vie
4420 5166 93 26 sans
4537 5166 24 34 y
4587 5155 87 36 rien
4701 5156 167 35 trouver

3855 5205 49 35 de
3927 5204 177 45 suspect,
4128 5203 40 37 et
4193 5203 47 35 lit
4262 5213 81 26 une
4367 5202 121 37 lettre
4511 5202 48 36 de
4585 5203 102 35 Mme
4712 5202 153 36 Waché

3854 5252 49 36 de
3927 5252 81 35 Roo
4032 5251 51 35 où
4107 5250 166 36 celle-ci
4298 5259 43 27 se
4365 5249 132 45 plaint
4519 5249 254 36 amèrement
4796 5248 70 36 des

3854 5298 220 37 demandes
4108 5296 184 46 d'argent
4323 5296 49 36 de
4406 5305 73 27 son
4512 5295 76 37 fils.
4622 5296 31 34 Il
4689 5295 174 36 termine

3854 5355 44 27 sa
3920 5344 220 47 plaidoirie
4164 5353 49 27 en
4235 5343 138 37 disant
4401 5353 7 26 :

3895 5428 41 5 —
3957 5410 42 32 Je
4025 5417 93 24 vous
4147 5408 31 33 ai
4206 5407 192 33 démontré
4425 5415 72 33 que
4523 5413 84 25 mon
4634 5405 111 32 client
4772 5405 89 32 était

3856 5460 47 25 un
3933 5452 158 32 honnête
4119 5451 156 37 homme,
4303 5457 93 24 vous
4425 5456 45 27 ne
4497 5449 51 32 lui
4575 5448 284 32 marchanderez

3856 5502 66 33 pas
3952 5495 104 31 votre
4086 5493 131 32 estime
4241 5493 8 31 !

3903 5549 47 35 M.
3975 5548 171 36 l'avocat
4167 5546 165 46 général
4355 5543 261 48 Peyssonnié,
4638 5543 71 46 qui
4730 5543 132 47 prend

3853 5596 162 36 ensuite
4044 5595 36 36 la
4106 5595 151 45 parole,
4285 5593 148 37 débute
4458 5591 106 37 ainsi
4596 5601 8 25 :

3899 5678 47 5 —
3971 5659 101 33 Celui
4097 5659 62 40 qui
4186 5658 131 40 frappe
4342 5665 40 24 sa
4407 5656 97 32 mère
4530 5656 54 31 est
4608 5662 50 25 un
4683 5656 176 38 criminel,

3855 5702 94 33 celui
3977 5703 62 39 qui
4068 5702 35 31 la
4132 5702 60 31 tue
4220 5701 55 32 est
4302 5707 49 24 un
4380 5698 161 32 monstre
4565 5698 7 31 !

3898 5761 49 37 Et
3979 5760 224 46 reprenant
4247 5760 57 35 les
4361 5759 97 35 faits
4515 5765 97 28 avec
4644 5757 215 46 beaucoup

3852 5809 193 45 d'images
4073 5808 41 36 et
4138 5808 52 35 de
4212 5807 180 41 couleur,
4422 5805 27 36 il
4476 5813 206 38 prononce
4709 5815 56 26 un
4790 5806 68 36 sé-

3853 5856 97 36 vère
3980 5853 278 48 réquisitoire.

3898 5936 45 6 —
3969 5918 50 32 La
4043 5918 191 41 guillotine
4259 5925 46 23 ou
4330 5916 33 32 le
4385 5916 132 40 bagne,
4541 5915 98 33 dit-il
4662 5924 44 24 en
4730 5916 128 32 termi-

3855 5961 87 32 nant
3969 5968 74 25 aux
4070 5960 105 37 jurés
4212 5967 6 23 :
4252 5958 196 32 choisissez
4472 5958 6 32 !

3905 6022 50 34 M0
3987 6017 305 40 Henri-Robert
4322 6027 207 35 prononce
4559 6019 107 36 alors
4698 6028 56 26 un
4785 6018 74 36 ad-

3852 6068 171 36 mirable
4051 6066 226 46 plaidoyer.
4306 6064 58 36 On
4396 6073 48 28 ne
4472 6066 100 44 peut
4601 6066 185 35 résumer
4814 6065 41 35 ni

3850 6116 192 44 analyser
4068 6123 93 27 sans
4191 6112 253 36 l'amoindrir
4472 6112 144 46 l'appel
4645 6113 164 35 vibrant
4836 6112 21 36 à

3852 6163 33 34 la
3918 6161 163 45 justice,
4116 6160 40 36 et
4190 6160 36 35 la
4258 6159 151 45 charge
4442 6159 240 37 enflammée
4714 6160 141 35 contre

3853 6210 47 34 M.
3935 6207 124 47 Hajos
4082 6217 8 33 ;
4125 6207 36 36 le
4194 6204 90 38 tout
4318 6205 176 38 terminé
4525 6216 75 36 par
4634 6207 36 35 la
4704 6206 155 36 lecture

3848 6257 69 35 des
3942 6256 110 35 actes
4076 6262 75 36 par
4176 6253 176 44 lesquels
4379 6253 49 35 M.
4451 6253 152 36 Gaston
4629 6253 152 36 Waché
4806 6253 49 35 de

3851 6302 79 36 Roo
3960 6311 22 26 a
4012 6299 175 37 renoncé
4217 6308 106 37 pour
4354 6300 36 35 le
4420 6309 68 26 cas
4519 6300 338 44 d'acquittement

3850 6349 21 35 à
3895 6349 114 35 toute
4034 6348 37 35 la
4094 6347 167 35 fortune
4287 6346 55 36 lui
4370 6347 199 35 revenant
4593 6346 47 36 de
4665 6357 42 25 sa
4734 6347 121 35 mère.

3901 6393 54 38 Le
3978 6395 98 44 jury
4101 6402 43 26 se
4170 6391 126 38 retire
4320 6402 107 35 pour
4451 6392 214 42 délibérer,
4693 6393 41 36 et
4760 6403 95 26 ren-

3851 6442 61 35 tre
3945 6450 51 26 au
4030 6438 100 37 bout
4163 6439 119 36 d'une
4316 6439 280 37 demi-heure.
4631 6440 28 34 Il
4696 6439 160 36 déclare

3851 6485 169 37 l'accusé
4066 6485 212 46 coupable,
4331 6486 103 35 mais
4485 6485 56 36 lui
4593 6486 169 35 accorde
4799 6486 56 35 les

3847 6532 302 37 circonstances
4184 6531 274 37 atténuantes.
4492 6532 60 35 En
4586 6532 128 42 outre,
4752 6541 103 35 pour

3850 6579 160 36 arriver
4044 6579 23 35 à
4102 6588 79 27 une
4216 6578 251 37 diminution
4501 6578 50 36 de
4588 6579 36 35 la
4659 6579 129 44 peine,
4827 6578 26 34 il

3849 6625 140 37 décide
4021 6625 49 36 de
4103 6633 50 27 ne
4185 6634 73 36 pas
4292 6624 109 36 tenir
4432 6624 162 45 compte
4628 6624 22 36 à
4684 6623 170 37 l'accusé

3848 6672 47 36 de
3922 6673 36 34 la
3984 6670 157 47 qualité
4167 6671 49 36 de
4241 6670 111 36 mère
4377 6670 49 37 de
4450 6679 44 26 sa
4520 6670 179 36 victime.

3895 6717 112 37 Cette
4028 6717 253 36 déclaration
4302 6726 79 36 que
4405 6716 103 36 Mme
4530 6716 153 36 Waché
4703 6716 48 36 de
4773 6716 80 35 Roo

3848 6763 142 37 n'était
4023 6773 70 36 pas
4129 6764 35 35 la
4199 6762 110 37 mère
4342 6763 48 35 de
4425 6763 46 34 M.
4506 6762 153 36 Waché
4690 6763 48 35 de
4772 6763 80 35 Roo

3849 6811 97 37 peut
3973 6809 252 46 surprendre
4256 6809 35 36 le
4318 6808 187 38 vulgaire
4540 6818 7 25 :
4578 6808 75 36 elle
4682 6808 61 35 est
4772 6817 80 28 une

3847 6856 189 46 élégance
4059 6854 226 46 juridique.

3899 6903 60 35 En
3994 6901 223 42 définitive,
4257 6901 36 35 la
4328 6901 106 35 Cour
4468 6899 223 37 condamne
4726 6900 22 36 à
4783 6900 71 36 dix

3847 6958 71 26 ans
3946 6948 49 36 de
4024 6945 205 38 réclusion
4257 6946 40 36 et
4326 6948 16 33 1
4374 6947 116 34 franc
4517 6946 48 36 de
4592 6946 259 45 dommages-

3851 6994 168 35 intérêts
4050 7002 144 26 envers
4227 6993 36 35 la
4294 6992 133 45 partie
4456 6992 131 40 civile,
4621 6993 46 35 M.
4698 6993 153 36 Gaston

3849 7039 152 37 Waché
4041 7039 50 36 de
4131 7039 91 41 Roo,
4265 7038 70 42 qui
4379 7048 21 26 a
4443 7036 195 37 recouvré
4680 7038 37 36 la
4761 7040 90 40 plus

3845 7087 153 44 grande
4021 7083 135 48 partie
4180 7085 50 36 de
4253 7094 72 26 son
4350 7085 140 35 calme.
4513 7105 52 5 —

4589 7084 41 35 P.
4654 7084 45 36 G.

3848 7209 302 48 Dernières
4181 7209 306 47 Nouvelles
4514 7209 335 48 Mondaines

3888 7323 178 34 Obsèques.
4089 7336 35 6 —
4146 7323 87 31 Hier,
4256 7323 19 27 à
4299 7322 30 28 la
4353 7322 190 31 Madeleine,
4567 7326 57 24 ont
4644 7329 41 21 eu
4711 7323 65 27 lieu
4802 7323 48 27 les

3844 7358 165 33 obsèques
4041 7358 40 27 de
4114 7358 83 27 Mme
4229 7363 105 22 veuve
4364 7357 92 28 Della
4488 7358 115 32 Rocca,
4637 7358 60 27 née
4729 7357 120 33 Sophie

3845 7395 111 26 Susse.

3885 7429 40 26 Le
3956 7428 89 27 deuil
4076 7427 79 28 était
4185 7428 138 27 conduit
4352 7433 61 27 par
4447 7436 7 19 :
4487 7428 69 27 MM.
4589 7428 197 27 Lancashire
4817 7429 32 25 et

3845 7464 140 27 Gustave
4029 7462 192 32 Laguionie,
4264 7463 187 26 directeurs
4493 7463 58 27 des
4594 7463 168 31 magasins
4805 7463 44 27 du

3845 7499 197 30 Printemps,
4072 7497 145 31 gendres
4245 7498 40 27 de
4312 7497 30 27 la
4369 7498 139 27 défunte
4528 7506 7 23 ;
4563 7498 166 31 Alphonse
4757 7498 91 27 Délia

3844 7535 112 30 Rocca,
3983 7538 61 22 son
4068 7532 196 29 beau-frère
4283 7541 7 23 ;
4315 7538 61 27 par
4400 7538 54 21 ses
4481 7538 127 22 neveux
4633 7535 32 25 et
4690 7538 53 22 ses
4768 7538 77 22 cou-

3842 7569 82 27 sins.

3883 7605 87 25 Dans
4002 7602 219 32 l'assistance,
4253 7602 69 27 très
4354 7602 191 32 empressée
4583 7612 6 17 :
4623 7603 111 27 Comte
4767 7603 81 26 Paul

3843 7638 153 30 Durrieu,
4023 7638 82 26 Mme
4127 7637 92 27 Jules
4245 7637 151 32 Claretie,
4423 7638 68 26 MM.
4518 7638 29 26 le
4572 7638 135 31 général
4733 7638 111 27 Goëts-

3842 7673 72 32 chy,
3938 7673 106 30 Fillot,
4069 7672 120 31 Ricois,
4213 7673 109 31 Lucet,
4348 7673 38 26 M.
4410 7675 32 24 et
4466 7674 82 25 Mme
4571 7672 113 27 Alfred
4706 7673 140 31 Jaluzot,

3844 7710 37 25 M.
3902 7709 30 26 le
3952 7708 139 27 docteur
4111 7708 131 31 Peyrot,
4265 7708 36 26 M.
4323 7708 29 26 le
4374 7708 197 31 professeur
4591 7709 31 25 et
4645 7708 80 26 Mme
4747 7708 96 26 Dieu-

3844 7743 99 31 lafoy,
3994 7742 70 26 MM.
4107 7742 33 27 R.
4184 7741 349 32 Claude-Lafontaine,
4576 7741 188 32 Champtier
4806 7743 39 26 de

3844 7778 107 31 Ribes,
3978 7777 138 26 docteur
4141 7776 185 31 R.Camont,
4352 7776 315 31 Dessaigne,Joseph
4695 7776 150 34 Thierry,

3843 7813 30 26 E.
3898 7813 40 25 de
3960 7810 151 31 Nalèche,
4135 7811 143 26 Armand
4301 7811 150 32 Schiller,
4476 7811 146 26 Bernard
4644 7811 200 31 Desouches,

3843 7848 35 25 M.
3901 7849 32 24 et
3954 7847 81 26 Mme
4057 7846 39 26 de
4118 7845 97 27 Ribes
4238 7845 188 32 Christofle,
4448 7848 106 24 comte
4576 7848 31 24 et
4627 7848 163 24 comtesse
4813 7847 30 25 F.

3842 7882 38 27 de
3903 7883 41 25 La
3967 7882 104 30 Batut,
4096 7882 36 24 M.
4158 7881 121 31 Vaury,
4302 7883 105 24 comte
4429 7883 30 24 et
4482 7882 163 24 comtesse
4668 7881 31 26 E.
4722 7881 39 26 de
4785 7881 58 26 Las

3842 7916 108 30 Cases,
3977 7916 81 26 Mme
4083 7915 119 26 Adrien
4228 7915 118 31 Oudin,
4373 7915 162 30 Stéphane
4560 7914 154 31 Dervillé,
4739 7915 104 26 baron

3842 7951 111 26 Pierre
3974 7950 228 31 Duchaussoy,
4225 7950 134 31 général
4382 7950 156 30 Delanne,
4561 7949 69 26 MM.
4652 7949 109 26 André
4783 7950 58 25 De-

3839 7986 89 30 jean,
3971 7985 108 30 Edgar
4120 7985 137 31 Bonnet,
4301 7984 116 27 Marcel
4461 7983 140 31 Albinet,
4644 7984 31 27 L.
4719 7984 124 27 Colmet

3840 8021 131 30 d'Aage,
3993 8021 37 25 M.
4052 8022 32 24 et
4104 8020 82 26 Mme
4207 8019 78 26 Paul
4307 8019 146 27 Bessand
4473 8019 39 26 de
4533 8018 151 32 Troitier,
4706 8019 82 26 Mme
4807 8018 34 28 G.

3839 8055 121 31 Mallet,
3984 8055 36 26 M.
4041 8055 80 26 Jean
4145 8054 161 31 Bardoux,
4329 8056 72 29 etc.,
4424 8056 60 24 etc.

3878 8089 248 28 L'inhumation
4148 8095 18 22 a
4189 8089 51 28 été
4262 8089 81 27 faite
4366 8093 42 23 au
4430 8088 170 28 cimetière
4623 8086 176 30 d'Auteuil.

5074 714 196 90 Les
5312 718 486 118 obsèques

4938 838 120 94 de
5112 852 434 116 Jacques
5612 860 326 92 Faure

4996 1025 83 40 Les
5099 1027 220 52 obsèques
5336 1037 55 39 du
5416 1037 197 48 regretté
5636 1038 246 45 aéronaute

4995 1093 75 37 ont
5104 1102 53 30 eu
5195 1096 85 41 lieu
5314 1101 111 48 hier,
5462 1113 57 30 au
5562 1105 150 41 milieu
5753 1108 130 42 d'une

5220 1161 116 43 foule
5368 1170 286 40 nombreuse.

4988 1280 77 38 Les
5085 1282 200 48 obsèques
5304 1288 50 37 de
5371 1292 117 38 notre
5508 1295 81 36 ami
5608 1296 178 35 Jacques
5805 1298 135 33 Faure

4938 1329 71 34 ont
5045 1337 50 27 eu
5135 1331 92 42 heu,
5268 1333 90 37 hier
5394 1340 118 40 après
5549 1342 110 38 midi,
5699 1353 53 27 au
5790 1344 150 36 temple

4938 1378 231 39 protestant
5196 1378 50 36 de
5275 1379 37 37 la
5340 1390 74 28 rue
5443 1383 247 51 Roquépine.

4989 1448 151 39 Toutes
5168 1452 56 36 les
5247 1459 302 40 personnalités
5572 1473 179 29 connues
5776 1466 102 36 dans
5903 1469 37 33 le

4937 1500 147 32 monde
5106 1500 298 48 aéronautique
5426 1504 155 40 étaient
5602 1512 210 40 présentes
5837 1524 101 28 pour

4938 1551 146 27 rendre
5106 1551 214 40 hommage
5342 1558 51 26 au
5414 1551 173 38 vaillant
5607 1556 222 39 aéronaute
5850 1560 83 35 dis-

4938 1596 102 35 paru
5066 1598 33 26 si
5125 1599 125 35 jeune
5276 1594 100 36 dans
5401 1605 55 26 un
5480 1607 101 28 pays
5609 1600 181 39 lointain,
5817 1607 120 33 quel-

4937 1642 100 36 ques
5069 1644 118 36 jours
5220 1639 120 44 après
5374 1642 116 35 avoir
5502 1646 195 37 soutenu
5732 1659 70 24 nos
5835 1662 102 21 cou-

4940 1681 108 35 leurs
5080 1681 99 37 dans
5211 1684 38 35 la
5281 1686 135 46 Coupe
5448 1689 375 43 Gordon-Bennett,
5858 1708 81 24 aux

4936 1730 260 35 Etais-Unis.
5222 1731 137 36 Parmi
5386 1733 57 37 les
5467 1744 224 36 personnes
5716 1741 209 39 présentes
5929 1774 7 6 '

4936 1779 52 28 on
5017 1779 256 42 remarquait
5295 1788 7 25 :

4984 1843 83 33 MM.
5109 1845 109 33 Louis
5258 1846 145 41 Blériot,
5442 1851 40 32 A.
5522 1852 168 37 Leblanc,
5730 1855 124 34 Pierre
5893 1860 45 29 de

4936 1888 243 36 Saint-Gilles,
5215 1888 190 38 Kapferer,
5440 1892 248 34 Labouchère.
5722 1896 97 30 René
5854 1899 85 27 Car-

4939 1925 70 36 ton,
5051 1925 39 32 H.
5132 1928 188 40 Kapferer,
5361 1931 39 31 A.
5441 1931 257 37 Deperdassin,
5740 1937 187 31 Nicolleau

4938 1967 144 36 Granet,
5107 1967 115 39 Tatin,
5247 1970 197 41 Besançon,
5468 1974 134 37 Mallet,
5626 1976 143 35 Tharel,
5793 1979 147 32 Santos-

4932 2010 170 35 Dumont,
5127 2021 12 14 «
5159 2011 81 30 Sem
5258 2022 31 25 »,
5303 2011 158 37 Jacques
5477 2012 142 36 Balsah,
5639 2016 121 32 Henry
5779 2019 161 29 Deutsch

4939 2047 56 35 (de
5034 2047 35 31 la
5105 2050 197 38 Meurthe),
5341 2052 97 32 René
5477 2055 161 35 Gasnier,
5677 2058 97 32 René
5811 2060 116 30 Faure

4937 2089 45 29 M.
5002 2089 35 29 et
5056 2089 94 31 Mme
5170 2090 36 31 F.
5227 2090 176 38 Charron,
5423 2095 45 30 M.
5489 2096 35 30 et
5543 2097 96 31 Mme
5656 2098 88 30 J.-L.
5766 2089 173 39 Kœchlin'

4936 2128 118 31 comte
5087 2127 140 35 Sanche
5260 2132 44 31 de
5337 2133 127 36 Béarn,
5497 2135 114 32 baron
5644 2138 35 31 F.
5712 2139 45 30 de
5791 2127 148 42 Blonay,

4935 2168 117 31 comte
5071 2170 173 32 Castillon
5264 2172 44 32 de
5326 2174 254 37 Saint-Victor,
5600 2179 178 32 capitaine
5798 2182 142 29 Bellan-

4936 2215 75 32 ger,
5034 2210 117 31 comte
5174 2211 170 34 Edouard
5368 2214 44 32 de
5435 2216 226 37 Fitz-James,
5684 2219 113 32 baron
5821 2222 35 31 et
5878 2223 62 30 ba-

4937 2253 112 28 ronne
5071 2252 41 30 R.
5137 2252 44 31 de
5206 2253 148 38 Blonay,
5379 2257 46 30 M.
5450 2257 36 30 et
5509 2258 94 31 Mme
5627 2260 122 31 André
5773 2260 44 31 de
5842 2262 98 29 Neu-

4938 2290 88 37 flize,
5053 2291 96 32 Mme
5177 2293 183 40 Alphonse
5388 2295 128 38 Faure,
5544 2299 117 31 comte
5689 2298 178 35 Bertrand
5894 2304 45 29 de

4936 2332 166 38 Lesseps,
5137 2335 117 30 comte
5287 2336 35 30 et
5354 2338 180 31 comtesse
5567 2339 44 31 de
5643 2340 51 30 La
5727 2342 211 28 Bégassière

4936 2369 81 38 (née
5037 2372 44 31 de
5102 2371 186 43 Lesseps),
5310 2376 117 33 comte
5448 2377 136 39 Joseph
5607 2380 44 32 de
5673 2382 129 34 Reiset,
5824 2384 115 32 baron

4936 2415 43 28 de
4999 2415 172 36 Neuflize,
5194 2416 163 40 marquis
5378 2415 43 34 de
5442 2417 185 39 Polignac,
5650 2423 117 31 comte
5789 2424 150 32 Charles

4935 2455 45 28 de
5011 2455 186 39 oPhgnac,
5231 2457 117 31 comte
5383 2456 211 38 Economos,
5627 2462 46 31 M.
5705 2463 222 31 Aufm-Ordt,

4936 2494 44 30 M.
5005 2493 36 32 E.
5066 2494 204 39 Dubonnet,
5294 2497 84 32 MM.
5401 2498 122 33 André
5547 2500 205 33 Schelcher,
5779 2505 159 29 Georges

4937 2533 196 41 Besançon,
5169 2536 125 33 Pierre
5332 2538 144 37 Lafitte,
5514 2540 92 32 Paul
5642 2543 201 32 Rousseau.
5879 2547 59 28 Ai-

4936 2574 107 38 rault,
5073 2576 109 32 Louis
5213 2575 146 41 Godart,
5389 2580 85 32 Max
5503 2581 144 36 Dearly,
5678 2585 161 32 Maurice
5868 2586 72 31 Ha-

4936 2616 129 37 chette,
5090 2617 176 32 Constant
5291 2619 82 41 Say,
5399 2619 109 34 Henri
5534 2622 82 41 Say,
5641 2624 68 32 etc.

4986 2679 56 37 Le
5076 2680 100 37 char
5213 2682 175 38 funèbre
5423 2684 290 46 disparaissait
5747 2699 96 28 sous
5880 2692 58 35 les

4934 2734 240 29 couronnes.
5201 2729 129 36 Celles
5354 2730 50 37 de
5429 2731 130 37 l'Aéro
5585 2732 100 38 Club
5709 2735 49 36 de
5784 2735 155 38 France

4934 2772 41 35 et
5005 2773 49 35 de
5086 2774 283 37 l'Association
5401 2777 199 38 Générale
5631 2780 309 41 Aéronautique

4933 2819 156 36 étaient
5113 2821 386 44 particulièrement
5526 2826 283 46 magnifiques.

4985 2883 58 36 La
5064 2885 232 36 cérémonie
5319 2885 22 36 à
5364 2886 153 43 l'église
5540 2889 65 35 fut
5627 2891 69 35 des
5720 2891 92 40 plus
5834 2893 103 36 sim-

4934 2930 98 44 ples,
5068 2931 105 35 mais
5208 2931 82 36 très
5328 2934 231 36 touchante.
5593 2935 51 37 Ce
5678 2946 49 26 ne
5761 2938 66 36 fut
5859 2949 79 29 que

4933 2984 93 28 vers
5047 2978 23 34 2
5093 2977 147 36 heures
5262 2988 80 34 que
5364 2980 35 35 le
5420 2980 162 42 cortège
5602 2991 44 27 se
5665 2981 157 43 dirigea
5844 2994 93 28 vers

4935 3023 34 36 le
4994 3023 213 37 cimetière
5232 3024 54 36 du
5314 3025 337 45 Père-Lachaise,
5677 3029 51 35 où
5755 3030 48 35 M.
5829 3030 109 37 Léon

4932 3069 196 44 Barthou,
5161 3070 330 46 vice-président
5520 3073 48 36 de
5599 3073 130 38 l'Aéro
5759 3075 98 37 Club
5887 3077 49 36 de

4930 3116 166 42 France,
5121 3126 208 37 prononça
5355 3128 78 26 une
5457 3120 225 36 allocution
5705 3121 98 37 dont
5826 3122 108 37 voici

4934 3163 57 36 les
5022 3163 248 47 principaux
5300 3175 191 36 passages
5514 3176 9 26 :

4976 3245 30 31 A
5032 3245 139 32 l'heure
5198 3246 46 31 où
5273 3246 36 32 la
5335 3246 101 32 foule
5463 3247 191 33 n'accorde
5680 3246 76 34 sôn,
5775 3249 161 33 admira-

4931 3285 75 32 tion
5046 3286 137 39 qu'aux
5222 3287 157 40 exploits
5418 3295 86 24 sans
5544 3289 111 32 doute
5695 3290 241 34 merveilleux

4932 3327 65 31 des
5028 3326 108 32 héros
5166 3328 44 31 de
5240 3327 196 36 l'aviation,
5467 3329 22 31 il
5521 3330 113 31 serait
5664 3330 139 39 injuste
5832 3332 104 32 d'ou-

4930 3368 91 32 blier
5054 3369 100 32 leurs
5189 3370 254 36 précurseurs,
5477 3371 53 32 les
5564 3371 130 35 pilotes
5728 3373 50 31 du
5810 3373 125 33 ballon

4931 3409 208 38 sphérique,
5184 3405 287 45 dont'Jacques
5514 3412 117 33 Faure
5674 3412 59 33 fut
5776 3421 51 25 un
5870 3415 64 32 des

4931 3449 225 44 champions.

4977 3510 105 32 Est-il
5109 3510 83 42 plus
5215 3511 95 32 belle
5336 3511 99 33 école
5461 3512 43 32 de
5529 3512 222 41 sang-froid,
5777 3513 45 33 de
5847 3522 88 25 cou-

4931 3559 99 33 rage,
5064 3552 247 32 d'endurance
5346 3560 70 32 que
5451 3553 32 31 le
5516 3553 123 32 ballon
5675 3554 100 38 libre,
5809 3556 126 38 quand

4931 3600 45 24 on
5002 3593 90 31 lutte
5120 3593 91 32 dans
5238 3601 46 24 un
5313 3601 180 24 concours
5515 3598 14 27 Y
5557 3595 27 31 Il
5611 3595 80 32 faut
5717 3596 100 31 voler
5843 3597 92 32 dans

4931 3634 52 32 les
5005 3634 167 32 ténèbres
5192 3642 46 24 ou
5260 3635 36 31 la
5315 3635 168 41 tempête,
5505 3642 44 25 ne
5569 3636 84 41 plus
5674 3636 77 31 voir
5772 3637 35 32 la
5829 3638 105 37 terre,

4930 3676 157 31 souvent
5125 3683 43 24 ne
5208 3676 84 40 plus
5332 3676 211 42 l'entendre,
5584 3678 189 31 escalader
5811 3678 124 33 hardi-

4931 3717 98 31 ment
5055 3717 52 31 les
5134 3724 151 33 nuages,
5312 3717 146 32 atterrir
5483 3717 20 32 à
5529 3717 89 33 bout
5644 3718 43 32 de
5715 3720 102 31 lest...
5845 3721 89 37 Quel

4929 3758 102 41 sport
5054 3757 272 42 incomparable
5348 3759 35 31 et
5403 3758 87 32 d'un
5513 3766 81 24 rare
5616 3759 200 39 idéalisme,
5839 3762 96 31 celui

4930 3799 61 40 qui
5027 3805 44 25 ne
5107 3806 155 33 procure
5297 3800 35 30 ni
5367 3799 53 32 les
5455 3802 330 38 encouragements
5820 3802 44 32 de
5899 3803 36 31 la

4929 3840 112 37 foule,
5080 3840 37 32 ni
5155 3840 33 31 le
5226 3840 188 40 voisinage
5453 3841 192 31 stimulant
5684 3842 65 31 des
5788 3843 143 38 rivaux,

4931 3888 156 34 presque
5123 3881 170 40 toujours
5328 3881 197 38 invisibles,
5562 3882 34 32 ni
5630 3883 36 31 la
5698 3883 74 39 joie
5807 3884 127 32 immé-

4929 3923 95 31 diate
5047 3922 43 32 de
5114 3923 35 31 la
5170 3922 161 38 victoire,
5354 3929 141 25 connue
5519 3923 204 32 seulement
5746 3924 186 41 plusieurs

4927 3964 106 39 jours
5071 3964 107 40 après
5214 3964 36 31 la
5286 3964 124 41 lutte,,
5427 3971 69 24 une
5535 3964 90 31 lutte
5662 3965 62 39 qui
5762 3966 169 38 réclame,

4930 4006 76 31 tant
5040 4005 53 31 les
5127 4005 259 39 récompenses
5419 4005 83 31 sont
5537 4005 206 38 dérisoires,
5778 4006 33 32 le
5847 4008 84 39 plus

4929 4046 105 31 noble
5090 4046 357 31 désintéressement.
5503 4046 47 32 Ce
5605 4047 113 40 sport,
5773 4048 158 40 Jacques

4928 4088 115 31 Faure
5064 4087 32 31 le
5118 4087 168 40 pratiqua
5307 4094 43 24 en
5371 4088 127 31 maître
5520 4087 64 32 dès
5606 4088 98 36 1900,
5724 4089 21 30 à
5764 4088 167 41 l'époaue

4929 4129 166 31 fameuse
5119 4129 45 30 où
5189 4128 43 31 de
5256 4128 49 31 La
5327 4128 131 37 Vaulx,
5482 4128 44 32 de
5550 4128 173 32 Castillon
5747 4129 44 32 de
5814 4130 118 32 Saint-

4927 4169 134 37 Victor,
5091 4169 143 37 Balsan,
5263 4169 175 32 Juchmès
5468 4169 116 37 firent,
5614 4170 20 30 à
5665 4170 140 32 travers
5835 4170 97 32 l'Eu-

4927 4217 98 34 rope,
5040 4218 6 4 '
5070 4210 173 40 jusqu'en
5291 4210 118 32 Suède
5455 4211 34 30 et
5533 4210 203 42 jusqu'aux
5782 4212 148 40 steppes

4928 4259 136 30 russes,
5087 4251 279 32 d'inoubliables
5387 4258 173 33 voyages.

4972 4333 28 32 Il
5023 4341 24 32 y
5070 4341 20 24 a
5115 4333 96 32 deux
5236 4340 65 25 ans
5325 4333 21 31 à
5369 4333 115 40 peine,
5508 4334 103 31 notre
5634 4334 73 31 ami
5729 4333 201 40 défendait,

4927 4381 42 25 en
5002 4374 208 40 Amérique,
5243 4374 52 31 les
5328 4374 174 31 couleurs
5536 4375 215 38 françaises.
5784 4375 147 33 Comme

4926 4416 24 31 il
4974 4416 123 32 aimait
5122 4417 101 31 notre
5247 4416 149 36 Société,
5421 4416 87 31 dont
5532 4416 23 31 il
5580 4416 58 31 fut
5662 4417 73 31 l'un
5761 4417 64 31 des
5852 4418 80 30 fon-

4926 4458 150 31 dateurs
5101 4457 6 31 !
5136 4457 27 31 Il
5189 4464 44 24 ne
5260 4456 141 36 perdait
5425 4464 64 24 son
5516 4457 139 35 joyeux
5680 4457 141 32 entrain
5846 4459 36 31 et
5905 4459 26 30 il

4927 4498 123 31 n'était
5081 4498 99 31 irrité
5210 4506 70 32 que
5309 4498 31 31 si
5370 4498 69 30 l'on
5472 4498 178 39 attaquait
5679 4491 130 39 l'Aéro'
5826 4497 103 34 Club.

4927 4540 27 31 Il
4980 4540 63 31 eut
5068 4539 233 41 quelquefois
5329 4539 194 31 l'occasion
5552 4539 42 31 de
5623 4539 32 31 le
5683 4539 188 37 défendre,
5898 4541 32 30 si

4926 4581 87 32 c'est
5041 4580 177 32 défendre
5247 4587 70 25 une
5344 4580 94 31 belle
5466 4588 123 23 œuvre
5617 4588 70 32 que
5716 4580 43 32 de
5786 4581 143 31 vouloir

4926 4623 35 31 la
4992 4622 192 41 préserver
5214 4622 124 31 contre
5370 4621 52 31 les
5455 4622 166 39 attaques
5652 4622 211 31 sournoises
5894 4623 35 30 et

4925 4663 157 40 injustes
5112 4663 64 31 des
5203 4662 167 32 envieux.
5399 4662 78 37 Oui,
5503 4662 158 40 Jacques
5688 4662 115 32 Faure
5832 4663 97 31 avait

4926 4712 92 33 pour
5042 4704 118 31 l'Aéro
5183 4704 91 32 Club
5300 4711 69 24 une
5394 4703 167 31 affection
5588 4703 28 31 si
5642 4704 79 30 vive
5746 4704 110 39 qu'un
5883 4704 44 31 de

4924 4753 58 24 ses
5009 4745 165 31 derniers
5201 4746 121 38 gestes
5349 4744 192 40 l'exprima
5567 4744 43 31 de
5629 4744 43 32 'la
5698 4744 105 40 façon
5831 4745 95 31 vrai-

4924 4787 99 31 ment
5049 4786 218 31 émouvante
5295 4786 34 30 et
5355 4785 230 40 personnelle
5611 4792 70 33 que
5707 4785 91 31 voici
5822 4793 8 24 :

4970 4828 70 32 Sur
5099 4834 71 24 une
5231 4826 265 41 photographie
5554 4826 87 39 qu'il
5702 4826 130 36 donna,
5891 4826 34 31 le

4927 4869 44 31 1er
5002 4868 146 32 octobre
5178 4867 155 37 dernier,
5363 4867 20 31 à
5413 4868 101 30 notre
5543 4866 147 37 Société,
5721 4874 44 23 on
5795 4867 40 30 lit
5864 4875 60 24 ces

4926 4911 92 30 mots
5043 4917 6 23 :
5094 4922 14 15 «
5145 4909 29 31 A
5207 4909 119 31 l'Aéro
5363 4908 100 37 Club,
5498 4907 171 32 souvenir
5705 4907 44 32 de
5784 4908 140 40 grande

4924 4950 133 33 amitié.
5087 4961 14 17 »

4968 5022 72 31 Par
5072 5028 71 24 une
5175 5019 150 41 pareille
5357 5019 225 41 expression,
5614 5018 30 32 si
5677 5018 191 41 originale,
5899 5019 26 32 il

4922 5062 139 32 voulait
5090 5061 163 41 siginfler
5281 5068 69 32 que
5383 5059 116 32 l'Aéro
5530 5060 91 32 Club
5651 5059 86 32 était
5770 5068 45 23 un
5849 5061 75 32 être

4923 5103 133 36 vivant,
5091 5109 47 24 un
5173 5101 192 32 camarade
5399 5101 126 32 ancien
5560 5101 34 31 et
5627 5101 97 31 cher.
5758 5101 95 32 C'est
5884 5110 41 24 ce

4922 5144 116 39 grand
5061 5142 192 32 camarade
5276 5141 61 41 qui
5361 5141 76 40 prie
5460 5141 238 40 aujourd'hui
5721 5150 40 23 sa
5786 5142 138 32 famille

4922 5184 204 40 d'accepter
5155 5190 65 25 nos
5250 5182 201 42 profondes
5481 5183 276 41 condoléances.
5788 5183 136 37 Qu'elle

4919 5225 134 32 veuille
5076 5224 115 32 croire
5214 5232 70 31 que
5309 5224 102 31 notre
5436 5224 184 39 gratiludé
5643 5231 111 24 saura
5777 5231 146 25 conser-

4920 5274 65 24 ver
5006 5262 41 36 le'
5061 5265 174 32 souvenir
5257 5264 45 33 de
5326 5264 95 32 celui
5443 5267 70 38 que
5536 5272 94 24 nous
5654 5265 152 31 aimions
5830 5266 94 31 tous.

4965 5336 130 46 Après
5129 5335 109 46 quoi,
5273 5335 255 37 l'assistance
5561 5345 43 27 se
5636 5336 139 41 retira,
5811 5335 113 37 vive-

4920 5385 112 35 ment
5066 5382 325 47 impressionnée
5421 5392 76 36 par
5526 5392 46 27 ce
5602 5382 165 37 vibrant
5797 5383 129 46 pané-

4916 5431 186 47 gyrique.

4921 5557 302 50 Dernières
5277 5556 305 48 Nouvelles
5639 5555 285 62 Sportives

4961 5686 23 27 A
5011 5684 219 28 l'aérodrome
5260 5683 197 33 d'Etampes.
5485 5697 34 5 —
5547 5683 111 31 Henry
5686 5683 146 31 Farman,
5861 5689 63 26 que

4920 5725 60 23 son
5012 5719 98 28 échec
5142 5718 107 28 d'hier
5282 5719 51 26 n'a
5366 5717 186 27 nullement
5582 5717 197 31 découragé,
5811 5718 111 26 s'atta-

4919 5761 103 27 quera
5051 5755 16 26 à
5097 5759 152 23 nouveau
5279 5753 17 27 à
5325 5753 31 27 la
5386 5753 109 31 Coupe
5525 5752 164 32 Michelin,
5719 5752 131 28 demain
5879 5756 44 24 ou

4919 5789 260 34 après-demain.

4957 5826 108 33 Quant
5091 5825 17 26 à
5135 5824 73 27 Mlle
5234 5824 150 31 Dutrieu,
5412 5823 22 30 il
5460 5824 51 26 est
5536 5823 159 32 probable
5720 5823 120 31 qu'elle
5867 5828 51 21 es-

4917 5863 79 30 saie,
5019 5860 93 33 jeudi
5136 5860 114 31 matin,
5273 5859 40 27 de
5336 5858 228 32 s'approprier
5584 5858 30 28 le
5638 5858 116 27 record
5777 5858 141 27 féminin

4917 5898 43 27 du
4987 5896 51 28 vol
5063 5896 18 27 à
5106 5898 129 24 travers
5261 5895 31 27 la
5314 5899 193 27 campagne.

4958 5968 47 26 Un
5025 5972 151 22 nouveau
5197 5966 200 26 concurrent
5415 5970 86 28 pour
5520 5964 31 26 la
5572 5963 108 33 Coupe
5701 5962 163 30 Michelin.
5884 5978 36 6 —

4917 6003 152 30 Thomas,
5093 6007 58 21 sur
5171 6000 191 32 monoplan,
5385 6005 38 21 va
5445 6000 107 25 tenter
5573 5998 28 26 la
5624 5998 108 32 Coupe
5755 5997 162 28 Michelin.

4916 6038 64 28 Son
5007 6035 158 34 appareil,
5192 6035 78 32 qu'il
5297 6040 18 22 a
5341 6033 116 31 essayé
5484 6038 77 21 avec
5587 6033 126 31 succès,
5740 6038 75 22 sera
5841 6039 74 22 sus-

4914 6073 142 32 ceptible
5085 6072 203 31 d'emporter
5317 6070 54 27 190
5401 6069 93 26 litres
5522 6068 182 27 d'essence.

4914 6176 245 64 L'Ecole
5188 6174 68 60 de
5288 6174 342 60 Pharmacie
5664 6196 68 39 va
5767 6184 155 52 avoir

5063 6294 73 35 un
5175 6289 254 39 nouveau
5466 6267 307 62 Directeur

4963 6417 53 34 M.
5042 6415 123 35 Henri
5191 6415 160 35 Gautier
5374 6426 22 24 a
5420 6414 61 36 été
5505 6416 167 43 proposé
5695 6415 23 35 à
5740 6415 118 35 l'una-

4962 6469 134 35 nimité
5110 6480 97 32 pour
5221 6469 37 35 la
5272 6469 225 34 succession
5512 6470 46 34 de
5574 6469 54 35 M.
5644 6469 210 44 Guignard,

5245 6522 331 35 démissionnaire.

4956 6639 49 35 M.
5030 6638 212 46 Guignard
5265 6638 123 45 ayant
5411 6637 130 36 donné
5562 6659 52 4 —
5634 6637 40 35 et
5697 6636 210 36 maintenu

4907 6706 53 6 —
4983 6694 45 26 sa
5055 6685 223 36 démission
5306 6685 47 35 de
5379 6684 207 36 directeur
5612 6683 47 35 de
5687 6683 144 35 l'Ecole
5858 6683 48 35 de

4911 6732 238 44 pharmacie
5176 6732 48 35 de
5252 6731 115 36 Paris
5395 6740 103 35 pour
5523 6739 43 26 se
5592 6738 212 26 consacrer
5831 6738 73 25 en-

4911 6777 219 37 tièrement
5156 6778 22 36 à
5205 6786 62 27 ses
5296 6777 239 36 recherches
5564 6775 266 43 importantes
5858 6775 48 35 de

4910 6824 232 44 botanique,
5172 6823 118 45 après
5319 6823 144 45 quinze
5490 6821 146 35 années
5665 6820 239 37 d'adminis-

4909 6871 164 42 tration,
5128 6870 249 36 l'assemblée
5427 6868 66 35 des
5546 6867 258 44 professeurs
5855 6868 49 35 de

4909 6917 147 36 l'Ecole
5085 6927 22 26 a
5137 6917 63 36 été
5231 6915 150 37 invitée
5409 6923 73 36 par
5511 6914 35 34 le
5575 6912 189 38 ministre
5792 6914 24 36 à
5845 6915 59 36 lui

4906 6962 215 47 présenter
5145 6973 55 26 un
5224 6970 185 28 nouveau
5436 6960 217 35 directeur.

4954 7029 33 35 A
5024 7026 265 43 l'unanimité,
5328 7025 48 35 M.
5412 7023 125 36 Henri
5574 7024 173 38 Gautier
5783 7035 23 28 a
5841 7026 63 37 été

4907 7074 178 46 désigné.

4955 7139 47 35 M.
5034 7137 123 37 Henri
5185 7134 170 38 Gautier
5381 7133 61 36 est
5469 7135 240 43 professeur
5737 7136 48 36 de
5811 7137 91 35 chi-

4907 7185 81 35 mie
5010 7184 197 36 minérale
5228 7180 142 45 depuis
5398 7181 107 42 1900,
5531 7183 123 43 ayant
5676 7183 128 44 passé,
5830 7193 74 34 par

4907 7230 288 43 permutation,
5237 7228 24 35 à
5300 7226 104 36 cette
5445 7227 142 37 chaire
5627 7229 48 35 de
5714 7230 100 35 celle
5853 7229 48 36 de

4907 7275 251 46 toxicologie,
5188 7272 94 46 qu'il
5311 7273 140 36 venait
5478 7274 213 38 d'obtenir.

4950 7323 82 44 Agé
5059 7323 46 35 de
5132 7319 321 46 quarante-huit
5479 7330 72 26 ans
5579 7343 49 5 —
5655 7322 26 34 il
5710 7322 142 44 naquit
5878 7321 23 36 à

4906 7370 114 35 Paris
5047 7369 35 34 le
5105 7368 47 34 22
5176 7374 108 26 mars
5312 7366 96 35 18G2
5431 7388 52 5 —
5507 7368 47 35 M.
5582 7368 121 35 Henri
5730 7368 170 36 Gautier

4905 7416 61 35 est
5001 7424 54 26 un
5091 7412 141 36 ancien
5267 7410 113 37 élève
5416 7413 48 35 de
5501 7414 145 35 l'Ecole
5682 7415 215 42 Polytech-

4905 7462 123 43 nique
5068 7458 79 46 qui,
5190 7456 119 45 après
5351 7459 115 36 avoir
5507 7460 118 44 passé
5665 7469 43 26 sa
5749 7461 148 35 licence

4903 7508 41 36 ès
4978 7507 175 35 sciences
5187 7504 234 47 physiques,
5455 7514 44 28 se
5530 7506 156 45 dirigea
5717 7516 91 26 vers
5843 7507 52 35 les

4903 7553 140 37 études
5089 7551 402 44 pharmaceutiques.
5538 7553 267 35 Pharmacien
5851 7553 42 35 de

4904 7598 201 45 première
5130 7596 129 36 classe
5285 7607 49 26 en
5365 7600 106 38 1888,
5499 7598 168 36 docteur
5693 7594 41 39 ès
5761 7598 129 35 scien-

4902 7655 65 26 ces
4994 7645 36 34 la
5056 7642 130 35 même
5214 7644 138 41 année,
5383 7645 25 34 il
5438 7644 64 35 fut
5527 7644 157 35 bientôt
5712 7654 103 35 reçu,
5845 7654 47 26 au

4901 7697 205 32 concours,
5135 7689 146 45 agrégé
5306 7690 68 35 des
5400 7691 179 34 sciences
5606 7691 287 44 physico-chi-

4902 7738 156 43 miques
5089 7734 23 35 à
5142 7735 146 37 l'Ecole
5319 7737 48 35 de
5396 7736 255 45 pharmacie..
5673 7736 132 36 Avant
5832 7737 64 43 d'y

4900 7784 85 35 être
5009 7781 159 35 nommé
5192 7783 247 43 professeur,
5466 7783 25 34 il
5516 7783 111 35 avait
5649 7783 63 35 été
5734 7783 157 44 chargé,

4900 7839 47 26 en
4979 7828 107 35 1891,
5116 7827 93 36 d'un
5238 7838 120 27 cours
5387 7828 49 38 de
5464 7829 276 44 minéralogie.
5769 7828 124 35 Entre

4902 7876 139 41 temps,
5084 7873 26 34 il
5152 7872 112 37 avait
5304 7874 62 36 été
5406 7874 160 36 nommé
5606 7875 226 44 répétiteur
5871 7874 22 36 à

4899 7919 145 36 l'Ecole
5078 7920 332 46 Polytechnique.

4944 7983 69 35 Ses
5053 7983 173 37 travaux
5263 7985 49 35 de
5348 7984 152 36 chimie
5537 7985 57 35 lui
5631 7984 198 42 valurent,
5870 7985 23 36 à

4899 8029 241 36 l'Académie
5169 8030 67 36 des
5268 8030 195 42 Sciences,
5496 8030 34 36 le
5560 8031 91 44 prix
5678 8031 133 43 Jaker,
5842 8040 51 28 en

4900 8076 108 41 1893,
5033 8075 40 37 et
5095 8076 37 36 le
5153 8077 96 43 prix
5270 8076 190 43 Vaillant,
5486 8086 49 26 en
5561 8078 108 35 1900.
