6287 8677
341 463 68 38 gui
431 462 120 37 avait
570 458 265 41 réellement
849 456 99 39 'l'a-
969 454 105 40 d'un
1096 451 90 39 très
1208 450 154 38 brave,

339 513 169 40 homme
537 514 53 38 de
618 512 130 39 chien
778 520 106 28 avec
912 517 71 29 ses
1013 515 102 38 gros
1144 512 130 39 yeux,
1301 499 44 39 et

340 567 69 38 qui
428 564 240 39 gravissait
685 565 44 36 la
747 560 256 42 passerelle,
1023 566 103 29 sous
1147 556 44 37 la
1210 551 134 51 pluie,

339 627 111 34 itvec-
459 619 63 36 les
543 612 173 43 allures7
730 615 60 38 de'
803 610 242 52 quelqu'un
1065 607 77 50 qui
1161 605 67 39 est
1247 603 97 39 ravi

338 672 48 41 de
410 668 143 51 partir
575 679 56 26 en
655 676 183 39 voyage.

384 722 60 36 La
471 719 275 39 blondinette
775 716 76 45 qui
878 716 40 37 lé
945 711 141 41 tenait
1113 721 55 27 en
1195 709 150 47 laisse,

338 785 78 28 par
446 783 87 28 une
565 772 131 37 corde
725 765 286 46 simplement
1040 760 200 47 doublée,
1270 759 75 38 eut

339 837 56 27 un
416 824 122 43 geste
557 824 52 37 de
629 832 112 35 peur
759 821 179 46 lorsque
957 817 116 39 Mme
1094 812 166 47 Chotte,
1279 811 65 37 les

338 874 108 42 mots
497 877 52 37 de
599 874 116 38 Mme
766 871 165 45 Chotte,
980 869 64 37 les
1094 867 146 47 gestes
1292 865 53 36 de

337 930 112 40 Mme
478 926 152 40 Chotte
657 922 280 41 s'abattirent
965 930 77 28 sur
1068 918 97 38 elle.

386 981 91 38 Elle
522 977 201 42 comprit,
767 986 47 27 se
871 972 139 39 laissa
1065 968 194 51 prendre
1302 966 44 38 la

334 1033 143 41 corde,
502 1029 191 45 regarda
716 1029 41 37 le
781 1026 125 39 billet
931 1025 53 38 de
1009 1023 178 47 banque
1213 1017 132 51 qu'on

334 1085 63 36 lui
428 1083 98 38 mit.
540 1083 112 37 dans
685 1081 44 37 la
761 1078 121 39 main
916 1076 42 38 et
990 1073 215 49 s'éloigna
1237 1080 107 28 sans

334 1136 97 44 rien
465 1135 107 45 dire,
605 1134 44 37 la
695 1132 143 48 figure
884 1126 178 47 fermée,
1108 1123 112 39 mais
1254 1120 90 40 très

334 1197 148 38 rouge.

386 1239 91 38 Elle
498 1235 230 42 descendit
746 1235 44 40 la
809 1230 245 52 passerelle
1074 1228 42 39 et
1135 1228 212 38 demeura

336 1291 117 39 toute
500 1289 122 39 seule
666 1298 78 27 sur
788 1285 41 38 le
889 1282 119 48 quai,
1066 1280 148 39 tandis
1262 1287 84 38 que

336 1344 113 38 Mme
474 1340 152 40 Chotte
648 1339 42 38 et
713 1349 61 27 un
797 1334 230 40 monsieur
1050 1328 298 52 complaisant

337 1393 248 41 retenaient
619 1401 106 28 avec
760 1388 133 50 peine
927 1387 42 37 le
1004 1384 144 45 chien,
1182 1382 41 37 le
1258 1381 88 37 bon

336 1447 128 38 chien
493 1444 76 49 qui
596 1441 169 42 voulait
793 1441 112 38 aller
932 1438 231 39 retrouver
1191 1444 50 27 sa
1269 1442 78 39 pe-

337 1499 74 39 tite
439 1506 118 29 mère.

387 1550 174 38 Comme
626 1557 57 28 on
748 1542 195 49 larguait
1002 1541 65 37 les
1133 1546 214 36 amarres,

335 1602 113 41 Mme
479 1600 151 39 Chotte
659 1598 74 39 eut
761 1607 88 28 une
877 1594 96 39 idée
1002 1591 159 50 qu'elle
1189 1589 158 38 trouva

336 1653 192 44 gentille.
563 1652 92 37 Elle
690 1647 266 43 s'approcha,
975 1646 72 43 .du
1079 1641 268 49 bastingage

336 1716 103 29 avec
469 1715 81 27 son
579 1702 157 46 chien,
751 1701 41 37 et
821 1699 63 39 lui
913 1695 216 41 conseilla
1153 1706 7 26 :

382 1781 53 3 —
452 1756 75 39 Dis
547 1767 57 26 au
624 1753 146 39 revoir
790 1763 25 27 à
833 1752 44 37 la
896 1749 136 50 petite
1052 1744 293 42 demoiselle...

386 1808 150 36 ...Mais
568 1807 133 42 alors,
731 1804 30 38 il
793 1814 46 27 se
870 1812 149 36 passa,
1050 1809 77 29 sur
1157 1798 40 37 le
1229 1794 117 50 quai,

335 1872 85 29 une
457 1861 132 37 chose
624 1857 310 39 douloureuse.
969 1853 61 38 La
1064 1849 135 51 petite
1234 1847 111 38 Nor-

335 1912 215 39 végienne
571 1921 89 27 aux
679 1908 199 38 cheveux
898 1904 160 40 blonds
1079 1913 55 27 ne
1156 1900 67 38 fut
1243 1899 101 49 plus

334 1975 123 29 assez
481 1962 113 39 forte
618 1960 154 39 contre
797 1969 49 28 sa
871 1957 198 44 douleur,
1094 1953 55 47 et,
1173 1952 53 38 de
1250 1949 97 39 voir

335 2016 42 38 la
406 2015 86 39 tête
521 2015 55 38 de
606 2024 81 28 son
717 2009 245 41 ami-chien
993 2006 126 39 entre
1148 2005 64 37 les
1243 2002 102 38 bar-

335 2079 150 30 reaux,
516 2064 191 42 là-haut,
740 2073 77 28 sur
847 2062 40 37 le
919 2059 162 39 bateau
1113 2055 76 50 qui
1221 2052 127 41 allait

336 2119 153 52 partir,
516 2118 95 38 cela
637 2118 44 37 la
705 2115 50 38 fit
782 2112 165 40 éclater
973 2122 55 27 en
1057 2107 213 50 sanglots.

386 2171 55 36 Ce
473 2169 110 42 petit
614 2167 106 40 bout
752 2167 53 38 de
835 2165 161 38 femme
1028 2173 89 27 aux
1149 2160 199 38 cheveux

336 2223 156 40 blonds
537 2231 84 32 que
664 2220 44 37 la
749 2217 122 46 pluie
913 2212 270 46 noircissait,
1227 2209 120 39 toute

335 2276 121 40 seule
488 2284 102 28 sous
622 2270 182 42 l'ondée,
835 2266 223 51 pleurant,
1089 2261 259 51 sanglotant

334 2338 105 28 fivec
459 2328 77 38 des
556 2323 187 43 hoquets
764 2321 75 45 qui
859 2320 64 38 lui
944 2315 278 42 soulevaient.
1242 2324 104 28 con-

336 2377 295 47 vulsivement
666 2376 64 37 les
767 2373 197 49 épaules,
1001 2367 191 52 perdant
1227 2364 121 40 toute

335 2432 182 39 retenue
540 2429 43 38 et
607 2426 157 45 criant,
789 2423 217 48 essuyant
1029 2432 81 27 son
1136 2430 80 27 nez
1241 2427 106 28 avec

336 2480 38 43 le
404 2482 99 39 coin
535 2482 53 37 de
620 2490 80 28 son
733 2477 175 46 tablier,
938 2474 101 50 puis
1071 2469 203 42 relevant
1304 2469 44 37 la

336 2535 81 35 tête
446 2543 113 35 pour
590 2530 210 45 regarder
831 2537 157 29 encore
1021 2535 87 28 une
1141 2522 88 39 fois
1261 2531 83 27 son

336 2587 127 39 chien
490 2595 85 34 que
601 2594 71 28 ces
701 2582 232 47 étrangers
961 2576 186 40 allaient
1173 2584 175 39 empor-

337 2640 64 38 ter
428 2639 112 37 dans
569 2633 76 43 des
674 2645 111 34 pays
815 2633 38 38 si
881 2629 230 47 lointains,
1139 2627 101 50 puis
1271 2636 75 27 en-

337 2702 98 26 core
463 2689 64 39 lui
556 2686 225 45 envoyant
810 2685 75 38 des
917 2682 212 39 baisers...
1159 2690 48 28 ce
1238 2677 106 50 petit

337 2743 103 39 bout
469 2743 52 37 de
549 2740 160 38 femme
740 2749 87 27 aux
856 2737 199 37 cheveux
1083 2731 160 39 blonds
1274 2729 65 39 dé-

336 2793 203 42 trempés,
558 2802 102 30 sous
682 2801 50 28 sa
751 2788 135 46 petite
905 2787 105 39 robe
1030 2785 75 49 qui
1125 2792 201 30 commen-

337 2846 86 42 çait
449 2846 25 38 à
498 2856 47 28 se
570 2844 188 43 plaquer
784 2852 77 27 sur
888 2850 80 27 son
994 2847 144 38 corps,
1164 2845 48 28 ce
1239 2833 111 50 petit

338 2898 102 39 bout
464 2898 54 38 de
542 2896 160 38 femme
727 2893 107 39 était
859 2902 88 29 une
972 2890 132 38 chose
1129 2886 219 40 lamenta-

337 2951 67 42 ble
430 2949 28 38 à
480 2948 108 39 voir.

386 3002 65 38 On
484 2998 199 42 devinait
715 3008 85 35 que
831 2997 113 38 dans
963 2995 58 43 Ja
1051 2993 69 39 vie
1153 2991 110 39 rude
1296 2990 52 38 de

337 3065 44 29 sa
400 3061 248 35 campagne
668 3048 269 46 embrumée,
955 3044 206 41 couverte
1181 3044 53 38 de
1253 3041 99 39 nuit

336 3107 41 37 et
401 3106 53 38 de
479 3104 114 38 froid
620 3102 200 46 pendant
848 3100 68 38 six
942 3098 112 39 mois
1082 3098 52 37 de
1161 3094 188 46 l'année,

336 3169 55 30 pn
421 3155 199 39 devinait
649 3165 85 36 que
765 3164 48 27 ce
843 3151 130 39 chien
1004 3149 108 39 était
1141 3159 80 27 son
1253 3146 95 39 seul

337 3209 98 43 ami.
456 3209 65 38 On
544 3205 277 48 comprenait
843 3214 84 38 que
947 3204 64 36 les
1033 3200 199 50 parents,
1253 3199 96 38 ten-

337 3262 58 44 lés
415 3272 82 34 par
515 3261 44 40 l'a
578 3269 153 37 grosse
752 3266 166 28 somme
939 3253 215 49 d'argent,
1173 3251 180 39 avaient

338 3313 175 45 sacrifié
547 3311 112 39 cette
694 3310 187 38 douleur
915 3307 24 38 à
972 3307 98 37 leur
1103 3315 156 29 amour
1293 3304 59 37 du

339 3377 50 42 ça
398 3366 84 38 in...
914 3391 6 7 •

389 3482 65 38 On
477 3479 263 50 s'apprêtait
761 3478 25 39 à
808 3477 146 39 hisser
976 3477 43 37 la
1041 3473 258 50 passerelle.

388 3535 52 38 Je
474 3532 208 48 regardai
718 3531 114 38 Mme
870 3529 152 38 Chotte
1059 3527 87 47 qui,
1183 3527 51 37 de
1270 3536 81 27 son

338 3586 107 46 côté,
475 3584 166 39 n'avait
670 3594 81 38 pas
782 3581 138 50 quitté
951 3582 77 37 des
1056 3590 118 39 yeux
1203 3578 44 38 la
1276 3588 76 38 pe-

340 3639 75 44 tite
442 3636 325 48 Norvégienne.
796 3635 116 37 Mme
944 3632 152 39 Chotte
1126 3630 107 39 était
1260 3630 91 37 très

340 3701 145 39 gr-ave,
524 3699 106 28 avec
669 3699 61 29 un
768 3686 163 48 regard
968 3683 188 40 brillant
1194 3683 42 37 et
1275 3682 76 38 des

340 3741 260 57 pommettes
631 3738 300 40 enflammées.

390 3795 50 37 Et
464 3794 83 38 elle
572 3793 75 38 eut
670 3802 61 28 un
754 3790 79 50 joli
858 3789 123 50 geste
1006 3800 8 27 :

390 3847 93 37 Elle
518 3845 131 38 lâcha
686 3854 61 28 un
784 3843 77 38 des
878 3842 137 43 ..,,deux
1050 3840 130 38 bouts
1220 3839 53 38 de
1310 3838 44 38 la

340 3899 139 43 porde,
506 3898 55 46 et,
585 3907 74 28 ma
683 3895 167 50 parole,
874 3894 152 38 donna
1052 3903 57 28 au
1134 3891 131 39 chien
1293 3901 59 28 un

341 3950 107 53 petit
468 3961 113 37 coup
602 3949 52 38 de
674 3947 115 49 pied.

389 4003 59 38 Le
473 4001 130 40 chien
629 3999 167 39 n'avait
818 4009 81 39 pas
923 3997 157 39 besoin
1106 3997 53 38 de
1185 3996 67 38 cet
1277 4006 78 27 en-

341 4053 317 49 couragement
681 4064 8 26 :
714 4053 31 38 il
768 4051 158 42 détala,
944 4050 150 38 arriva
1111 4061 57 26 au
1184 4048 102 49 pied
1305 4048 51 38 de

342 4108 42 44 la
408 4106 245 50 passerelle
680 4116 57 27 au
763 4103 197 39 moment
986 4101 55 40 où
1068 4102 83 38 elle
1178 4100 179 49 quittait

343 4158 38 44 te
408 4159 111 39 bord
547 4159 59 37 du
634 4157 118 49 quai,
780 4156 144 46 sauta,
951 4155 80 49 put
1058 4165 47 27 se
1132 4154 225 48 rattraper

345 4223 79 35 par
453 4212 64 37 les
548 4210 146 41 pattes
725 4209 67 40 de;
807 4208 177 39 devanf.
1012 4206 158 39 bondit
1200 4216 78 28 sur
1307 4216 51 28 sa

343 4263 134 54 petite
500 4262 134 47 mère,
659 4261 42 38 et
726 4260 38 39 si,
790 4259 87 40 fort
891 4258 112 50 «qu'il
1031 4259 45 38 la
1100 4256 49 41 fit
1173 4257 183 39 tomber.

392 4314 114 39 Tout
532 4314 109 43 cela
656 4313 113 41 dans
779 4312 82 43 Jes
891 4311 144 38 bruits
1065 4311 59 37 du
1152 4309 135 39 sifflet
1315 4309 43 38 et

345 4368 60 40 les
437 4364 407 41 bouillonnements
874 4363 55 39 de
961 4362 171 39 l'hélice...

395 4419 51 38 Et
482 4419 44 37 la
560 4417 150 47 petite,
744 4416 89 38 vite
869 4415 186 44 relevée,
1092 4413 173 41 courait
1301 4424 56 28 au

347 4472 107 38 bord
484 4468 205 50 ,quai,
718 4467 293 41 brandissant
1041 4478 80 27 son
1150 4462 126 45 billet
1306 4466 52 38 de

348 4524 175 47 banque
544 4521 158 50 qu'elle
720 4520 169 39 voulait
908 4520 176 47 rendre,
1102 4518 150 39 tandis
1275 4529 84 38 que

348 4576 114 40 Mme
488 4574 152 38 Chotte
666 4572 131 39 criait
820 4583 8 28 :

395 4651 52 4 —
468 4625 223 47 Garde-le,
714 4624 43 39 et
778 4624 76 38 ton
878 4624 92 38 sale
994 4623 130 39 chien
1148 4621 124 41 aussi
1297 4622 6 38 !

398 4731 119 39 Pour
578 4729 108 48 cela,
746 4728 44 50 je
851 4726 183 41 l'aurais
1096 4727 266 42 embrassée,

348 4784 115 42 Mme
489 4781 165 40 Chotte.

399 4835 66 39 On
485 4833 179 40 l'aurait
684 4832 143 40 même
849 4831 256 40 embrassée
1127 4842 106 28 sans
1256 4832 106 38 cela.

998 4901 165 42 Brieux,

801 4960 44 32 de
871 4959 220 32 l'Académie
1114 4959 199 39 française.

350 5064 62 62 Le
436 5062 126 60 droit
582 5062 54 58 de
658 5062 184 58 douane
866 5072 84 48 sur
968 5062 74 58 les
1062 5060 224 70 briquets

670 5150 76 58 est
774 5150 114 58 voté
922 5160 92 60 par
1044 5150 52 58 la
1130 5148 236 60 Chambre

402 5283 56 35 La
481 5282 188 36 Chambre
690 5294 27 23 a,
733 5280 142 46 adopté
896 5282 35 35 le
952 5281 132 45 projet
1106 5282 45 35 de
1173 5281 52 36 loi
1246 5281 122 36 fixant

354 5329 34 37 le
411 5329 143 45 régime
577 5324 185 40 douanier
786 5328 219 44 applicable
1030 5340 74 24 aux
1128 5328 171 45 briquets
1324 5329 45 35 de

355 5377 132 44 poche,
515 5388 74 24 aux
615 5376 206 35 allumeurs
847 5374 23 36 à
895 5387 70 32 gaz
991 5387 50 24 ou
1065 5375 23 35 à
1114 5375 193 45 acétylène
1333 5379 31 32 et

356 5435 76 24 aux
467 5434 168 24 amorces
670 5424 36 34 et
743 5424 128 34 autres
906 5421 241 37 fournitures
1182 5422 188 36 destinées

355 5469 22 38 à
400 5481 59 24 ces
483 5468 208 46 appareils.

514 5608 132 78 LA
718 5588 508 110 JOURNÉE

409 5756 58 34 CE
488 5756 158 33 MATIN
666 5768 10 19 :
700 5758 32 34 A
754 5769 22 30 9
797 5765 157 33 HEURES,
980 5758 136 36 Séance
1138 5760 21 33 à
1180 5760 35 33 la
1235 5759 135 35 Cham-

359 5805 61 37 bre
448 5804 178 42 (budget).
652 5825 45 4 —
720 5805 36 33 A
782 5815 103 30 MIDI,
912 5804 146 35 Conseil
1085 5806 64 33 des
1175 5806 195 40 ministres,

360 5852 18 36 à
401 5851 165 43 l'Elysée.
591 5872 45 5 —
660 5852 50 36 Le
735 5851 127 41 procès
888 5851 167 41 d'Aulby,
1081 5852 20 33 à
1126 5850 122 36 Tours
1274 5852 97 41 (l'af-

361 5899 93 34 faire
480 5899 62 34 des
570 5899 93 33 faux
689 5899 199 36 tableaux).

412 5955 90 34 CET
519 5955 283 33 APRES-MIDI
823 5966 10 18 :
857 5956 30 32 A
911 5966 21 24 2
951 5962 161 33 ]IJ-:uru:s,
1133 5956 169 34 Réunion
1325 5956 48 34 du

363 6002 140 35 Comité
537 6003 49 34 du
621 6008 214 29 monument
870 6000 176 38 Edouard
1083 6002 100 39 Lalo,
1220 6013 85 22 sous
1340 6003 34 33 la

364 6049 207 43 présidence
609 6049 45 34 de
694 6050 50 32 M.
785 6048 406 40 Dujardin-Beaumetz
1232 6048 140 40 (atelier

365 6095 44 34 du
434 6096 181 41 sculpteur
640 6095 165 34 Maurice
829 6095 112 41 Quef,
970 6102 70 33 195,
1066 6105 63 22 rue
1155 6094 220 40 Marcadet).

366 6161 41 7 -
430 6142 35 32 A
487 6151 20 23 2
532 6152 36 22 H.
597 6142 70 40 1/2,
695 6141 136 36 Séance
855 6141 20 34 à
899 6141 35 34 la
959 6140 182 35 Chambre
1169 6140 50 42 (la
1244 6139 131 35 réinté-

366 6188 143 43 gration
531 6187 64 35 des
619 6188 229 41 cheminots).

705 6311 316 28 INFORMATIONS

420 6414 105 35 Cette
552 6414 125 40 année,
704 6413 86 34 c'est
817 6426 46 22 au
891 6414 151 35 Carlton
1069 6415 150 42 qu'aura
1245 6416 74 34 lieu
1346 6416 33 34 le

368 6462 188 36 Réveillon
585 6460 180 35 vraiment
792 6460 79 41 gai.,
888 6461 51 36 La
966 6461 188 35 Direction
1182 6462 49 34 du
1259 6474 120 30 somp-

368 6515 113 29 tueux
510 6505 285 38 Etablissement
824 6506 62 33 des
916 6505 329 44 Champs-Elysées
1275 6508 104 39 offre,

368 6568 43 22 en
440 6555 97 39 effet,
564 6554 21 34 à
613 6564 67 22 son
708 6551 164 41 élégante
900 6556 35 29 et
961 6552 150 41 joyeuse
1139 6554 165 34 clientèle
1331 6565 49 22 un

369 6613 131 30 souper
541 6597 393 43 exceptionnellement
974 6598 155 41 copieux
1169 6605 35 27 et
1244 6599 136 41 soigné,

370 6659 89 31 pour
495 6647 33 34 le
564 6645 84 42 prix
685 6644 74 34 très
796 6642 164 34 modeste
996 6643 44 34 de
1076 6655 41 23 20
1155 6645 124 34 francs
1316 6657 65 29 par

370 6699 159 30 couvert.
562 6692 61 34 Un
657 6691 58 34 bal
749 6689 124 34 suivra
906 6693 93 29 cette
1034 6689 74 33 fête
1139 6691 159 40 pendant
1331 6692 50 33 la-

371 6741 116 40 quelle
510 6739 213 34 l'orchestre
747 6736 49 33 du
819 6734 140 35 célèbre
983 6735 158 33 maestro
1164 6736 113 37 Leoni
1303 6737 81 35 fera

372 6786 174 35 entendre
573 6796 55 22 ses
654 6782 161 35 refrains
842 6780 194 35 endiablés.

398 6845 9 22 >
425 6832 96 34 Mais
540 6831 24 34 il
585 6831 81 33 faut
685 6828 137 35 retenir
842 6839 56 22 ses
916 6826 121 41 places
1056 6825 63 34 dès
1138 6827 244 42 maintenant;

374 6890 70 28 car,
471 6878 170 40 toujours
670 6875 176 35 soucieux
875 6873 49 33 du
952 6871 150 34 confort
1129 6872 44 33 de
1203 6885 65 21 son
1296 6875 88 33 aris-

375 6923 201 40 tocratique
608 6921 174 40 clientèle,
815 6920 51 33 M.
899 6917 98 35 Ruhl
1030 6928 20 23 a
1081 6917 124 39 décidé
1236 6929 68 30 que
1334 6921 51 33 les

375 6968 219 39 admissions
617 6967 157 35 seraient
796 6966 228 34 strictement
1046 6962 164 35 limitées.

1184 7025 155 37 PUZZLE.

391 7149 165 52 Voir
595 7145 40 50 à
671 7146 67 50 la
775 7158 170 49 page
992 7143 69 51 11

426 7222 9 15 '

389 7277 6 6 .
458 7239 48 50 le
531 7234 152 52 BON
713 7235 75 49 N°
809 7235 44 50 5
880 7235 64 49 de
966 7243 154 41 notre
1139 7233 190 62 grand
1364 7259 12 13 •

390 7328 420 88 CONCOURS
872 7328 150 78 DES
1080 7326 318 82 BIJOUX

537 7431 256 61 100.000
830 7435 122 47 Mues
987 7436 38 47 de
1060 7436 90 47 PRIX
1185 7438 61 45 en\

536 7510 168 63 BIJOUX
730 7523 32 45 et
792 7509 455 94 PIÈCES^'ORFÈVRERIE/

397 7641 56 45 Les
488 7649 173 41 personnes
697 7632 179 46 désireuses
911 7632 36 44 de
982 7633 131 52 prendre
1152 7638 72 47 part
1260 7637 20 40 à
1315 7637 90 41 notre

399 7696 203 47 CONCOURS
641 7692 74 46 DES
752 7688 147 47 BIJOUX,
940 7693 32 40 et
1013 7691 53 52 qui
1116 7692 35 42 n'
1163 7692 148 44 auraient
1346 7704 60 41 pas

397 7760 147 42 conservé
574 7759 73 39 tous
678 7751 48 45 les
765 7752 147 41 numéros
948 7746 245 46 d'EXCELSIOR
1229 7748 109 55 depuis
1373 7749 34 43 la

397 7813 194 49 publication
629 7810 41 45 du
700 7806 139 54 premier
877 7803 74 51 bon,
992 7804 199 46 c'est-à-dire
1232 7807 109 53 depuis
1378 7807 29 44 le

398 7873 133 43 Numéro
551 7871 40 43 du
610 7865 154 47 Vendredi
787 7864 33 44 16
840 7860 179 51 Décembre,
1041 7869 187 45 pourrontse
1252 7878 155 39 procurer

402 7930 44 44 les
470 7930 151 42 Numéros
646 7927 193 50 manquants
863 7919 77 45 citez
965 7918 69 43 leur
1064 7919 168 45 marchand
1257 7922 36 44 de
1322 7922 85 52 jour-

458 8001 84 30 naux
565 7982 143 49 habituel
731 7994 39 32 ou
794 7994 39 31 en
859 7977 200 46 s'adressant
1081 7980 20 40 à
1125 7977 223 47 EXCELSIOR.

403 8043 85 46 Dans
511 8057 36 32 ce
575 8040 126 49 dernier
724 8053 66 36 cas,
817 8036 119 56 joindre
964 8033 34 46 10
1028 8032 152 46 centimes
1210 8049 39 31 en
1276 8035 134 45 timbres

616 8111 77 38 pour
723 8096 119 51 chaque
873 8094 135 45 Numéro
1036 8091 160 46 demandé.

1396 456 122 84 Le
1560 456 278 86 Comte
1882 454 354 104 d'Aulby

1558 596 102 60 en
1724 564 684 94 Correctionnelle

1400 741 110 44 Pour
1534 742 117 41 avoir
1674 739 128 44 voulu
1834 756 44 27 se
1905 739 106 43 faire
2036 737 74 43 des
2141 746 135 32 rentes
2307 747 105 28 avec

1456 805 73 43 des
1567 823 17 22 «
1613 807 141 50 copies
1785 820 17 21 »
1848 803 55 43 de
1934 801 117 45 toiles
2088 799 54 43 de
2175 800 175 44 maîtres,

1515 868 25 43 il
1576 870 233 51 comparaît
1842 864 265 54 aujourd'hui
2141 864 156 41 devant

1778 931 39 43 le
1843 928 193 46 tribunal.

1452 1041 105 36 C'est
1581 1051 81 26 une
1689 1041 149 36 affaire
1864 1039 72 39 qui
1962 1037 222 42 passionne
2211 1035 58 35 les
2296 1033 113 35 Tou-

1399 1097 221 36 rangeaux,
1646 1087 41 37 et
1708 1087 72 47 qui
1804 1086 63 36 est
1888 1086 122 44 digne
2032 1082 266 38 d'intéresser
2320 1077 92 38 tout

1401 1135 36 35 le
1463 1134 159 36 monde.

1451 1180 56 36 Le
1540 1180 134 36 comte
1708 1173 183 46 d'Aulby,
1927 1177 72 42 qui
2034 1175 63 37 est
2129 1173 146 46 depuis
2309 1171 104 36 neuf

1384 1217 8 4 ,
1400 1226 103 35 mois
1535 1236 50 25 en
1616 1226 144 41 prison
1790 1224 244 43 preventive
2066 1222 41 35 et
2136 1220 71 46 qui
2239 1227 170 35 compa-

1399 1272 83 36 raît
1506 1271 268 37 aujourd'hui
1798 1269 152 38 devant
1974 1270 47 40 le_
2035 1266 183 37 tribunal
2244 1272 165 28 correc-

1400 1319 157 35 tienne!
1590 1318 50 35 de
1674 1319 144 38 Tours,
1853 1325 96 27 sous
1984 1312 286 44 l'inculpation
2302 1309 108 36 d'es-

1400 1364 227 39 croquerie,
1664 1374 23 25 a
1722 1363 64 37 été
1821 1372 98 29 reçu
1954 1370 98 27 avec
2113 1360 38 34 la
2210 1356 202 38 comtesse

1400 1410 182 39 d'Aulby,
1625 1419 77 30 par
1743 1408 115 37 toute
1898 1405 291 38 l'aristocratie
2228 1403 43 36 et
2311 1402 100 35 dans

1400 1456 92 35 tous
1525 1457 57 34 les
1614 1456 206 36 châteaux
1849 1454 52 36 de
1931 1454 38 34 la
2001 1451 209 40 Touraine
2240 1449 54 35 où
2325 1448 84 35 lui-

1400 1503 133 31 même
1554 1502 173 39 possède
1751 1502 35 34 le
1808 1499 126 37 castel
1957 1499 50 35 de
2031 1499 37 34 la
2091 1498 111 34 Tour
2225 1495 23 35 à
2270 1493 140 37 Saint-

1400 1548 342 39 Cyr-sur-Loire.
1782 1547 79 34 Par
1897 1545 110 36 suite
2043 1544 50 35 de
2130 1542 157 43 quelles
2325 1540 85 35 cir-

1400 1594 239 36 constances
1678 1593 125 36 a-t-il
1841 1592 23 35 à
1901 1590 205 46 répondre
2144 1585 268 47 aujourd'hui

1399 1640 55 36 du
1476 1640 101 35 délit
1599 1636 71 48 qui
1693 1639 58 35 lui
1774 1638 63 36 est
1857 1636 201 47 reproché
2085 1636 19 34 ?
2124 1634 118 36 Voici
2272 1642 7 26 :

1452 1683 63 38 En
1553 1687 110 38 1907,
1703 1685 49 35 M.
1792 1684 41 35 et
1870 1684 105 35 Mme
2013 1681 137 41 Paine,
2188 1680 76 35 née
2300 1679 114 43 Lucy

1399 1732 87 39 Tat,
1509 1731 237 36 richissime
1766 1729 272 38 Américaine,
2062 1736 43 27 se
2126 1725 218 37 rendaient
2364 1724 50 35 de

1400 1779 236 35 New-York
1668 1787 52 26 au
1780 1774 147 37 Havre.
1961 1775 79 35 Sur
2099 1774 37 34 le
2190 1770 219 45 paquebot,

1400 1825 106 35 Mme
1538 1824 126 35 Paine
1695 1822 198 36 retrouva
1925 1822 38 34 la
1994 1818 201 37 comtesse
2226 1814 183 47 d'Aulby,

1400 1880 81 23 une
1512 1868 274 41 compatriote
1816 1868 50 35 de
1896 1866 166 36 Boston.
2095 1865 61 35 On
2185 1872 125 27 causa
2341 1862 70 36 des

1400 1916 158 38 projets
1618 1915 154 35 futurs.
1809 1914 86 40 Que
1954 1912 276 36 voulez-vous
2292 1908 121 46 qu'on

1400 1964 111 34 fasse
1539 1971 50 26 en
1616 1970 89 27 mer
1732 1960 122 35 sinon
1881 1967 147 27 causer
2058 1953 288 39 indéfiniment
2373 1953 41 36 et

1402 2006 341 39 délicieusement
1778 2015 53 26 au
1867 2004 98 37 fond
2001 2003 50 36 de
2085 2002 101 36 bons
2221 2000 193 44 rockings

1403 2055 150 37 chairs,
1591 2052 200 40 auxquels
1831 2052 37 35 le
1905 2050 130 36 roulis
2101 2047 195 45 imprime
2359 2055 53 25 un

1403 2100 190 39 agréable
1633 2097 266 37 mouvement
1936 2096 51 36 de
2023 2093 239 41 balançoire
2303 2093 20 35 ?
2360 2091 56 36 Le

1403 2146 133 33 comte
1567 2145 173 40 d'Aulby
1769 2144 119 41 parla
1918 2143 23 35 à
1971 2142 106 34 Mme
2107 2140 127 35 Paine
2263 2138 50 37 de
2342 2147 73 26 son

1401 2192 187 40 château,
1615 2192 50 35 de
1688 2200 46 26 sa
1758 2190 193 41 musique
1976 2188 53 40 (le
2054 2186 133 36 comte
2213 2184 63 37 est
2299 2193 114 27 com-

1401 2238 219 42 positeur),
1657 2237 50 34 de
1741 2245 63 27 ses
1841 2235 195 36 tableaux
2076 2243 8 24 :
2122 2232 28 35 il
2186 2230 114 37 avait
2332 2239 82 26 une

1402 2284 219 37 collection
1661 2281 216 47 splendide
1924 2281 8 35 !
1975 2281 56 35 Le
2073 2278 134 45 temps
2250 2285 162 37 passa...

1401 2331 62 36 On
1492 2330 222 45 débarqua.

1452 2376 53 36 Et
1526 2376 120 39 après
1669 2384 78 31 que
1770 2375 57 35 les
1850 2373 127 36 Paine
1999 2382 43 25 se
2063 2369 145 37 furent
2229 2368 185 37 installés

1402 2421 320 37 luxueusement
1757 2421 22 35 à
1816 2419 116 36 Paris
1969 2419 101 35 dans
2106 2426 58 26 un
2198 2414 216 37 charmant

1402 2469 124 41 hôtel,
1558 2470 58 40 33,
1648 2476 159 26 avenue
1836 2466 55 35 du
1919 2463 428 44 Bois-de-Boulogne,
2379 2460 38 35 la

1401 2524 212 37 promesse
1643 2514 142 35 d'aller
1812 2512 93 35 voir
1935 2512 56 35 les
2021 2508 174 46 d'Aulby
2223 2517 51 27 en
2301 2508 113 34 Tou-

1402 2562 118 35 raine
1543 2560 68 36 fut
1634 2560 135 36 tenue.

1454 2608 75 35 Les
1562 2606 195 36 tableaux
1787 2604 145 36 furent
1962 2602 192 37 admirés.
2186 2601 33 35 Il
2249 2610 27 35 y
2306 2598 113 37 avait

1402 2654 69 36 des
1511 2652 176 38 Murillo,
1725 2661 58 25 un
1819 2650 185 42 Corrège,
2045 2649 69 35 des
2152 2645 262 42 Rembrandt,

1403 2700 70 36 des
1497 2698 132 41 Corot,
1653 2698 70 36 des
1746 2696 257 43 Largillière,
2029 2695 70 36 des
2123 2692 197 47 Mignard,
2346 2691 70 36 des

1406 2746 170 40 Nattier,
1601 2755 78 31 que
1701 2744 154 42 sais-je
1881 2744 18 35 ?
1919 2743 63 35 Au
2003 2741 180 45 surplus,
2208 2740 38 35 la
2267 2738 150 36 collec-

1401 2793 89 35 tion
1514 2792 93 35 tout
1632 2791 160 36 entière
1816 2789 145 36 n'était
1987 2797 72 35 pas
2089 2787 48 42 là,
2167 2786 48 35 M.
2243 2785 174 44 d'Aulby

1403 2849 51 25 en
1494 2839 126 40 ayant
1660 2838 78 35 mis
1780 2838 36 34 le
1858 2834 275 43 complément
2174 2842 54 26 au
2268 2831 148 46 garde-

1402 2886 175 35 meuble.
1605 2885 60 35 On
1693 2884 160 36 admira
1880 2881 223 42 tellement,
2133 2880 152 44 qu'une
2314 2878 102 35 offre

1404 2933 67 35 fut
1492 2932 104 36 faite
1616 2941 107 30 pour
1746 2931 35 35 le
1804 2929 174 41 Corrège
2000 2928 71 43 qui
2093 2926 146 36 n'était
2258 2925 44 35 ni
2323 2926 94 44 plus

1404 2979 43 35 ni
1488 2979 133 35 moins
1664 2987 79 31 que
1784 2976 36 35 le
1861 2974 199 37 Sommeil
2098 2972 230 42 d'Antiope.
2368 2970 52 36 Et

1404 3024 218 40 peut-être
1650 3033 80 29 que
1759 3023 49 35 M.
1839 3022 41 35 et
1908 3022 104 34 Mme
2042 3020 127 35 Paine
2197 3017 224 41 pensèrent

1405 3081 81 30 que
1520 3072 37 34 le
1591 3071 164 35 Louvre
1789 3078 52 26 ne
1873 3065 214 43 possédait
2117 3075 76 36 pas
2230 3065 38 35 la
2302 3063 118 45 copie

1404 3119 55 35 du
1490 3116 306 37 chef-d'œuvre
1852 3115 42 35 et
1923 3113 121 46 qu'ils
2076 3121 50 26 en
2184 3109 237 38 achetaient

1406 3164 216 40 l'original.
1652 3164 53 34 Ils
1735 3162 36 35 le
1799 3160 202 41 payèrent
2028 3159 139 36 75.000
2195 3158 151 38 francs,
2376 3166 45 25 ce

1406 3211 81 42 qui,
1521 3210 25 35 à
1573 3209 92 36 tout
1694 3208 189 43 prendre,
1916 3205 146 37 n'était
2090 3214 73 34 pas
2195 3202 179 37 excessif
2411 3212 7 25 :

1409 3256 138 36 c'était
1576 3255 133 35 même
1739 3264 57 26 un
1826 3254 155 35 cadeau
2019 3252 6 34 !

1458 3303 62 38 El,
1556 3301 281 43 puisqu'aussi
1870 3300 97 35 bien
1999 3299 48 34 M.
2071 3297 52 44 ,ct
2155 3298 105 34 Mme
2294 3295 127 36 Paine

1411 3349 167 36 avaient
1608 3349 49 35 de
1690 3348 37 35 la
1757 3347 116 42 place
1905 3346 100 35 dans
2038 3345 91 35 leur
2159 3343 124 38 hôtel,
2317 3351 52 26 on
2398 3351 25 34 y

1409 3395 238 41 transporta
1673 3395 38 34 la
1735 3393 155 41 galerie
1916 3392 54 35 du
1995 3390 134 36 comte
2153 3389 174 44 d'Aulby
2352 3387 70 46 qui

1408 3441 169 42 figurait
1615 3450 53 26 au
1706 3438 318 42 garde-meuble
2063 3446 50 26 en
2150 3445 105 35 pure
2293 3435 129 45 perte.

1408 3489 53 34 Et
1492 3497 44 26 ce
1570 3487 76 41 fut,
1682 3485 177 42 d'abord,
1894 3494 56 26 un
1983 3483 125 44 dépôt
2139 3482 23 36 à
2194 3482 99 35 titre
2326 3490 97 36 gra-

1408 3535 132 35 cieux.
1571 3535 59 33 De
1659 3532 231 36 nombreux
1918 3530 201 35 visiteurs
2149 3527 169 37 vinrent
2348 3527 74 35 ad-

1408 3581 129 34 mirer
1564 3589 64 26 ces
1656 3579 120 35 toiles
1803 3577 97 36 chez
1927 3577 57 35 les
2012 3574 258 37 richissimes
2297 3573 126 36 Amé-

1408 3627 164 41 ricains,
1598 3626 40 35 et
1660 3624 288 37 s'extasièrent
1970 3621 153 37 devant
2143 3631 58 26 un
2224 3620 165 36 Murillo
2413 3629 8 26 :

1407 3674 39 35 la
1468 3672 282 36 Bohémienne
1773 3680 83 26 aux
1878 3669 159 46 fleurs.'

1464 3720 100 35 Mais
1595 3719 48 34 M.
1674 3718 126 35 Paine
1829 3726 51 26 ne
1906 3714 163 37 voulait
2095 3723 74 35 pas
2198 3713 150 36 abuser
2376 3712 49 35 de

1415 3766 264 44 l'obligeance
1700 3764 49 36 de
1769 3773 75 26 son
1865 3762 82 36 ami
1968 3761 41 36 et
2028 3771 56 26 un
2104 3759 163 38 contrat
2285 3758 141 37 verbal

1409 3812 213 36 intervint..

1461 3860 56 34 La
1539 3858 156 45 galerie
1717 3856 130 37 serait
1869 3856 119 36 louée
2013 3855 140 37 40.000
2174 3862 79 38 par
2273 3862 55 29 an
2346 3860 81 40 par

1410 3907 49 34 M.
1487 3906 127 35 Paine
1640 3915 53 25 au
1718 3905 134 35 comte
1878 3902 183 44 d'Aulby,
2091 3906 182 39 penutint
2299 3910 126 25 uu,ie

1411 3962 84 25 ans.
1532 3952 63 34 Au
1631 3951 101 35 bout
1769 3951 69 35 des
1876 3949 135 36 douze
2042 3958 83 32 ans,
2165 3948 49 36 M.
2253 3945 171 45 d'Aulby

1410 3997 329 37 rembourserait
1761 3997 57 35 les
1843 4005 176 27 sommes
2046 3994 106 36 ainsi
2176 3992 247 37 déboursée15

1412 4045 38 35 et
1488 4043 261 37 t'enrendrait
1782 4052 45 26 sa
1861 4042 168 45 galerie.
2064 4041 70 40 S'il
2168 4049 52 27 ne
2252 4036 175 49 pouvait

1412 4091 38 37 le
1481 4090 119 42 faire,
1634 4090 50 36 M.
1718 4088 127 37 Paine
1876 4098 45 27 se
1952 4088 182 45 paierait
2164 4097 74 25 sur
2270 4088 56 34 les
2359 4086 64 35 ta-

1416 4139 149 35 bleaux
1593 4136 277 43 jusqu'à.due
1901 4143 287 32 concurrence,
2224 4133 32 35 si
2290 4132 140 36 mieux

1418 4185 26 35 il
1468 4194 49 25 en
1532 4182 212 41 .préférait
1765 4181 168 37 acheter
1955 4182 37 35 le
2014 4180 91 37 tout
2125 4190 58 25 un
2203 4178 175 37 million.

1468 4229 132 43 Enfin,
1632 4229 36 37 si
1699 4229 50 36 M.
1782 4228 127 36 Paine
1937 4227 144 37 venait
2109 4227 24 39 à
2163 4226 171 42 mourir,
2367 4234 64 27 ses

1419 4277 196 36 héritiers
1644 4275 194 36 auraient
1866 4275 56 34 les
1952 4274 154 35 mêmes
2135 4272 145 36 droits.
2352 4284 6 6 -

1463 4322 155 36 Est-on
1651 4321 94 36 tout
1778 4321 24 35 à
1836 4321 80 35 fait
1949 4319 187 37 d'accord
2171 4318 49 37 de
2254 4317 97 47 part
2385 4317 40 36 et

1412 4369 170 42 d'autre,
1649 4377 72 26 sur
1784 4376 66 26 ces
1914 4366 153 36 termes
2132 4364 56 36 du
2251 4363 175 37 contrat.

1424 4416 102 35 Mme
1549 4414 128 36 Paine
1700 4414 37 35 le
1759 4412 362 37 connaissait-elle
2149 4412 18 34 ?
2189 4410 247 37 L'audience

1418 4471 101 26 nous
1584 4460 274 46 l'apprendra.
1897 4459 104 41 Quoi
2065 4457 99 46 qu'il
2227 4466 51 28 en
2339 4456 92 43 soit,

1418 4509 47 34 M.
1493 4507 127 36 Paine
1645 4507 171 35 mourut
1841 4506 23 35 à
1888 4506 166 35 Boston.

1466 4553 131 44 Après
1623 4553 71 36 des
1719 4552 200 36 relations
1945 4560 107 34 pour
2077 4551 40 36 le
2139 4551 133 35 moins
2300 4550 128 35 affec-

1416 4600 180 42 tueuses,
1620 4599 71 44 qui
1713 4598 184 37 seraient
1917 4598 185 41 établies,
2124 4596 209 46 paraît-il,
2356 4606 76 35 par

1418 4656 81 26 une
1520 4645 355 43 correspondance
1894 4644 292 36 volumineuse
2208 4643 45 41 (il
2273 4652 27 34 y
2321 4652 21 26 a
2364 4642 69 36 des

1419 4692 141 36 lettres
1588 4691 51 37 de
1668 4692 72 35 102
1768 4690 156 45 pages),
1954 4690 105 35 Mme
2087 4689 127 36 Paine
2241 4697 115 28 cessa
2383 4687 49 37 de

1416 4738 93 36 voir
1522 4766 6 6 -
1550 4738 38 36 le
1627 4737 135 36 comte
1802 4736 186 45 d'Aulby.
2031 4736 98 35 Puis
2172 4735 77 36 elle
2291 4734 143 37 devint

1425 4785 105 35 Mme
1557 4784 39 35 la
1622 4783 202 36 duchesse
1850 4783 49 35 de
1926 4782 206 36 Choiseul.

1470 4831 65 35 Un
1567 4831 107 34 beau
1707 4830 107 44 jour,
1849 4831 182 33 sommée
2064 4838 77 36 par
2175 4828 49 35 M.
2259 4827 175 45 d'Aulby

1419 4876 235 37 d'exécuter
1686 4876 36 35 le
1755 4874 163 37 contrat
1948 4875 121 44 passé
2100 4884 98 26 avec
2229 4883 75 27 son
2334 4883 98 35 pre-

1426 4923 105 35 mier
1558 4922 117 42 mari,
1705 4923 104 34 Mme
1837 4921 48 36 de
1914 4921 193 36 Choiseul
2135 4920 46 35 fit
2208 4920 232 45 expertiser

1426 4969 37 35 la
1487 4969 188 35 fameuse
1699 4968 166 45 galerie.
1891 4968 120 35 Deux
2036 4967 165 45 experts
2226 4976 43 26 se
2293 4966 145 35 succé-

1425 5014 145 36 dèrent
1615 5024 7 25 :
1663 5015 49 34 M.
1752 5014 131 45 Roger
1923 5014 115 35 Miles
2079 5013 41 37 et
2158 5014 48 34 M.
2249 5012 188 36 Carrios-

1426 5061 185 36 Béleuze.
1637 5061 109 37 Tous
1770 5060 109 36 deux
1902 5059 307 46 proclamèrent
2231 5059 94 45 qu'à
2349 5059 88 35 n'en

1427 5116 70 35 pas
1530 5106 158 43 douter,
1724 5106 39 36 la
1794 5105 218 37 collection
2044 5105 146 36 n'était
2222 5105 104 36 faite
2360 5114 78 37 que

1423 5153 49 36 de
1496 5152 149 46 copies,
1672 5153 332 45 quelques-unes
2028 5151 223 46 passables,
2278 5152 57 35 les
2360 5161 76 26 au-

1425 5201 83 34 tres
1529 5199 248 42 mauvaises,
1800 5199 41 34 et
1861 5208 79 34 que
1962 5199 38 34 la
2019 5198 147 35 valeur
2186 5197 253 36 marchande

1424 5246 53 36 du
1500 5245 92 36 tout
1612 5255 51 25 ne
1685 5245 211 44 dépassait
1916 5254 72 35 pas
2011 5244 118 44 vingt
2150 5244 115 35 mille
2286 5244 153 35 francs.

1479 5292 56 35 Le
1561 5291 175 44 Corrège
1762 5291 41 35 et
1827 5291 36 35 le
1889 5290 166 36 Murillo
2082 5290 156 36 étaient
2263 5290 49 35 de
2337 5290 101 35 sim-

1429 5338 82 40 ples
1533 5336 317 46 reproductions
1872 5336 70 36 des
1962 5336 109 35 deux
2089 5336 231 44 originaux,
2343 5336 91 35 donl

1429 5384 83 35 l'un
1538 5383 62 36 est
1626 5393 52 25 au
1703 5383 165 35 Louvre
1895 5382 40 35 et
1962 5382 146 35 l'autre
2135 5391 53 26 au
2213 5381 154 45 collège
2394 5381 48 35 de

1430 5429 199 37 Dulwich,
1660 5438 51 26 en
1735 5427 257 46 Angleterre.
2019 5427 131 46 Après
2179 5428 56 35 les
2265 5427 177 46 experts,

1429 5476 56 35 les
1516 5475 227 35 solicitors,
1759 5473 279 37 intervinrent
2068 5483 54 26 au
2152 5483 96 26 nom
2280 5473 54 36 du
2365 5473 78 36 duc

1430 5522 40 35 et
1493 5521 48 36 de
1566 5522 38 34 la
1626 5520 202 36 duchesse
1852 5520 49 35 de
1926 5519 193 36 Cho.iseul
2150 5529 7 26 :
2183 5529 81 26 une
2286 5519 158 46 plainte

1431 5567 67 35 fut
1522 5567 175 44 déposée
1723 5566 142 36 contre
1891 5566 37 35 le
1954 5565 134 36 comte
2114 5565 41 36 et
2180 5565 38 35 la
2243 5565 202 37 comtesse

1428 5613 173 45 d'Aulby
1632 5613 41 35 et
1703 5622 81 25 une
1816 5611 252 36 instruction
2099 5611 172 36 ouverte
2301 5611 141 36 contre

1429 5669 80 26 eux
1535 5668 106 36 pour
1670 5658 275 44 escroquerie.
1977 5658 106 34 Mme
2112 5657 175 44 d'Aulby
2313 5657 129 36 béné-

1433 5706 92 34 ficia
1554 5705 92 34 d'un
1678 5705 208 34 non-lieu.
1918 5705 48 34 M.
1997 5703 175 45 d'Aulby
2201 5704 67 35 fut
2298 5703 148 36 arrêté.

1434 5751 201 45 Ajoutons
1665 5760 92 35 que,
1789 5760 71 24 sur
1891 5749 106 36 cette
2028 5749 158 42 affaire,
2218 5759 44 25 se
2292 5750 154 44 greffè-

1437 5797 89 35 J'ont
1561 5797 69 35 des
1669 5796 203 35 incidents
1909 5795 163 35 relatifs
2110 5805 82 25 aux
2227 5795 219 35 anciennes

1435 5842 142 36 lettres
1603 5842 226 44 échangées
1854 5841 117 36 entre
1997 5842 36 35 le
2056 5841 133 36 comte
2212 5841 178 45 d'Aulby.
2410 5841 38 35 et

1434 5889 107 36 Mme
1564 5887 138 42 Paine,
1727 5886 42 37 et
1790 5896 73 26 sur
1886 5887 178 45 lesquels
2089 5888 57 34 les
2171 5887 142 36 débats
2337 5888 111 35 seuls

1433 5937 201 42 pourront
1655 5934 109 44 jeter
1787 5943 55 25 un
1865 5933 97 44 jour
1987 5933 83 35 très
2094 5933 82 35 net.

1484 5980 52 35 M6
1558 5980 184 36 Maurice
1763 5979 197 35 Bernard,
1989 5979 213 36 l'éminent
2223 5979 146 36 avocat
2391 5978 54 37 du

1434 6026 173 35 barreau
1631 6024 54 42 de
1685 6024 145 42 Paris,
1854 6025 188 44 plaidera
2063 6034 106 35 pour
2190 6026 49 33 M.
2261 6025 185 44 d'Aulby.

1487 6072 65 33 Mcs
1574 6072 99 34 Jean
1699 6071 138 35 Sturel
1863 6070 40 35 et
1928 6071 183 42 Plumol1,
2138 6070 232 45 également
2393 6071 53 36 du

1436 6117 173 35 barreau
1650 6117 49 34 de,
1737 6116 128 41 Paris,
1906 6116 197 35 assistent
2141 6117 36 34 le
2214 6117 78 35 duc
2332 6117 40 35 et
2411 6118 36 34 la

1436 6162 200 35 duchesse
1670 6162 49 35 de
1756 6162 203 41 Choiseul,
1996 6162 72 44 qui
2102 6171 44 26 se
2179 6162 95 36 sont
2307 6162 140 46 portés

1434 6209 143 44 partie
1593 6209 134 33 civile.

1966 6253 52 35 Me
2041 6253 114 37 PAUL
2179 6254 217 37 GUILLAIN.

1438 6350 294 74 PARIS
1768 6350 260 74 PORT
2062 6350 132 74 DE
2232 6352 222 74 MER

1501 6491 97 38 Une
1635 6497 259 35 proposition
1931 6488 55 39 de
2025 6488 53 40 loi
2117 6498 60 31 est
2213 6488 187 45 déposée

1770 6546 27 39 à
1829 6542 40 43 la
1900 6542 235 43 Chambre.

1492 6651 53 36 M.
1571 6651 189 45 Leboucq,
1785 6649 143 46 député
1953 6650 45 36 de
2023 6649 124 43 Paris,
2173 6651 36 34 et
2234 6662 52 23 un
2311 6650 144 36 certain

1442 6699 157 35 nombre
1619 6698 45 35 de
1683 6709 58 24 ses
1763 6696 187 45 collègues
1971 6699 66 32 ont
2058 6695 145 43 déposé
2220 6708 73 24 une
2312 6708 145 32 propo-

1442 6744 116 36 sition
1578 6745 46 34 de
1644 6744 51 35 loi
1715 6747 118 41 ayant
1854 6755 100 32 pour
1973 6742 107 44 objet
2101 6743 45 34 de
2165 6741 102 36 faire
2288 6742 168 36 déclarer

1447 6790 164 36 d'utilité
1636 6789 185 45 publique
1846 6790 34 34 le
1906 6788 132 45 projet
2065 6788 45 35 de
2136 6788 116 35 canal1
2274 6787 188 37 maritime

1448 6838 45 34 de
1516 6837 112 35 Paris
1650 6836 23 35 à
1695 6836 145 43 Rouen,
1863 6836 93 35 dont
1978 6835 34 35 le
2033 6834 95 44 plan
2150 6846 23 23 a
2195 6833 58 36 été
2275 6834 142 36 soumis
2439 6834 23 36 à

1448 6882 186 44 l'enquête
1655 6895 46 23 en
1722 6882 137 38 1890,..

1501 6929 26 34 K
1535 6930 6 33 l
1549 6929 31 35 le
1619 6931 196 41 comporte
1852 6939 52 23 un
1942 6926 133 36 article
2114 6925 152 44 unique,
2306 6925 153 44 d'après

1451 6976 122 40 lequel
1610 6975 38 35 la
1684 6973 236 37 déclaration
1957 6972 164 36 d'utilité
2137 6999 6 4 ,
2159 6971 184 41 publique
2380 6983 85 25 sera

1453 7020 264 44 promulguée/
1748 7031 89 24 avec
1870 7022 96 32 cette
1996 7014 221 40 restriction!
2248 7030 82 29 que,
2364 7016 32 37 si
2429 7018 36 35 la

1448 7067 101 36 Ville
1575 7067 46 35 de
1647 7066 113 35 Paris
1785 7077 50 23 ou
1857 7065 36 35 le
1919 7064 265 44 département
2210 7065 46 35 de
2282 7064 37 35 la
2347 7063 112 38 Seine

1454 7113 205 35 réclament
1696 7112 47 35 la'
1769 7110 219 37 concession
2012 7110 96 35 dans
2132 7109 147 37 l'année
2302 7109 65 44 qui
2391 7109 77 35 sui-

1454 7171 69 23 vra
1545 7162 96 32 cette
1663 7156 299 45 promulgation,
1986 7154 173 37 elle-leur
2180 7167 86 24 sera
2288 7155 180 36 accordée

1457 7206 45 38 de
1526 7204 225 44 préférence
1777 7202 23 36 à
1826 7206 106 32 toute
1957 7205 110 32 autre
2095 7201 260 44 Compagnie.-

1452 7308 70 66 LE
1546 7306 172 68 DROIT
1744 7304 292 70 D'AUTEUR
2060 7304 110 68 DES
2192 7304 276 68 ARTISTES

1458 7465 15 5 "
1507 7457 53 35 M.
1598 7456 133 37 André
1770 7457 133 43 Hésse,
1943 7455 153 45 député,
2136 7467 23 23 a
2187 7457 209 39 .entretenu
2434 7454 34 36 le

1458 7515 147 32 groupe
1628 7504 46 34 de
1695 7503 87 35 l'art
1808 7502 203 44 populaire
2035 7502 83 34 à-la
2143 7501 188 36 Chambre
2356 7500 112 36 d'une

1460 7549 242 44 proposition
1725 7550 45 34 de
1791 7549 51 35 loi
1863 7549 93 35 dont
1976 7558 236 25 nous'avons
2234 7546 90 43 déjà
2348 7546 121 43 parlé,

1461 7598 119 42 ayant
1619 7606 100 32 pour
1756 7595 68 36 but
1863 7595 46 35 de
1948 7594 167 43 frapper
2125 7594 15 9 "
2154 7592 91 36 d'un
2284 7592 101 36 droit
2425 7592 46 36 de

1460 7643 22 35 5
1520 7642 71 42 0/0
1627 7641 53 34 les
1717 7644 129 32 ventes
1882 7639 204 45 publiques
2121 7639 65 34 des
2222 7649 147 24 œuvres
2405 7639 66 34 des

1461 7687 182 42 peintres,
1673 7686 226 43 sculpteurs,
1931 7695 195 33 graveurs,
2157 7687 82 39 etc.,
2270 7683 146 36 destiné
2447 7683 23 35 à

1464 7733 80 37 être
1569 7731 166 37 attribué
1760 7744 73 31 par
1858 7728 121 38 l'Etat
2003 7742 74 23 aux
2103 7729 153 36 artistes
2281 7728 193 36 créateurs

1464 7784 48 39 et,
1534 7791 46 23 en
1602 7789 63 24 cas
1687 7779 45 35 de
1754 7777 117 44 décès,
1894 7776 22 36 à
1937 7779 87 33 tous
2045 7775 53 36 les
2120 7774 238 45 ayant-droit
2380 7786 94 32 pen-

1465 7827 94 35 dant
1584 7824 203 43 cinquante
1811 7835 81 23 ans.

1514 7869 85 37 Une
1627 7868 345 36 sons-commission
2003 7879 21 22 a
2053 7865 58 36 été
2139 7865 209 36 constituée
2376 7877 101 32 pour

1463 7916 194 37 examiner
1694 7917 97 33 cette
1827 7912 256 46 proposition,
2120 7912 93 35 dont
2249 7911 53 35 M.
2341 7910 132 36 André

1464 7964 124 35 Hesse
1622 7973 22 23 a
1675 7960 59 35 été
1766 7959 148 37 nommé
1948 7960 245 41 rapporteur.
2229 7957 108 37 Cette
2369 7966 106 25 sous-

1468 8006 240 40 commission
1736 8006 183 36 entendra
1945 8003 309 37 ultérieurement
2280 8014 73 23 une
2380 8000 99 37 délé-

1468 8054 132 45 gation
1625 8053 47 36 de
1696 8052 38 36 la
1762 8051 146 38 Société
1938 8064 21 22 «
1986 8051 52 36 du
2063 8047 101 39 droit
2189 8047 189 37 d'Auteur
2402 8057 77 26 aux

1467 8099 167 38 Artistes
1661 8111 36 25 ».

2604 440 110 46 AU
2744 432 588 54 CONSERVATOIRE

2468 588 120 78 Le
2638 586 268 96 grand
2962 586 194 94 prix
3208 582 268 78 Osiris

2796 725 82 44 est
2915 717 237 51 décerné

2504 834 48 74 à
2574 826 166 82 Mlle
2750 826 378 78 Yvonne
3150 822 292 78 Ducos

2515 1022 54 36 Le
2597 1021 125 41 grand
2751 1018 91 42 prix
2872 1016 123 38 Osiris
3024 1027 101 30 pour
3153 1013 148 37 l'année
3330 1012 96 36 1910
3458 1024 22 23 a

2467 1068 58 36 été
2554 1066 169 38 attribué
2751 1066 82 35 hier
2862 1064 23 36 à
2914 1064 92 35 Mlle
3035 1063 161 34 Yvonne
3227 1061 137 41 Ducos,
3393 1070 87 31 pre-

2467 1114 93 36 mier
2590 1113 91 43 prix
2710 1112 46 36 de
2786 1109 172 44 tragédie
2988 1110 65 34 des
3082 1118 184 26 concours
3297 1106 52 35 dit'
3380 1104 99 36 Con-

2466 1158 209 38 servatoire
2703 1158 46 36 de
2776 1159 97 34 cette
2901 1155 131 36 année.

2519 1217 59 36 On
2625 1215 74 37 sait
2748 1226 72 27 que
2868 1226 41 24 ce
2957 1212 90 41 prix
3095 1212 46 35 de
3189 1210 108 37 5.000
3347 1207 133 36 francs

2467 1266 56 33 est
2554 1261 158 38 décerné
2745 1260 280 36 annuellement
3057 1257 23 35 à
3111 1269 51 23 un
3194 1254 166 46 premier
3391 1252 89 49 prix

2469 1309 163 40 (homme
2662 1320 50 23 ou
2742 1305 155 41 femme)
2934 1306 45 34 de
3010 1303 183 43 tragédie,
3225 1303 46 35 de
3301 1299 178 43 comédie,

2467 1354 157 39 d'opéra
2657 1365 49 23 ou
2738 1349 359 42 d'opéra-comique.
3130 1349 71 35 Les
3234 1348 246 35 concurrents

2467 1400 155 37 doivent
2643 1401 125 33 tenter
2789 1399 36 34 la
2848 1399 139 34 chance
3008 1397 97 34 dans
3123 1395 39 35 la
3183 1393 108 37 scène
3312 1392 66 45 qui
3399 1392 82 35 leur

2467 1447 107 35 valut
2610 1445 83 36 leur
2727 1444 246 43 récompense
3011 1453 76 24 aux
3124 1451 183 25 concours
3345 1438 46 36 de
3427 1437 53 35 fin

2468 1490 169 38 d'année.

2517 1537 110 40 Hier,
2661 1536 90 36 c'est
2784 1536 97 35 donc
2915 1534 95 35 dans
3042 1545 75 23 une
3148 1532 109 36 scène
3290 1531 191 36 d'Horace

2469 1582 191 46 (Camille)
2688 1594 72 32 que
2781 1581 94 36 Mlle
2896 1581 163 35 Yvoniie
3082 1579 127 35 Ducos
3232 1591 23 22 a
3279 1575 201 44 triomphé.

2766 2906 87 33 Mlle
2883 2906 159 31 YVONNE
3071 2903 129 32 Ducos

2525 3005 98 37 Bien
2652 3003 201 40 qu'encore
2881 3000 78 37 très
2988 2998 235 46 souffrante,
3243 2996 38 37 la
3311 2995 116 45 jeune
3456 2996 36 35 et

2486 3053 213 36 charmante
2723 3048 245 38 comédienne
2993 3059 22 23 a
3040 3045 59 36 été
3123 3043 222 37 admirable.

2528 3098 109 37 Cette
2668 3094 188 38 solennité
2914 3105 22 24 a
2967 3091 196 38 d'ailleurs
3194 3089 58 37 été
3308 3086 184 47 parfaite.

2486 3144 96 37 C'est
2610 3144 38 35 la
2676 3141 174 38 dernière
2877 3139 66 42 qui
2970 3150 40 24 se
3038 3149 86 25 sera
3152 3135 136 46 passée
3317 3147 49 24 au
3397 3134 99 37 Con-

2486 3189 201 37 servatoire
2727 3189 52 34 du
2817 3186 197 40 faubourg
3053 3182 270 37 Poissonnière
3363 3183 58 45 et^
3440 3180 53 36 les

2486 3236 113 36 élèves
2639 3247 47 24 en
2725 3234 125 44 grand
2888 3231 158 37 nombre
3085 3228 154 38 avaient
3277 3231 92 33 tenu
3407 3226 23 36 à
3468 3238 26 32 y

2486 3282 182 37 assister.

2528 3329 52 33 Le
2608 3327 94 41 jury
2728 3338 23 24 a
2779 3324 131 37 écouté
2936 3326 87 34 tous
3049 3323 55 36 les
3131 3322 247 35 concurrents
3405 3330 92 25 avec

2486 3373 214 41 sympathie
2728 3375 37 30 et
2793 3370 152 38 intérêt,
2975 3372 37 33 et
3041 3369 29 35 il
3099 3381 22 23 a
3150 3368 58 36 été
3237 3367 117 36 facile
3384 3367 45 34 de
3457 3377 40 24 se

2486 3421 132 36 rendre
2643 3421 151 38 compte
2818 3430 73 28 que
2916 3417 54 35 les
2994 3414 170 37 lauréats
3189 3414 46 36 de
3260 3413 128 42 juillet
3414 3413 82 34 der-

2486 3467 79 36 nier
2602 3464 194 37 n'avaient
2833 3463 84 36 rien
2955 3463 125 43 perdu
3118 3461 65 35 des
3221 3460 127 43 leçons
3386 3458 112 44 qu'ils

2486 3513 148 36 avaient
2660 3520 131 35 reçues
2817 3509 198 43 faubourg
3041 3506 280 39 Poissonnière.

2531 3559 38 36 A
2595 3558 128 36 l'issue
2749 3558 46 35 de
2819 3557 37 34 la
2882 3554 145 43 séance,
3054 3554 96 35 dans
3175 3552 37 36 la
3237 3564 103 31 cour,
3368 3563 49 24 on
3442 3553 57 34 at-

2486 3604 145 38 tendait
2653 3603 245 37 fébrilement
2922 3601 35 35 le
2981 3600 172 35 résultat.

2532 3650 317 41 Heureusement,
2872 3648 39 35 la
2934 3644 253 39 délibération
3209 3644 65 37 fut
3296 3646 142 40 courte,
3463 3645 36 34 et

2487 3699 34 36 le
2544 3709 90 25 nom
2657 3697 47 35 de
2726 3695 94 36 Mlle
2843 3694 162 36 Yvonne
3028 3693 128 35 Ducos
3179 3703 23 24 a
3226 3691 58 36 été
3306 3690 196 37 unanime-

2486 3746 101 34 ment
2617 3741 699 52 acclamé.....

2540 3789 206 42 Signalons
2775 3799 74 31 que
2878 3786 34 36 le
2941 3785 125 44 grand
3096 3782 91 46 prix
3206 3782 145 45 .Osiris,
3380 3782 120 37 fondé

2486 3849 47 25 en
2560 3834 109 45 1907,
2682 3831 78 39 n'a
2787 3831 181 47 jusqu'ici
2995 3843 73 32 que
3095 3831 66 36 des
3187 3829 192 37 titulaires
3405 3829 98 37 fem-

2489 3894 86 25 mes.

2486 4000 66 68 La
2600 3996 216 82 Querelle
2860 3998 84 66 des
2992 3994 258 70 Musiciens
3296 3990 208 86 français

2676 4106 50 68 et
2770 4104 56 68 de
2832 4100 474 92 l'Opéra-Comique

2539 4274 124 38 Nous
2694 4284 139 26 avons
2861 4270 170 50 publié,
3058 4269 109 48 hier,
3199 4281 60 26 un
3290 4267 105 39 écho
3425 4279 79 26 sur

2490 4326 43 39 la
2551 4324 197 50 querelle
2769 4324 78 47 qui
2866 4323 102 38 s'est
2990 4321 145 39 élevée
3156 4323 124 36 entre
3296 4320 44 39 le
3362 4320 141 38 -direc-

2492 4382 95 35 teur
2628 4377 53 39 ,de
2720 4374 417 51 l'Opéra-Comique
3178 4375 40 36 et
3258 4372 64 39 les
3362 4372 143 39 musi-

2492 4442 122 27 ciens
2638 4428 216 51 français.

2542 4483 61 38 M.
2630 4481 193 40 Gustave
2852 4479 306 49 Charpentier,
3185 4477 113 39 dans
3325 4489 84 26 son
3438 4476 69 39 bel

2493 4535 153 39 article
2677 4534 54 38 de
2762 4532 241 39 dimanche,
3035 4531 190 47 dernier,
3257 4530 165 38 traitait
3454 4529 52 38 de

2494 4600 47 26 ce
2583 4581 242 54 différend.
2864 4585 39 37 Il
2944 4583 229 48 suggerait
3214 4582 126 39 l'idée
3380 4581 127 49 ingé-

2496 4640 154 39 nieuse
2691 4638 53 38 de
2784 4647 252 40 provoquer
3076 4646 88 27 une
3207 4633 301 39 consultation

2494 4691 215 51 publique
2733 4700 78 28 sur
2836 4700 48 27 ce
2909 4687 130 44 débat
3063 4687 39 39 si
3125 4685 282 40 intéressant.

2545 4749 124 39 Nous
2699 4755 139 31 avons
2868 4745 105 51 déjà
3000 4756 104 37 reçu
3132 4744 54 38 de
3213 4743 294 39 nombreuses

2496 4803 147 37 lettres
2671 4800 26 38 à
2724 4811 48 27 ce
2799 4798 131 50 sujet.
2956 4797 240 48 Beaucoup
3225 4795 53 39 de
3304 4807 82 28 nos
3414 4806 94 28 cor-

2497 4852 296 49 l,espondai-tls
2816 4851 222 50 s'égarent
3060 4860 77 29 sur
3160 4848 76 38 des
3259 4848 150 50 points
3433 4847 77 50 qui

2499 4906 126 39 n'ont
2650 4905 99 38 rien
2781 4901 254 41 d'essentiel
3069 4901 112 38 dans
3216 4899 43 39 'la
3291 4900 218 50 question.

2546 4970 124 38 Nous
2693 4967 282 50 préciserons
3002 4965 112 38 donc
3137 4963 374 51 prochainement

2497 5023 62 39 les
2598 5021 230 49 questions
2865 5016 276 52 principales
3179 5015 262 51 auxquelles
3478 5015 32 39 il

2497 5075 134 39 serait
2653 5073 40 39 'le
2713 5072 104 51 plus
2838 5072 245 48 important
3105 5069 52 38 de
3181 5068 231 50 répondre.

3536 436 140 82 Un
3736 434 278 108 Projet
4076 436 96 82 de
4232 434 116 82 loi

3838 556 276 78 contre
4182 550 78 82 le
4328 548 218 84 Duel

3537 711 157 44 L'abbé
3728 712 163 43 Lemire
3932 712 239 43 condamne
4214 710 38 42 le
4296 709 110 47 duel,
4447 708 98 52 qu'il

3592 775 192 43 voudrait
3812 775 233 52 remplacer
4074 790 76 37 par
4183 773 242 51 l'arbitrage,
4448 784 39 31 et

3651 850 143 31 contre
3817 839 137 51 lequel
3992 839 26 41 il
4052 853 180 36 propose
4264 852 84 27 une
4373 836 58 42 lé-

3841 902 186 53 gislation
4053 900 192 52 spéciale.

3585 1013 169 44 Lorsque
3813 1013 200 36 Treilhard
4070 1011 184 37 déclarait
4320 1022 8 23 :
4393 1022 21 22 «
4442 1009 106 36 Nous

3537 1060 157 35 n'avons
3723 1072 71 31 pas
3819 1060 116 36 voulu
3961 1059 102 37 faire
4089 1070 49 24 au
4164 1058 87 35 duel
4278 1057 199 35 l'honneur
4503 1056 46 35 de

3537 1107 32 35 le
3597 1118 168 23 nommer
3791 1107 95 35 dans
3912 1106 34 36 le
3974 1105 102 36 Code
4105 1117 34 25 »,
4165 1103 28 36 il
4220 1102 222 46 présumait
4458 1105 88 40 trop

3537 1153 46 35 de
3605 1153 37 35 la
3664 1163 151 33 sagesse
3837 1151 189 43 humaine,
4049 1150 59 36 s'il
4132 1151 37 34 la
4192 1148 147 45 croyait
4361 1147 189 37 vraiment

3537 1199 159 42 capable
3720 1198 117 36 d'être
3859 1197 163 37 sensible
4044 1196 23 36 à
4090 1208 40 23 ce
4153 1195 150 36 dédain.

3587 1243 140 39 Ignoré
3754 1244 46 35 de
3827 1244 37 35 la
3892 1244 62 38 loi,
3982 1243 34 35 le
4043 1242 87 36 duel
4157 1241 86 36 n'en
4271 1239 190 46 continue
4477 1250 72 32 pas

3536 1290 122 36 moins
3680 1289 22 36 à
3724 1290 111 39 sévir,
3857 1292 84 33 tout
3963 1300 142 25 comme
4127 1300 49 23 au
4197 1290 126 40 temps
4344 1286 50 36 où
4415 1284 135 37 Riche-

3537 1336 76 36 lieu
3634 1336 37 37 le.
3688 1336 231 42 proscrivait
3941 1336 96 35 dans
4058 1345 59 24 ses
4139 1333 108 37 édits.
4276 1345 20 21 «
4321 1331 173 44 Quoique
4517 1331 33 36 le

3539 1382 75 36 fait
3645 1383 51 35 du
3726 1382 86 35 duel
3842 1382 121 36 blesse
3994 1379 298 44 profondément
4323 1379 37 35 la
4389 1377 162 43 religion

3537 1431 35 33 et
3594 1429 36 35 la
3652 1428 143 35 morale
3816 1429 36 33 et
3873 1431 112 40 porte
4005 1438 74 25 une
4100 1436 117 33 grave
4239 1424 159 35 atteinte
4418 1423 23 35 à
4464 1422 86 36 l'or-

3539 1475 66 33 dre
3626 1473 143 43 public,
3792 1473 148 36 déclare
3960 1485 51 24 un
4033 1471 104 37 arrêt
4158 1471 45 35 de
4224 1471 37 35 la
4283 1470 103 35 Cour
4407 1470 45 34 de
4472 1480 81 24 cas-

3538 1521 137 40 sation,
3695 1520 28 35 il
3742 1519 269 42 n'est'qualiné
4031 1518 115 36 crime
4166 1528 73 33 par
4259 1527 146 24 aucune
4425 1515 128 43 dispo-

3538 1566 116 36 sition
3694 1567 66 34 des
3799 1565 72 35 lois
3910 1565 156 43 pénales
4107 1562 264 38 actuellement
4412 1572 45 24 en
4497 1560 56 36 vi-

3539 1625 132 31 gueur.
3702 1625 20 21 »
3755 1611 101 36 C'est
3884 1623 74 23 une
3987 1611 134 35 lacune
4149 1621 72 31 que
4248 1607 54 36 M.
4333 1606 123 37 l'abbé
4484 1606 70 36 Le-

3539 1659 94 35 mire
3658 1670 39 23 se
3721 1669 168 32 propose
3915 1657 46 35 de
3985 1656 175 36 combler.
4177 1701 7 5 _

3589 1704 253 42 Distinguant
3864 1705 107 33 entre
3991 1703 34 35 le
4046 1702 86 35 duel
4154 1700 88 36 civil
4264 1702 36 34 et
4320 1699 35 36 le
4378 1699 86 35 duel
4485 1698 69 35 mi-

3540 1750 139 41 litaire,
3698 1749 67 41 qui
3785 1748 96 37 n'est
3902 1748 116 41 qu'un
4039 1748 94 35 abus
4154 1748 46 35 de
4219 1745 164 43 pouvoir
4404 1747 37 33 et
4462 1745 92 35 dont

3539 1798 28 33 il
3597 1797 151 41 dépend
3778 1796 53 35 du
3858 1794 174 35 ministre
4061 1794 45 35 de
4135 1794 39 35 la
4204 1793 145 36 Guerre
4378 1791 46 35 de
4453 1790 102 35 faire

3541 1855 122 24 cesser
3692 1843 37 35 la
3757 1843 186 39 coutume,
3972 1840 28 35 il
4028 1841 171 34 constate
4228 1850 72 30 que
4329 1838 36 35 la
4394 1837 160 44 plupart

3542 1891 66 34 dès
3644 1889 219 35 rencontres
3900 1898 45 24 en
3983 1886 137 42 champ
4158 1885 88 42 clos,
4284 1882 212 38 annoncées
4532 1881 23 35 à

3542 1935 123 39 grand
3687 1933 131 36 fracas
3840 1933 96 35 dans
3957 1943 52 24 un
4030 1931 69 35 but
4121 1931 46 36 de
4189 1930 171 39 réclame,
4382 1932 87 32 sont
4480 1928 76 47 des

3542 1982 107 35 duels
3673 1981 45 35 de
3743 1977 157 44 parade,
3925 1978 93 35 dont
4043 1977 33 35 le
4100 1976 165 41 premier
4289 1974 267 37 inconvénient

3542 2030 54 34 est
3626 2025 267 42 d'acclimater,
3921 2024 46 35 de
3993 2025 136 34 mettre
4155 2022 23 35 à
4204 2022 38 35 la
4268 2022 109 35 mode
4403 2021 35 35 le
4464 2020 93 35 don-

3543 2072 266 45 quichottisme
3834 2071 45 36 de
3901 2070 39 36 la
3962 2070 190 35 bravoure
4177 2071 36 33 et
4237 2066 245 47 l'hypocrisie
4505 2066 53 36 du

3543 2130 174 33 courage.

3592 2165 114 44 Déjà,
3726 2164 135 43 Harry
3879 2161 85 37 Alis
3985 2161 103 37 avait
4108 2160 93 36 écrit
4220 2159 23 36 à
4263 2171 40 24 ce
4322 2170 146 33 propos
4496 2170 9 24 :

3584 2227 41 26 Le
3654 2225 78 28 duel
3758 2226 52 26 est
3837 2223 211 28 assurément
4074 2221 31 28 le
4132 2221 118 31 dogme
4278 2221 30 26 le
4334 2221 78 31 plus
4440 2221 114 25 incon-

3546 2261 86 27 testé
3660 2260 40 27 de
3727 2260 33 27 la
3786 2258 125 27 morale
3941 2258 58 26 des
4027 2256 214 28 boulevards.
4270 2255 27 26 Il
4325 2261 17 21 a
4369 2256 112 25 toutes
4509 2254 50 27 les

3544 2298 115 24 vertus
3714 2295 23 26 il
3764 2294 119 31 répare
3910 2293 208 26 notamment
4145 2291 49 26 les
4219 2291 118 25 vertus
4364 2289 191 27 endomma-

3549 2331 88 29 gées.
3667 2330 116 30 Quand
3810 2334 46 21 un
3883 2327 137 27 habitué
4049 2327 40 26 de
4118 2326 104 28 tripot
4250 2331 18 21 a
4295 2331 43 20 eu
4367 2330 64 21 une
4461 2330 97 20 aven-

3545 2368 74 23 ture
3642 2365 171 28 fâcheuse,
3835 2363 112 31 quand
3968 2368 44 21 un
4033 2361 200 31 journaliste
4255 2362 51 24 est
4326 2360 19 26 à
4366 2359 82 26 bout
4469 2359 87 27 d'ar-

3547 2402 167 27 guments,
3733 2398 111 29 quand
3863 2403 44 21 un
3927 2397 129 27 homme
4076 2395 163 32 politique
4258 2396 52 25 est
4330 2393 122 28 accusé
4472 2393 85 26 d'es-

3546 2434 186 30 croquerie,
3764 2434 24 25 il
3818 2438 35 21 se
3882 2432 140 27 ménage
4053 2436 64 21 une
4149 2430 200 29 rencontre,
4367 2433 41 21 va
4438 2433 58 21 sur
4527 2428 30 26 le

3546 2470 125 26 terrain
3695 2471 32 23 et
3750 2473 36 21 se
3810 2468 61 26 fait
3894 2466 120 31 piquer
4037 2465 31 27 le
4091 2465 78 26 bras
4198 2473 6 18 :
4230 2463 178 27 l'honneur
4430 2464 52 25 est
4506 2467 48 22 sa-

3548 2505 116 26 tisfait.
3696 2504 40 26 Ce
3765 2502 82 30 qu'il
3875 2507 22 24 y
3926 2507 16 20 a
3972 2501 39 26 de
4040 2500 155 32 plaisant,
4227 2498 83 27 c'est
4338 2503 62 27 que
4431 2496 58 27 nul
4518 2502 40 22 ne

3550 2541 149 25 conteste
3730 2536 230 28 l'inefficacité
3990 2536 40 26 de
4061 2536 85 25 cette
4179 2535 156 25 coutume
4367 2531 195 31 admirable,

3549 2574 59 27 nul
3641 2573 160 27 n'oserait
3834 2571 83 26 faire
3970 2575 126 27 preuve
4142 2568 79 27 d'un
4267 2566 169 29 caractère
4469 2571 94 21 assez

3551 2609 104 26 ferme
3679 2613 87 23 pour
3790 2606 160 27 décliner,
3975 2605 31 26 le
4031 2609 56 22 cas
4110 2602 150 31 échéant,
4286 2607 55 21 ces
4366 2602 197 26 rencontres

3550 2643 173 29 ridicules,
3756 2647 55 21 ces
3843 2640 97 27 duels
3971 2644 77 22 sans
4078 2638 118 27 raison,
4196 2638 60 27 et
4286 2641 77 22 sans
4394 2635 127 31 danger
4555 2642 8 20 :

3551 2678 82 27 c'est
3658 2678 29 27 si
3710 2682 67 27 peu
3803 2674 39 29 de
3869 2675 100 27 chose
3993 2671 123 36 qu'urie
4141 2671 255 32 égratignure'!

3595 2732 65 39 Et,
3697 2730 114 41 après
3848 2729 176 36 Armand
4062 2727 134 37 Carrel
4230 2725 66 37 tué
4332 2725 24 36 à
4391 2725 37 35 la
4465 2724 97 36 fleur

3547 2780 46 35 de
3633 2778 97 39 l'âge
3770 2780 36 33 et
3846 2788 47 24 en
3932 2774 106 42 plein
4077 2773 122 36 talent
4238 2783 73 33 par
4352 2770 124 37 Emile
4517 2771 46 35 de

3550 2824 194 41 Girardin,
3783 2823 164 35 l'auteur
3985 2821 45 35 de
4069 2831 59 25 ces
4166 2818 134 42 lignes,
4321 2846 7 5 -
4338 2817 165 43 victime,
4540 2816 24 36 à

3548 2883 70 24 son
3652 2874 100 39 tour,
3789 2870 51 35 du
3875 2867 166 44 préjugé
4077 2865 92 45 qu'il
4205 2863 202 45 dénonçait
4444 2864 47 36 de
4526 2863 38 36 la

3549 2921 113 40 sorte,
3690 2917 154 35 mourut
3873 2926 66 24 sur
3967 2914 34 35 le
4029 2912 157 37 terrain.

3600 2964 199 36 Comment
3836 2960 187 37 remédier
4061 2958 23 37 à
4121 2957 286 45 l'impuissance
4443 2957 47 35 de
4527 2956 38 35 la

3550 3010 52 36 loi
3643 3009 18 36 ?
3696 3008 54 36 M.
3785 3006 150 37 Lemire
3969 3016 169 34 propose
4173 3003 147 38 d'avoir
4352 3014 155 26 recours
4542 3001 24 37 à

3550 3056 234 43 l'arbitrage.

3592 3118 88 27 Dans
3697 3115 178 28 "certaines
3903 3113 243 33 corporations,
4176 3111 102 32 dit-il,
4308 3108 140 36 tomme
4464 3110 102 28 celles

3553 3153 59 27 des
3645 3153 145 27 avocats,
3824 3150 59 27 des
3917 3149 158 31 notaires,
4110 3148 60 26 des
4201 3147 111 31 juges,
4347 3146 24 26 il
4403 3151 22 26 y
4456 3151 19 21 a
4507 3146 58 26 des

3554 3187 175 27 chambres
3754 3186 38 26 de
3817 3185 189 30 discipline,
4029 3184 59 26 des
4112 3182 150 27 Conseils
4285 3182 41 26 de
4348 3180 140 31 l'Ordre,
4511 3180 57 33 qui

3552 3223 210 28 prononcent
3785 3222 114 25 contre
3921 3220 50 26 les
3993 3218 168 27 membres
4184 3217 39 26 de
4246 3216 32 27 la
4301 3215 214 32 corporation
4538 3214 31 27 la

3557 3263 153 22 censure,
3735 3256 31 26 la
3789 3254 212 29 réprimande
4024 3259 44 21 ou
4090 3253 32 26 la
4145 3251 203 32 suspension
4369 3250 201 32 provisoire.

3554 3293 41 26 Ce
3626 3293 76 25 sont
3731 3291 59 26 des
3820 3292 110 24 traces
3960 3289 40 26 de
4031 3287 185 27 l'ancienne
4249 3284 168 32 coutume,
4417 3284 151 32 d'après

3554 3326 143 29 laquelle
3726 3331 42 21 on
3796 3325 81 26 était
3904 3323 81 32 jugé
4012 3328 62 26 par
4103 3327 54 21 ses
4186 3320 103 32 pairs.
4320 3320 170 32 Pourquoi
4518 3319 50 26 les

3555 3367 81 23 gens
3660 3362 39 26 de
3723 3360 128 30 lettres,
3876 3359 49 26 les
3950 3358 145 30 artistes,
4120 3356 50 27 les
4193 3354 220 33 journalistes
4438 3354 128 28 n'exer-

3556 3395 210 30 ceraient-ils
3803 3394 95 32 point
3936 3394 94 25 entre
4068 3397 66 21 eux
4170 3391 40 26 le;
4239 3390 90 26 droit
4366 3389 134 27 naturel
4537 3390 33 25 et

3558 3431 105 28 social
3684 3431 100 26 d'une
3804 3428 178 31 discipline
4004 3426 211 32 corporative
4241 3426 14 25 ?

3595 3465 168 30 Pourquoi
3795 3470 42 20 ne
3864 3461 258 32 jugeraient-ils
4149 3460 97 32 point
4272 3459 94 27 leurs
4396 3458 176 28 confrères

3560 3507 41 22 au
3620 3501 95 31 point
3737 3500 39 26 de
3798 3504 63 21 vue
3883 3498 40 27 de
3944 3497 179 26 l'honneur
4142 3494 252 33 professionnel
4421 3495 13 26 ?

3607 3556 52 36 Ce
3693 3554 67 41 qui
3793 3550 297 44 n'empêcherait
4151 3561 72 33 pas
4282 3549 39 36 la
4384 3548 189 37 Chambre

3557 3602 202 39 d'adopter
3797 3600 35 36 le
3871 3598 132 41 projet
4043 3598 46 35 de
4128 3595 52 37 loi
4219 3607 73 29 que
4330 3594 57 37 lui
4425 3597 147 34 soumet

3556 3649 54 36 M.
3634 3647 160 41 Lemire,
3820 3648 37 34 et
3880 3657 77 24 aux
3981 3647 139 33 termes
4143 3642 140 43 duquel
4314 3654 20 22 «
4361 3640 212 45 quiconque

3557 3708 40 24 se
3626 3707 85 24 sera
3739 3694 113 36 battu
3880 3703 46 25 en
3955 3690 88 37 duel
4071 3700 85 26 sera
4186 3687 98 46 puni
4313 3687 91 37 d'un
4433 3687 141 44 empri-

3557 3742 224 36 sonnement
3803 3739 91 36 d'un
3915 3737 96 36 mois
4032 3736 23 36 à
4077 3747 53 25 un
4151 3747 50 23 an
4223 3737 36 34 et
4281 3734 113 36 d'une
4416 3734 158 36 amende

3559 3789 46 35 de
3631 3789 84 35 cent
3741 3786 23 36 à
3787 3785 104 36 mille
3915 3783 134 37 francs
4084 3793 9 31 ;
4120 3780 98 37 celui
4243 3780 66 45 qui
4334 3792 109 34 aura^
4454 3780 120 36 blessé

3558 3847 70 24 son
3657 3830 219 39 adversaire
3905 3842 47 24 en
3980 3828 99 44 duel,
4108 3828 46 36 de
4182 3827 96 36 trois
4306 3826 95 37 mois
4429 3826 23 36 à
4480 3825 95 38 trois

3559 3893 69 21 ans
3654 3880 47 33 de
3727 3878 134 42 prison
3887 3879 37 34 et
3949 3875 114 37 d'une
4087 3874 160 36 amende
4273 3873 46 36 de
4345 3873 99 36 deux
4469 3875 106 34 cents

3560 3927 23 36 à
3610 3928 100 35 deux
3736 3924 103 37 mille
3866 3923 134 36 francs
4036 3932 9 33 ;
4076 3920 97 37 celui
4200 3919 66 46 qui
4294 3931 94 26 aura
4417 3919 63 36 tué
4506 3931 69 24 son

3560 3972 220 38 adversaire
3803 3983 46 24 en
3874 3969 98 42 duel,
3997 3968 91 36 d'un
4113 3966 349 45 emprisonnement
4486 3966 90 36 d'un

3562 4034 49 23 an
3636 4020 23 36 à
3683 4019 85 44 cinq
3795 4029 74 24 ans
3889 4018 36 34 et
3949 4015 113 37 d'une
4085 4014 159 37 amende
4268 4014 46 36 de
4337 4012 103 38 mille
4463 4012 23 37 à
4511 4012 65 37 dix

3562 4067 102 37 mille
3686 4066 134 35 francs
3845 4076 34 23 ».

3567 4167 118 62 La
3703 4159 544 77 Télégraphie
4267 4177 203 44 sans
4489 4158 90 62 fil

3752 4267 113 57 en
3906 4253 481 76 Aéroplane

3566 4381 196 45 Maurice
3782 4378 182 45 Farman
3985 4378 144 43 réussit
4141 4392 63 27 ses
4224 4376 202 52 premiers
4445 4376 134 42 essais.

3616 4475 276 38 VERSAILLES,
3925 4472 46 34 19
4000 4469 216 37 décembre
4244 4468 207 45 (Dépêche
4477 4476 101 37 par-

3566 4521 191 36 ticulière
3776 4519 37 36 d'
3839 4532 18 18 «
3877 4516 292 42 Excelsior'iy).
4188 4537 54 6 —
4258 4515 35 35 A
4311 4514 270 36 l'aérodrome

3568 4568 48 34 de
3655 4567 97 40 Bue,
3795 4564 183 36 Maurice
4017 4564 181 34 Farman
4238 4571 22 26 a
4300 4560 178 37 terminé
4517 4569 64 27 ses

3565 4612 204 42 premiers
3800 4611 128 36 essais
3958 4610 49 36 de
4035 4608 259 41 télégraphie
4322 4616 94 27 sans
4447 4607 41 35 fil
4541 4606 42 36 et

3567 4658 157 42 envoyé
3749 4657 72 36 des
3846 4656 202 42 dépêches
4076 4655 54 36 du
4156 4654 101 36 bord
4284 4653 50 37 de
4358 4662 75 27 son
4459 4653 120 36 aéro-

3567 4704 122 44 plane
3708 4704 23 36 à
3749 4713 82 26 une
3849 4702 186 37 distance
4053 4701 50 36 de
4124 4702 46 34 10
4188 4699 252 41 kilomètres,
4460 4699 122 37 c'est-

3567 4751 143 37 à-dire
3734 4749 117 37 entre
3875 4748 165 37 Voisins
4066 4747 41 37 et
4130 4747 198 45 Trappes.

3621 4796 152 36 Notons
3804 4805 80 35 que
3913 4804 65 26 ces
4009 4794 128 36 essais
4167 4793 94 36 sont
4291 4793 56 36 les
4378 4792 203 44 premiers

3568 4843 50 37 de
3650 4852 45 27 ce
3727 4851 125 35 genre
3884 4841 72 44 qui
3988 4839 94 38 sont
4114 4839 100 36 faits
4248 4840 50 41 et,
4333 4839 93 36 d'ici
4461 4839 120 45 quel-

3569 4898 100 34 ques
3703 4889 129 42 jours,
3869 4897 52 26 on
3954 4886 102 43 peut
4089 4885 88 37 être
4210 4885 161 37 certain
4404 4885 50 36 de
4488 4895 93 26 cor-

3569 4934 226 45 respondre
3819 4934 22 35 à
3865 4934 92 44 plus
3983 4933 49 36 de
4060 4934 71 34 100
4155 4932 239 38 kilomètres
4419 4931 50 36 de
4493 4931 88 36 dis-

3570 4982 130 35 tance.
3738 4981 32 34 Il
3807 4980 62 36 est
3906 4979 252 36 intéressant
4191 4978 50 36 de
4276 4978 108 36 faire
4420 4987 144 26 remar-

3571 5036 105 36 quer
3724 5025 286 47 l'importance
4057 5034 80 37 que
4185 5033 65 27 ces
4299 5024 285 37 communica-

3572 5076 109 34 tions
3709 5073 150 36 auront
3886 5082 53 26 au
3964 5072 119 46 point
4110 5072 49 36 de
4185 5081 81 26 vue
4293 5071 213 36 militaire.

2508 5222 190 108 Le
2774 5214 586 142 Lyceum
3432 5208 332 118 Club
3842 5208 158 114 de
4084 5212 502 110 France

2937 5426 143 42 UNE
3135 5423 421 43 BRILLANTE
3610 5420 559 45 INAUGURATION

2551 5563 51 37 Le
2637 5561 57 35 bel
2730 5560 99 35 hôtel
2865 5559 45 34 de
2945 5559 36 34 la
3016 5569 65 23 rue
3117 5557 45 34 de
3199 5556 230 39 Penthièvre,
3467 5555 47 35 où

2503 5609 171 35 viennent
2698 5607 45 34 de
2768 5606 194 34 s'installer
2987 5605 52 34 les
3065 5604 180 34 membres
3271 5602 49 34 du
3347 5603 168 40 Lyceum,

2502 5655 144 35 ouvrait
2671 5654 79 34 hier
2777 5665 56 22 ses
2859 5657 123 37 portes
3009 5662 45 23 au
3081 5648 225 36 Tout-Paris
3331 5659 93 31 pour
3450 5658 66 23 son

2504 5700 258 41 inauguration
2788 5698 184 36 officielle.
3001 5696 136 35 Parmi,
3151 5707 93 22 ceux
3269 5695 61 40 qui
3355 5706 38 22 se
3416 5705 101 30 pres-

2504 5749 115 35 saient
2647 5748 22 34 à
2696 5751 94 30 cette
2820 5744 178 36 solennité
3027 5742 191 42 artistique
3247 5747 35 28 et
3310 5740 206 40 mondaine,

2505 5799 168 31 reconnu'
2689 5805 7 23 :

2555 5863 285 34 L'ambassadeur
2863 5860 42 31 de
2929 5859 167 37 Turquie,,
3117 5858 33 30 le
3173 5857 158 31 ministre
3355 5855 42 31 de
3421 5855 99 31 l'Ins-

2508 5906 150 31 truction
2680 5904 160 38 publique
2862 5907 33 26 et
2918 5901 92 30 Mme
3034 5897 295 36 Maurice-Faure,
3352 5900 168 27 comtesse

2508 5948 43 29 de
2579 5945 141 32 Gardes,
2749 5944 175 35 princesse
2952 5941 42 31 de
3023 5941 176 35 Mesagne,
3228 5943 111 26 comte
3369 5942 33 25 et:
3430 5946 87 21 com-

2508 5993 92 22 tesse
2630 5986 42 30 de
2705 5980 200 37 Lostanges;
2937 5987 168 25 comtesse
3136 5985 32 25 et
3201 5979 83 30 Mlle
3316 5978 43 30 de
3390 5978 131 36 Lappa-

2512 6033 84 27 rent,
2620 6027 105 30 Mme
2735 6023 197 34 d'Arboval,
2957 6023 46 29 M.
3028 6019 346 35 Saint-Chamarand,
3399 6018 46 30 M.
3470 6016 52 33 Si-

2512 6069 106 32 rieyx,
2651 6067 93 30 Mme
2779 6064 336 30 Baron-Larcanger,
3147 6060 47 30 M.
3226 6060 41 29 A.
3299 6059 43 31 de
3374 6059 148 34 Ginoux,

2514 6109 91 29 Mme
2636 6108 36 31 L.
2705 6105 135 35 Freyss;
2898 6104 83 30 Mlle
3014 6101 148 35 Sabatié,
3218 6101 94 30 Mme
3344 6100 178 34 Montagu,

2512 6149 94 30 Mme
2655 6148 45 30 'A.
2757 6147 172 33 Lecolllte,
2959 6153 11 5 "
2985 6144 83 29 Mlle
3101 6141 111 31 Marie
3244 6141 42 30 de
3322 6139 200 34 Bouteville,

2515 6190 91 28 Mme
2634 6187 181 34 Duhamel,
2843 6187 155 29 baronne
3028 6183 59 31 Ch.
3118 6183 136 34 Mozan,
3284 6186 168 26 comtesse
3481 6179 43 30 de

2513 6230 107 35 Frics,
2653 6230 46 29 M.
2735 6229 140 34 Berinet,
2908 6226 47 31 M.
2987 6224 35 32 C.
3055 6222 252 38 Cunningham,
3340 6222 94 31 Mme
3464 6220 60 31 Al-

3578 5554 130 36 phonse
3739 5553 147 36 Daudet,
3919 5553 84 31 Mlle
4032 5552 43 32 de
4107 5552 173 36 Beaulieu,
4313 5551 46 31 M.
4392 5550 42 33 de
4467 5551 119 38 Bussy,

3578 5596 92 30 Mme
3697 5594 43 32 de
3768 5594 156 37 Closade,
3952 5600 73 31 etc.,
4055 5598 63 27 etc.

3626 5652 98 36 Tout
3752 5653 249 43 l'après-midi,
4031 5665 39 23 ce
4099 5652 59 35 fut
4185 5664 50 22 un
4261 5652 145 42 élégant
4433 5650 105 35 défilé
4566 5650 22 34 à

3574 5706 142 29 travers
3746 5701 52 34 les
3828 5701 107 33 salles
3965 5700 59 38 de.
4037 5699 185 42 réception
4251 5698 60 42 qui
4340 5701 156 31 ouvrent
4525 5707 62 23 sur

3573 5747 33 34 le
3631 5747 123 41 jardin
3777 5746 166 43 parsemé
3968 5746 44 34 de
4035 5745 112 35 vieux
4170 5745 148 40 arbres,,
4331 5744 32 34 le
4388 5743 73 34 hall
4484 5747 103 29 vaste

3575 5800 34 28 et
3638 5794 99 40 clair,
3769 5798 35 30 et
3833 5793 51 34 les
3917 5797 269 37 appartements
4217 5790 49 35 du
4295 5789 158 43 premier
4483 5789 105 40 étage

3575 5840 89 34 dont
3702 5841 68 33 les'
3791 5839 188 35 moindres
4019 5838 129 34 détails
4185 5857 45 6 —
4267 5840 123 38 portes
4430 5834 157 40 d'ébène,

3573 5888 134 33 émaux
3742 5886 230 40 champlevés
4007 5896 47 22 ou
4086 5882 175 42 plafonds
4295 5882 21 34 à
4348 5882 163 33 caissons
4544 5899 45 6 ',,-

3575 5939 180 34 prouvent
3790 5933 32 33 le
3855 5933 71 33 bon
3961 5932 89 39 goût
4084 5930 44 34 de
4155 5928 159 35 l'ancien
4347 5925 241 44 propriétaire

3575 5985 34 30 et
3634 5992 40 21 sa
3697 5978 238 43 prédilection
3960 5988 93 31 pour
4076 5976 35 34 la
4135 5974 246 35 Renaissance
4406 5971 182 35 italienne.

3631 6026 88 33 Puis
3758 6026 52 33 les
3849 6024 131 35 invités
4021 6034 37 23 se
4098 6020 203 39 retirèrent,
4341 6018 105 43 après
4485 6017 105 35 avoir

3578 6072 138 35 admiré
3743 6084 41 21 ce
3810 6071 109 34 cadre
3946 6068 125 40 choisi,
4098 6067 61 42 qui
4185 6065 170 35 convient
4382 6064 30 35 si.
4441 6064 148 34 favora-

3577 6120 159 31 blement
3763 6126 89 25 'aux'
3879 6110 237 46 expositions,
4152 6123 73 23 aux
4259 6110 185 35 auditions
4478 6108 111 35 musi-

3600 6167 73 32 iles
3703 6170 35 28 et
3768 6164 20 33 à
3818 6169 121 28 toutes
3968 6162 52 33 les
4051 6157 297 36 manifestations
4380 6155 210 41 artistiques

3578 6223 78 31 que,
3686 6221 156 33 presque
3871 6209 138 41 chaque
4039 6206 96 42 jour,
4166 6204 164 34 donnera
4358 6202 34 35 le
4421 6201 169 43 Lyceum.

3030 8079 100 35 Parc
3160 8081 37 31 et
3227 8075 124 35 Hôtel
3381 8073 50 35 du
3461 8072 187 42 Lyceum,
3669 8079 68 25 rue
3759 8067 47 36 de
3828 8065 233 37 Penthièvre

4602 430 198 96 Les
4850 434 572 100 Aventures

4742 578 120 94 de
4916 580 678 118 l'"Angelus"

4602 762 40 44 Il
4663 763 180 45 semble
4861 764 125 52 bien,
4999 767 184 52 d'après
5197 769 67 45 les
5288 774 249 47 souvenirs
5550 775 59 44 de

4660 827 67 43 M.
4743 828 364 53 Durand-Ruel,
5122 846 95 39 que
5231 833 44 44 le
5289 835 188 45 tableau
5493 837 60 45 de

4718 890 45 45 la
4788 892 257 45 collection
5065 894 287 48 Chauchard
5378 900 118 44 n'est

4826 955 108 53 plus
4964 957 126 45 celui
5121 959 61 44 de
5214 960 175 48 Millet.

4652 1067 52 36 Le
4733 1068 144 38 célèbre
4905 1071 259 43 propriétaire
5192 1073 47 36 de
5266 1069 38 40 là
5332 1074 143 41 galerie
5502 1076 47 36 de
5576 1077 38 35 la

4603 1125 68 24 rue
4695 1114 158 37 Laffitte
4875 1128 23 23 a
4921 1117 188 37 autrefois
5133 1118 159 40 possédé
5317 1121 208 39 l'Angelus.
5550 1122 65 33 In-

4606 1159 138 36 téressé
4768 1172 72 32 par
4862 1162 36 35 la
4920 1163 186 41 question,
5130 1164 26 35 il
5179 1176 22 24 a
5224 1165 70 37 mis
5317 1177 58 25 ses
5397 1168 218 37 catalogues

4604 1204 24 37 à
4645 1208 109 34 notre
4771 1206 228 45 disposition
5018 1211 48 42 et,
5086 1209 113 44 après
5217 1211 53 35 les
5287 1211 108 36 avoir
5412 1212 202 41 feuilletés,

4616 1252 206 36 insultant
4861 1253 102 36 aussi
5001 1266 59 25 ses
5097 1256 209 43 souvenirs,
5343 1257 55 38 M.
5437 1258 179 37 Durand-

4607 1298 95 35 Ruel
4722 1298 60 36 fils
4803 1310 96 25 nous
4921 1312 22 23 a
4964 1299 57 37 dit
5052 1312 9 24 :

4653 1374 49 6 —
4730 1355 231 38 Commandé
4986 1369 72 31 par
5080 1370 53 24 un
5156 1357 220 39 Américain
5399 1360 67 43 qui
5490 1362 137 36 devait.

4606 1413 45 23 en
4681 1402 166 43 prendre
4875 1402 181 38 livraison
5086 1416 99 32 pour
5213 1405 107 36 1.500
5349 1406 144 42 francs,
5523 1408 104 36 mais,

4607 1447 65 43 qui
4694 1459 46 24 ne
4763 1447 58 47 Pa_
4835 1460 72 32 pas
4928 1449 88 43 fait,
5039 1450 34 35 le
5095 1450 153 37 tableau
5270 1451 46 36 de
5339 1453 211 39 l'Angelus,
5573 1455 46 35 de

4609 1493 134 41 Millet,
4763 1506 23 23 a
4803 1494 59 36 été
4880 1494 129 36 acheté
5028 1495 33 37 à
5061 1495 132 37 Millet
5212 1508 73 29 par
5304 1497 34 37 le
5354 1497 121 37 baron
5496 1500 125 40 Pape-

4608 1540 71 43 leu,
4705 1539 150 44 peintre
4880 1543 172 33 amateur
5075 1541 119 45 belge,
5219 1554 100 31 pour
5342 1543 108 37 1.000
5475 1545 143 36 francs.

4612 1586 31 34 Il
4676 1585 68 36 fut'
4773 1586 147 36 ensuite
4952 1588 137 43 vendu,
5124 1598 73 33 par
5230 1588 311 39 l'intermédiaire
5575 1593 46 35 de

4610 1631 155 45 Cadart,
4784 1633 23 35 à
4827 1632 171 36 Stevens.
5019 1633 52 36 Ce
5088 1633 151 36 dernier
5258 1635 34 35 le
5309 1635 90 36 céda
5418 1635 24 36 à
5460 1635 53 37 M.
5532 1637 89 36 Van

4612 1678 130 43 Praat,
4761 1690 101 31 pour
4882 1679 109 35 3.000
5011 1678 144 38 francs.
5179 1679 50 35 M-
5253 1680 86 36 Van
5363 1681 119 36 Praat
5504 1687 121 38 ayant

4610 1724 129 35 acheté
4762 1724 23 35 à
4809 1725 122 43 Tesse,
4954 1725 207 36 marchand
5186 1726 45 36 de
5254 1726 191 43 tableaux,
5470 1729 37 35 la
5529 1730 94 34 Ber-

4609 1770 101 43 gère,
4741 1770 46 35 de
4819 1770 135 44 Millet,
4985 1782 100 32 pour
5116 1771 108 35 6.000
5256 1771 145 44 francs,
5432 1773 55 36 lui
5518 1786 104 30 paya

4611 1816 108 35 3.000
4753 1815 134 37 francs
4920 1819 37 33 et
4990 1816 55 36 lui
5080 1816 133 37 recéda
5248 1818 209 44 l'Angelus,
5492 1820 132 36 estimé

4609 1861 103 36 aussi
4734 1862 109 36 3.000
4865 1862 143 36 francs.
5034 1862 111 37 Tesse
5167 1874 157 32 repassa
5346 1864 147 37 ensuite
5516 1866 118 41 l'An-.

4612 1908 105 43 gelus
4742 1907 23 36 à
4791 1907 131 45 Gavet,
4948 1920 99 32 pour
5071 1909 110 36 2.500
5205 1908 144 37 francs.
5375 1909 106 38 Nous
5507 1923 117 25 avons

4612 1952 130 45 acquis
4782 1954 33 36 le
4854 1955 153 36 tableau
5047 1955 87 37 chez
5176 1954 133 44 Gavet,
5351 1967 99 31 pour
5490 1957 133 36 30.000

4613 1999 143 44 francs,
4781 2011 46 24 en
4852 2000 107 43 1872,
4983 2003 36 33 et
5044 2001 145 36 l'avons
5213 2000 206 45 rétrocédé,
5444 2014 46 25 en
5516 2003 108 43 1874,

4612 2045 23 36 à
4659 2045 53 36 M.
4737 2046 103 35 John
4864 2046 61 36 W.
4951 2047 161 42 Wilson,
5138 2058 99 34 pour
5261 2047 133 36 38.000
5419 2047 144 38 francs.
5588 2050 38 35 A

4613 2094 96 37 cette
4739 2091 158 46 époque,
4926 2091 27 37 il
4984 2093 92 43 prit,
5105 2105 100 32 pour
5234 2093 53 36 les
5318 2097 204 40 amateurs,
5552 2107 73 25 une

4612 2137 144 44 qualité
4783 2138 314 37 extraordinaire.
5127 2138 60 37 On
5214 2139 40 36 le.
5277 2139 153 36 déclara
5458 2140 34 36 le
5519 2141 106 36 chef-

4615 2184 165 36 d'œuvre
4821 2184 52 36 du
4913 2184 136 36 maître
5089 2185 46 37 de
5177 2184 178 43 Gréville,
5397 2187 37 35 et
5475 2186 162 44 lorsque

4616 2229 52 36 M.
4707 2230 149 36 Wilson
4894 2229 79 37 s'en
5010 2229 151 45 sépara,
5199 2243 46 24 en
5283 2231 108 44 1881,
5430 2232 197 44 l'Angelus

4616 2279 142 33 connut
4782 2276 185 36 l'enchère
4992 2277 46 36 de
5063 2277 157 36 160.000
5246 2277 145 36 francs.
5415 2277 56 38 M.
5500 2278 130 38 Secré-

4617 2325 67 34 tan
4708 2334 46 24 en
4779 2322 130 36 devint
4931 2323 33 35 le
4989 2334 230 32 possesseur.

4669 2393 21 21 )>
4718 2379 139 37 L'Etat
4880 2379 145 37 s'émut.
5052 2379 319 38 Sous-secrétaire
5392 2381 67 36 des
5481 2381 150 37 Beaux-

4616 2426 105 43 Arts,
4741 2429 172 33 amateur
4932 2426 148 44 éclairé,
5099 2427 53 35 M.
5171 2426 173 37 ,Antonin
5363 2427 142 37 Proust
5524 2431 125 33 tenta.

4617 2473 46 36 de
4695 2472 200 44 s'opposer
4927 2472 23 36 à
4982 2473 38 35 la
5052 2472 117 36 sortie
5200 2473 53 36 du
5285 2473 154 38 tableau
5471 2486 73 32 que
5577 2475 53 35 les

4618 2518 239 36 Américains
4896 2520 36 34 et
4972 2519 53 35 les
5064 2518 162 44 galeries
5265 2518 220 45 étrangères
5524 2523 127 41 guet-.'

4618 2564 144 44 taient,,
4782 2565 151 44 lorsque
4965 2564 54 36 M.
5053 2564 182 37 Secrétan
5267 2564 69 36 mit
5368 2577 45 24 en
5447 2569 110 34 vente
5588 2579 44 23 sa

4619 2611 207 36 collection.
4857 2611 53 36 M.
4940 2610 174 36 Antonin
5143 2611 143 36 Proust
5314 2611 186 43 comptait
5530 2612 102 36 alors

4618 2657 164 44 pouvoir
4806 2657 150 36 obtenir
4980 2658 53 35 les
5058 2657 117 36 fonds
5199 2657 52 36 du
5274 2660 296 40 gouvernement
5595 2662 37 32 et

4618 2705 35 35 le
4681 2715 183 24 concours
4893 2703 242 37 d'amateurs.
5166 2702 60 37 On
5256 2702 191 46 désignait
5476 2703 90 45 déjà
5595 2705 38 36 la'

4620 2749 109 46 place
4753 2751 46 35 de
4823 2752 97 34 cette
4944 2750 90 36 toile
5057 2762 50 24 au
5130 2749 160 37 Louvre.

4671 2820 21 22 »
4720 2807 54 36 M.
4792 2807 175 36 Antonin
4985 2807 140 36 Proust
5142 2806 79 37 s'en
5239 2806 127 37 rendit
5383 2807 99 37 donc
5499 2807 135 44 acqué-

4622 2866 90 25 reur
4748 2866 101 32 pour
4885 2854 38 35 la'
4960 2865 141 25 somme
5138 2854 46 36 de
5221 2852 159 37 553.000
5418 2853 144 44 francs,
5600 2854 35 36 le

4624 2901 48 35 1"
4692 2900 128 45 juillet
4839 2900 108 36 1889.
4966 2899 102 38 Mais
5087 2899 115 45 après
5221 2899 37 36 la
5279 2901 120 41 vente,
5420 2899 54 36 M.
5496 2899 140 38 Proust

4623 2959 47 25 ne
4697 2949 72 43 put
4796 2945 132 37 réunir
4956 2945 141 38 d'aussi
5124 2957 90 34 gros
5242 2945 149 38 deniers
5413 2957 10 31 ;
5453 2946 53 36 les
5535 2958 102 25 ama-

4623 2997 103 33 teurs
4796 2992 176 37 s'étaient
5043 2991 192 44 évanouis.
5310 2991 92 36 Très
5474 2992 161 44 ennuyé,

4623 3040 52 38 M.
4717 3040 142 36 Proust
4888 3040 203 36 rencontra
5118 3039 103 35 alors
5248 3037 54 37 M.
5334 3037 153 44 Sutton,
5516 3037 120 37 diree-

4623 3090 85 33 teur
4741 3087 46 35 de
4821 3087 231 35 VAmerican
5083 3086 76 35 Art
5193 3085 256 43 Association,
5482 3084 66 44 qui
5583 3085 73 35 lui-

4624 3133 107 36 offrit
4756 3133 47 36 de
4828 3132 166 45 prendre
5020 3132 196 43 l'Angelus
5243 3142 46 24 en
5315 3131 34 35 le
5373 3133 186 33 couvrant
5585 3132 53 35 du

4626 3179 88 45 prix
4736 3180 46 35 de
4804 3178 305 45 l'adjudication,
5132 3189 41 25 ce
5195 3176 66 46 qui
5282 3176 65 37 fut
5370 3177 154 44 accepté
5548 3189 96 25 avec.

4627 3225 137 46 plaisir
4789 3228 36 34 et
4850 3225 271 44 soulagement.

4678 3297 21 22 ))
4740 3283 85 37 Une
4862 3282 78 37 fois
4979 3282 23 36 à
5041 3281 230 42 New-York,
5310 3280 35 38 le
5383 3281 156 37 tableau
5575 3281 65 37 fut

4627 3330 145 45 exposé,
4772 3330 110 45 sans
4908 3329 139 36 succès.
5076 3328 58 37 On
5162 3329 36 35 le
5223 3328 152 37 déclara
5402 3330 100 42 trop,
5520 3328 131 44 petit!.

4627 3378 36 35 Il
4686 3377 124 45 partit
4835 3377 101 35 alors
4960 3388 46 24 en
5030 3376 158 36 tournée
5212 3374 23 36 à
5258 3377 149 34 travers
5430 3375 54 36 les
5510 3374 130 38 Etats-

4627 3424 97 36 Unis
4745 3426 37 33 et
4802 3425 123 43 parut,
4943 3422 45 36 de
5008 3422 89 36 ville
5118 3434 47 24 en
5185 3421 90 36 ville
5297 3433 90 26 avec
5408 3421 65 36 des
5494 3434 147 23 oeuvrés,

4627 3471 52 37 du
4704 3470 152 45 peintre
4880 3481 107 24 russe
5011 3467 321 45 Vereschaguine.
5359 3468 158 35 Revenu
5545 3468 107 38 dans:

4628 3519 37 35 la
4695 3517 166 43 capitale
4888 3515 240 43 américaine,
5155 3514 29 37 il
5212 3514 64 36 fut
5304 3514 161 37 encadré
5494 3515 51 37 de,
5570 3515 80 36 Co-,

4627 3566 92 42 rots,
4741 3564 47 36 de
4809 3562 214 43 Delacroix,
5046 3562 96 35 dans
5164 3573 74 24 une
5259 3559 218 46 exposition
5499 3560 143 37 d'ama-

4630 3613 115 35 teurs.
4773 3610 194 36 Personne
4991 3608 86 38 n'en
5103 3607 144 37 voulut.

4647 3680 56 23 »
4738 3667 38 37 A
4811 3679 70 24 son
4916 3669 99 40 tour,
5051 3665 55 37 M.
5144 3664 139 37 Sutton
5321 3666 143 35 connut
5499 3664 145 38 l'ennui

4630 3715 89 36 d'un
4757 3713 145 45 capital
4937 3713 431 36 malencontreusement
5404 3711 238 38 immobilisé.

4632 3762 50 37 Et
4703 3761 89 36 c'est
4811 3760 50 36 ici
4879 3772 73 33 que
4970 3758 185 37 l'histoire
5173 3758 124 42 prend
5317 3758 46 37 de
5382 3757 179 38 l'intérêt.
5582 3758 63 36 Un

4632 3807 149 39 nommé
4820 3806 175 40 Garnier,
5034 3805 67 45 qui
5139 3804 189 45 dirigeait,
5367 3804 23 37 à
5428 3804 124 45 Paris,
5592 3817 53 24 un

4632 3855 98 43 petit
4762 3854 156 43 journal
4953 3852 25 37 d
4992 3855 72 38 art,
5098 3854 64 34 eut
5193 3854 90 33 vent
5316 3851 47 36 de
5396 3853 98 35 cette
5525 3851 120 37 situa-

4632 3902 81 37 tion
4734 3901 100 36 faite
4853 3900 23 36 à
4896 3900 153 36 l'œuvre
5069 3899 45 36 de
5133 3898 125 36 Millet
5278 3900 37 34 et
5335 3897 24 36 à
5379 3910 70 24 son
5470 3897 176 46 proprié-

4632 3949 108 37 taire.
4760 3948 36 35 Il
4813 3947 204 36 s'aboucha
5036 3957 90 25 avec
5143 3957 41 24 ce
5203 3944 162 37 dernier.
5387 3943 164 37 Garnier
5569 3944 76 36 fai-

4634 3995 74 39 sait
4742 3996 65 35 des
4840 3995 211 42 courtages,
5085 3990 262 45 entreprenait
5380 3991 66 36 des
5479 3990 167 37 affaires.

4633 4043 104 35 Avec
4771 4042 98 35 deux
4902 4041 128 34 autres
5063 4049 221 33 personnes,
5318 4036 28 36 il
5381 4037 76 36 alla
5491 4039 154 34 trouver

4636 4088 239 42 Chauchard,
4909 4085 223 40 l'intéressa,
5167 4084 35 36 le
5236 4083 145 36 décida.
5419 4083 228 36 Chauchard

4636 4135 132 36 acheta
4798 4134 199 43 l'Angelus
5026 4131 158 36 680.650
5213 4129 144 36 francs.
5387 4131 115 42 Mais,
5531 4135 117 31 avant

4635 4183 45 34 de
4702 4182 33 34 le
4757 4181 54 35 lui
4833 4181 126 41 livrer,
4983 4178 163 36 Garnier
5165 4178 52 42 fit
5239 4181 178 31 remettre
5439 4177 33 34 le
5495 4177 153 35 tableau

4638 4240 46 25 en
4708 4228 44 35 éta
4752 4228 34 35 t
4816 4238 12 23 :
4852 4236 74 33 par
4949 4224 143 44 quelles
5113 4222 124 38 mains
5267 4221 17 36 ?
5308 4233 95 24 nous
5427 4221 221 44 l'ignorons.

4688 4286 20 21 »
4729 4272 63 36 Un
4811 4272 98 36 beau
4927 4270 102 44 jour,
5050 4281 49 26 on
5120 4267 196 41 découvrit
5335 4280 74 31 que
5424 4267 39 36 lé
5482 4267 166 36 courtier

4637 4318 104 38 avait
4770 4331 53 24 un
4852 4315 130 47 passif
4992 4314 65 37 -ei
5057 4314 82 37 une
5151 4313 149 38 dizaine
5329 4312 47 38 de
5405 4313 177 38 millions.
5611 4314 39 36 Il

4637 4366 190 45 disparut.
4854 4363 60 38 OÙ
4938 4362 128 38 est-il?
5092 4361 60 38 On
5175 4373 48 25 ne
5246 4360 87 38 sait.
5360 4372 23 24 »

4850 4446 146 44 Chez
5031 4445 72 42 M.
5140 4442 266 45 Denisart

4690 4529 54 37 M.
4774 4527 183 38 Denisart
4985 4529 56 34 est
5068 4526 36 36 le
5131 4526 263 36 restaurateur
5423 4522 132 38 attitré
5585 4523 66 36 des

4638 4577 180 37 tableaux
4866 4575 52 36 du
4963 4574 160 35 Louvre.
5171 4572 107 36 Nous
5325 4570 123 37 étions
5495 4569 158 37 curieux

4637 4623 148 37 d'avoir
4814 4634 69 24 son
4913 4620 93 37 avis.
5036 4620 108 36 Nous
5173 4617 154 38 savions
5357 4616 91 46 qu'il
5480 4615 170 37 assistait

4637 4669 23 38 à
4683 4670 37 36 la
4744 4668 91 37 mise
4858 4680 46 25 en
4928 4668 110 43 place
5059 4666 46 36 de
5128 4666 37 35 la
5187 4663 198 38 collection
5411 4662 239 37 Chauchard.

4638 4717 35 36 Il
4701 4715 105 38 avait
4832 4715 40 37 lu
4899 4713 159 38 l'article
5084 4711 247 37 dexcelsior.
5360 4710 36 37 Il
5421 4720 98 26 nous
5544 4711 108 42 reçut,

4639 4764 96 36 dans
4760 4774 68 25 son
4855 4760 134 38 atelier
5013 4762 37 34 et
5075 4769 97 26 nous
5197 4757 57 36 dit
5276 4769 11 24 :

4691 4842 50 5 —
4767 4820 48 38 Je
4841 4819 80 37 n'ai
4946 4831 51 24 vu
5024 4818 198 42 l'Angelus
5249 4814 116 45 qu'au
5391 4825 86 25 mur
5503 4815 37 35 et
5566 4824 89 25 sous

4639 4881 68 25 son
4727 4880 120 24 verre.
4869 4867 36 36 Il
4925 4865 63 37 n'a
5009 4863 58 37 été
5088 4864 252 36 aucunement
5361 4859 196 38 considéré
5579 4872 73 33 par

4639 4912 337 40 l'administration
5002 4911 51 36 du
5079 4910 149 36 Louvre
5253 4919 143 25 comme
5422 4919 51 24 un
5499 4907 154 36 tableau

4639 4962 160 37 malade.
4825 4954 86 43 Par'
4927 4957 242 45 conséquent,
5193 4955 41 46 je
5256 4967 48 24 ne
5328 4953 89 47 puis
5441 4953 128 37 savoir
5593 4953 61 37 s'il

4640 5022 22 24 a
4684 5009 58 36 été
4761 5008 120 36 même
4901 5004 218 38 désentoilé.

4690 5088 50 4 —
4765 5067 97 35 Rien
4886 5077 50 24 ne
4957 5075 96 25 vous
5079 5062 150 44 frappa
5253 5060 95 37 dans
5373 5071 42 24 sa
5439 5058 217 37 réfection?

4692 5135 50 5 —
4767 5113 99 36 Rien
4885 5112 47 35 de
4950 5109 156 44 spécial.
5129 5109 42 36 Si
5189 5119 95 25 vous
5304 5106 130 37 voulez
5455 5117 87 24 mon
5564 5105 92 44 avis,

4644 5163 198 37 l'Angelus
4873 5170 23 24 a
4928 5170 46 24 eu
5005 5156 179 41 toujours
5216 5166 73 24 une
5320 5152 222 45 réputation
5573 5164 84 24 sur-

4644 5209 109 36 faite.
4785 5207 52 36 Ce
4864 5205 97 36 n'est
4990 5215 83 31 pas,
5103 5213 100 32 pour
5231 5201 54 35 les
5313 5199 175 44 artistes,
5507 5199 35 36 le
5569 5199 89 44 plus

4642 5258 98 34 beau
4763 5253 154 37 tableau
4942 5251 46 36 de
5013 5249 135 36 Millet.
5176 5249 129 42 Quant
5328 5245 24 36 à
5376 5245 122 36 croire
5521 5257 73 33 que
5618 5246 38 34 la

4643 5299 255 39 restauration
4924 5297 50 36 l'a
4999 5295 135 45 perdu,
5159 5294 40 43 je
5223 5293 84 36 n'en
5331 5291 99 37 crois
5454 5291 95 37 rien.
5576 5292 79 36 Son

4643 5348 139 40 succès,
4807 5346 89 34 c'est
4919 5343 97 37 celui
5040 5343 46 35 de
5114 5354 21 22 «
5162 5341 36 35 la
5222 5350 175 26 romance
5421 5350 35 25 ».
5480 5338 37 37 Il
5540 5350 23 25 a
5586 5338 71 42 plu

4645 5407 72 34 par
4739 5406 68 24 son
4831 5391 105 45 sujet
4960 5401 49 25 au
5033 5386 240 48 populaire...

4691 5472 51 6 —
4762 5451 56 37 La
4840 5448 156 46 légende
5028 5447 7 35 !

4691 5530 50 6 —
4768 5508 80 40 Eh!
4868 5506 74 37 oui.
4963 5502 195 46 Pourquoi
5175 5513 48 26 ne
5239 5500 55 38 lui
5312 5502 123 34 a-t-on
5454 5511 73 34 pas
5543 5498 114 37 laissé

4646 5569 57 21 ses
4732 5552 268 41 craquelures?
5030 5549 159 44 Jamais,
5219 5560 49 24 au
5296 5547 161 43 Louvre,
5487 5557 96 25 nous
5611 5557 48 24 ne

4644 5604 186 36 touchons
4851 5600 23 36 à
4895 5600 109 35 celles
5025 5597 66 43 qui
5112 5596 166 44 peuvent
5298 5605 40 24 se
5358 5592 184 46 produire
5563 5592 95 35 dans

4646 5652 52 34 les
4719 5659 147 26 œuvres
4886 5647 46 34 de
4951 5645 107 35 1830.
5082 5643 59 36 On
5161 5653 23 24 a
5204 5639 113 37 laissé
5337 5642 125 33 toutes
5482 5639 110 36 celles
5613 5639 45 34 de

4646 5696 208 37 Prud'hon.
4882 5692 101 35 Mais
5008 5691 90 35 c'est
5123 5700 53 24 un
5201 5687 76 35 mal
5303 5687 66 35 des
5396 5688 190 33 amateurs
5612 5685 46 35 de

4647 5757 49 14 ne
4715 5754 73 24 pas
4808 5742 55 34 les
4883 5739 219 34 supporter.
5125 5735 34 36 Il
5181 5734 83 36 leur
5284 5732 89 37 faut
5395 5732 66 36 des
5482 5732 179 35 tableaux

4647 5803 74 22 que
4751 5790 38 34 la
4819 5786 104 36 main
4954 5784 50 36 du
5036 5785 124 39 temps
5191 5780 63 36 n'a
5285 5791 72 33 pas
5387 5777 139 38 flétris!
5562 5777 97 39 Chez

4647 5837 135 39 Millet,
4806 5834 54 33 les
4882 5829 242 43 craquelures
5146 5839 41 25 se
5207 5825 130 38 voient
5359 5824 24 37 à
5406 5824 123 45 peine.
5553 5823 105 37 Elles

4646 5885 87 35 sont
4763 5880 77 37 très
4869 5875 283 48 supportables.

4695 5960 50 7 -
4771 5939 52 33 Et
4859 5934 186 44 l'opinion
5083 5932 46 37 de
5165 5931 54 37 M.
5255 5929 211 38 Rochefort
5502 5940 67 26 sur
5605 5929 53 38 les

4646 5982 345 44 restaurateurs?...
5026 5979 120 45 Qu'en
5179 5976 272 38 dites-vous?...

4695 6066 50 5 -
4773 6042 100 38 Qu'il
4900 6053 22 23 a
4945 6049 90 26 sans
5059 6037 115 36 doute
5198 6048 73 24 une
5296 6034 141 36 femme
5461 6045 100 31 pour
5585 6033 74 36 soi-

4652 6104 95 24 gner
4770 6101 60 25 ses
4856 6087 189 37 tableaux.
5073 6084 103 35 Elles
5201 6085 67 33 ont
5293 6082 88 44 plus
5405 6080 47 37 de
5477 6079 186 46 patience,

4653 6140 89 34 c'est
4770 6134 94 38 vrai,
4894 6134 96 35 dans
5018 6131 34 36 le
5080 6128 152 44 travail,
5261 6130 37 34 et
5327 6128 88 42 plus
5442 6127 46 36 de
5518 6127 143 35 finesse.

4653 6184 101 38 Mais
4784 6182 54 36 M.
4869 6177 211 40 Rochefort
5110 6178 56 34 est
5196 6186 52 25 un
5276 6174 133 44 galant
5439 6173 157 36 homme.
5627 6172 35 35 Il

4654 6229 171 46 exagère.

4676 6340 114 56 LA
4834 6334 264 60 SEINE
5142 6330 162 56 EST
5350 6312 290 70 ÉTALE

4705 6461 53 31 On
4787 6464 124 28 pense,
4940 6462 48 25 au
5018 6452 140 33 service
5187 6447 311 45 hydrométrique,
5528 6454 72 34 que
5630 6447 35 31 la

4655 6499 171 35 nouvelle
4856 6503 88 26 crue
4972 6494 46 32 de
5046 6493 37 32 la
5109 6492 103 33 Seine
5242 6498 22 24 a
5292 6491 128 30 atteint
5449 6494 66 25 son
5547 6491 115 28 maxi-

4655 6551 96 59 lnuin.Le
4762 6565 128 43 fleuve
4910 6576 141 32 restera
5070 6580 86 25 sans
5175 6570 111 33 doute
5307 6568 237 33 stationnaire
5565 6569 97 31 deux

4654 6632 47 24 ou
4730 6621 89 32 trois
4848 6619 117 39 jours,
4996 6622 87 25 avec
5113 6619 70 25 une
5212 6610 124 40 légère
5365 6609 179 32 tendance
5573 6609 21 30 à
5622 6609 36 31 la

4652 6664 133 34 baisse.

4654 6769 83 62 Le
4760 6766 249 60 Divorce
5029 6757 69 60 de
5116 6756 151 61 Miss
5287 6754 129 62 kitt
5435 6753 228 62 Gordon

4658 6914 59 45 La
4755 6910 108 45 belle
4899 6907 150 43 actrice
5081 6902 182 53 anglaise
5307 6904 111 40 avait
5447 6902 158 51 épousé
5631 6899 37 43 le

4765 6974 141 43 cousin
4931 6970 54 43 de
5011 6968 88 43 lord
5128 6966 180 43 Charles
5329 6963 233 46 Beresford.

4710 7089 250 33 NEW-YORK,
4982 7086 48 36 19
5051 7084 207 38 décembre.
5277 7103 51 6 —
5346 7081 96 37 Miss
5464 7080 87 37 Kitt
5574 7080 95 36 Gor-

4657 7140 86 34 don,
4773 7138 36 34 la
4837 7134 95 36 belle
4961 7132 139 36 actrice
5129 7130 170 43 anglaise
5327 7127 64 46 qui
5419 7125 137 46 jouait,
5586 7125 25 35 il
5640 7136 26 33 y

4657 7198 23 23 a
4704 7183 159 43 quelque
4888 7183 136 37 temps,
5049 7178 23 36 à
5097 7176 229 43 New-York,
5352 7174 22 35 à
5399 7172 151 43 l'Alma,
5576 7174 88 34 veut

4656 7240 154 33 rompre
4837 7238 67 24 son
4936 7225 179 44 mariage.

4708 7275 81 35 Elle
4818 7285 22 23 a
4868 7271 141 39 épousé
5041 7272 50 35 M.
5121 7270 136 40 Henry
5285 7264 220 43 Beresford,
5534 7263 130 37 cousin

4657 7323 45 35 de
4727 7320 83 36 lord
4836 7319 157 36 Charles
5018 7316 209 38 Beresford
5253 7317 35 33 et
5312 7312 104 36 frère
5441 7309 89 36 d'un
5557 7315 108 30 autre

4656 7367 99 45 pair.
4787 7366 85 36 Elle
4901 7365 55 36 lui
4986 7361 184 47 reproche
5199 7372 69 25 son
5298 7356 247 38 insuffisante
5576 7356 88 35 fidé-

4656 7411 1061 44 lité.....

4706 7458 113 38 Déjà,
4848 7458 27 36 il
4901 7472 26 23 y
4955 7471 22 22 a
5004 7457 97 36 deux
5130 7465 79 29 ans,
5238 7452 69 36 elle
5335 7452 102 34 avait
5464 7450 117 35 voulu
5609 7450 55 33 di-

4656 7518 132 23 vorcer
4823 7517 99 28 pour
4957 7505 34 34 le
5026 7503 117 35 même
5177 7498 123 43 motif,
5335 7495 95 36 mais
5464 7507 69 24 son
5568 7494 96 36 mari

4659 7552 103 36 avait
4786 7551 121 35 réussi
4932 7551 22 34 à
4977 7550 71 35 l'èn
5074 7544 207 39 dissuader.

4711 7597 107 37 Cette
4850 7596 88 38 fois,
4971 7595 26 36 il
5028 7593 138 39 semble
5198 7589 89 45 qu'il
5320 7590 74 33 soit
5425 7599 123 24 moins
5577 7587 90 36 heu-

4659 7656 93 23 reux
4788 7656 49 23 ou
4872 7643 122 35 moins
5029 7637 158 43 obstiné,
5223 7646 65 25 car
5323 7634 52 35 les
5412 7633 255 44 assignations

4659 7689 159 36 confiées
4852 7689 23 36 à
4910 7689 52 35 M.
4997 7685 177 41 Merrick,
5208 7683 134 34 avocat
5375 7680 47 37 de
5454 7679 90 37 miss
5578 7679 87 35 Kitt

4660 7735 167 43 Gordon,
4848 7738 66 32 ont
4933 7733 57 36 été
5009 7730 158 38 lancées.

4710 7781 96 35 Miss
4833 7780 154 36 Gordon
5014 7790 46 23 ne
5083 7776 91 41 joue
5199 7784 92 32 pas,,
5307 7784 46 25 en
5379 7785 41 24 ce
5442 7774 177 39 moment,

4660 7827 152 36 l'Aima.
4847 7827 51 36 Ce
4929 7825 95 36 n'est
5055 7833 70 30 pas
5155 7832 67 23 son
5256 7818 144 45 procès,
5433 7818 142 36 a-t-elle
5606 7816 60 35 dé-

4661 7873 112 44 claré,
4807 7873 66 44 qui
4906 7874 55 34 est
4994 7881 45 25 en
5073 7878 121 31 cause,
5228 7865 96 36 mais
5357 7877 69 24 son
5458 7863 128 38 besoin
5621 7861 44 36 de

4660 7931 125 32 repos.
5380 7953 169 14 rf

4716 7965 59 34 En
4812 7964 127 35 raison
4978 7961 45 35 de
5058 7959 38 35 la
5133 7956 260 43 personnalité
5430 7957 65 35 des
5531 7963 135 33 époux,

4665 8010 198 37 l'instance
4891 8020 41 24 en
4965 8005 151 36 divorce
5144 8016 47 24 ne
5220 8014 206 33 manquera
5453 8011 72 34 pas
5552 7998 117 36 d'être

4665 8056 121 39 suivie
4808 8066 89 28 avec
4918 8050 138 39 intérêt
5077 8063 47 25 en
5144 8050 239 45 Angleterre.
