6314 8650
801 408 34 33 •
1082 368 854 100 Automobilisme
2078 408 36 36 •
2256 372 484 100 Aviation
2884 430 36 30 •
3068 380 450 102 Football
3592 422 36 34 •
3770 384 244 102 Golf
4156 430 34 34 •
4340 392 330 102 Pêche
4814 438 34 34 •
4992 402 374 102 Chasse
5630 452 32 34 •

624 574 302 132 Après
1000 574 96 106 la
1172 572 496 108 Tentative
1744 572 414 138 d'Henry
2236 578 408 106 Farman

762 772 348 53 Désappointé,
1144 772 121 44 mais
1307 785 99 30 non
1448 770 284 53 découragé,
1772 772 204 44 Farman
2021 774 231 53 explique
2293 778 26 42 à
2364 783 140 38 notre

1054 841 358 46 collaborateur
1450 840 69 44 les
1557 854 164 30 causes
1761 841 60 44 de
1859 856 87 30 son
1980 843 229 46 insuccès.

636 969 36 36 'A
695 969 122 46 peine
841 971 128 36 remis
995 969 49 37 de
1069 970 40 36 la
1133 970 163 46 fatigue
1320 969 209 37 résultant
1554 970 49 35 de

587 1025 38 26 <a
658 1016 129 37 ronde
821 1016 50 37 de
905 1018 74 35 463
1013 1016 243 36 kilomètres
1291 1016 99 45 qu'il
1427 1026 23 25 a
1485 1016 115 40 faite,

584 1061 105 43 hier,
721 1072 73 27 sur
825 1063 271 36 l'aérodrome
1125 1062 247 45 d'Etampes,
1405 1062 41 35 et
1476 1062 71 44 qui
1580 1072 22 24 a

584 1108 110 35 failli
726 1108 59 36 lui
816 1109 136 35 valoir
982 1109 39 35 la
1051 1109 139 44 Coupe
1220 1108 208 42 Michelin,
1463 1109 139 42 Henry

584 1154 181 37 Farman
788 1164 24 26 a
834 1154 97 36 bien
952 1155 130 35 voulu
1104 1164 66 27 me
1194 1154 109 37 faire
1327 1155 58 35 les
1410 1154 189 36 déclara-

586 1199 108 37 tions
716 1200 214 36 suivantes
952 1209 8 27 :

679 1274 321 46 L'Interview
1037 1274 223 54 d'Henry
1299 1275 204 44 Farman

624 1366 55 6 —
704 1345 59 35 La
786 1345 96 35 nuit
905 1346 118 35 noire
1048 1346 80 36 m'a
1152 1345 216 44 beaucoup
1394 1344 86 36 nui.
1506 1344 91 35 Elle

583 1391 72 35 m'a
692 1391 197 45 empêché
925 1391 50 36 de
1010 1392 94 35 voir
1141 1392 57 35 les
1235 1392 176 44 virages,
1451 1390 49 36 de
1538 1391 57 34 les

575 1437 178 46 prendre
780 1447 98 26 avec
904 1437 220 37 certitude.
1151 1438 58 35 La
1235 1437 95 35 nuit
1355 1446 52 26 ne
1434 1437 163 44 permet

576 1493 75 35 pas
678 1483 50 35 de
755 1483 264 36 reconnaître
1046 1484 59 35 les
1132 1483 221 40 obstacles;
1381 1492 53 25 on
1460 1482 136 35 craint

576 1529 194 45 toujours
810 1528 49 36 de
899 1529 256 36 s'accrocher
1196 1539 81 24 aux
1317 1528 153 42 arbres,
1515 1538 84 25 aux

576 1576 159 35 meules
763 1576 134 34 même
920 1575 8 35 !
957 1576 98 34 Puis
1085 1575 231 44 l'éclairage
1343 1574 49 35 de
1421 1574 37 35 la
1485 1574 109 44 piste

578 1621 64 35 est
687 1621 255 36 insuffisant.
987 1621 208 45 Quelques
1242 1620 205 45 lampions
1488 1629 109 36 pour

576 1667 187 36 montrer
798 1667 38 35 la
872 1667 109 44 ligne
1015 1666 215 42 d'arrivée,
1268 1667 87 35 cela
1389 1675 51 26 ne
1474 1666 120 34 suffit

577 1723 76 35 pas
676 1713 7 35 !
708 1713 110 36 Pour
840 1713 159 36 comble
1021 1712 50 36 de
1093 1712 251 42 malchance,
1372 1712 58 35 les
1454 1711 140 35 trans-

574 1759 171 45 parents
781 1759 183 36 destinés
1000 1759 23 35 à
1057 1768 66 26 me
1158 1758 242 43 renseigner
1437 1757 157 36 étaient

575 1805 192 36 illisibles
792 1814 107 36 pour
922 1804 95 43 moi,
1042 1804 222 45 puisqu'on
1289 1804 58 35 les
1372 1812 23 26 a
1420 1803 172 36 éclairés

577 1850 26 38 à
625 1851 186 42 l'envers,
835 1851 42 45 je
899 1859 104 27 vous
1027 1850 38 36 le
1088 1849 108 37 ferai
1220 1849 221 36 constater.

629 1910 18 19 »
684 1897 52 35 Et
761 1896 94 45 puis
883 1897 37 35 le
943 1896 163 44 vertige
1130 1905 67 26 me
1222 1893 169 47 gagnait
1414 1904 58 26 un
1497 1904 92 35 peu,

575 1943 121 44 après
733 1942 108 38 cette
877 1942 237 36 randonnée
1150 1941 224 36 circulaire
1411 1940 49 36 de
1497 1940 94 44 plus

575 1988 51 37 de
657 1988 94 37 huit
780 1988 165 36 heures.
975 1987 133 42 Enfin,
1140 1996 95 26 sans
1264 1986 167 36 vouloir
1462 1986 130 35 incri-

572 2035 138 36 miner
728 2043 216 35 personne,
966 2043 52 26 on
1038 2043 23 26 a
1080 2043 52 26 eu
1152 2032 85 37 tort
1254 2032 51 36 de
1324 2032 110 35 crier
1453 2032 137 43 quand

570 2082 43 42 je
636 2081 86 35 suis
746 2081 121 43 passé
889 2079 152 37 devant
1063 2080 39 37 la
1125 2078 113 36 tente
1261 2078 56 36 du
1339 2077 250 36 chronomé-

572 2129 113 40 teur;
708 2127 72 44 j'ai
804 2125 181 37 entendu
1008 2125 180 46 quelque
1211 2124 135 41 chose,
1373 2123 157 45 malgré
1555 2124 36 34 le

571 2173 118 36 bruit
707 2173 55 37 du
781 2172 174 42 moteur,
977 2171 72 45 j'ai
1069 2180 75 26 cru
1163 2179 81 37 que
1264 2170 38 35 le
1321 2170 147 35 record
1488 2170 104 35 était

569 2219 133 41 battu,
725 2219 43 45 je
790 2218 88 35 suis
901 2216 208 37 descendu
1132 2216 7 35 !

626 2279 18 18 »
679 2264 158 37 Jamais
858 2264 59 35 les
938 2262 185 46 caprices
1144 2261 56 36 du
1218 2261 101 37 vent
1337 2261 124 42 n'ont,
1483 2270 108 35 pour

569 2311 95 42 moi,
712 2310 65 37 été
820 2310 113 35 aussi
980 2307 314 37 déconcertants
1341 2307 247 44 qu'aujour-

569 2357 115 36 d'hui
708 2367 8 25 :
747 2357 30 35 il
806 2355 139 37 fallait
974 2363 186 37 pousser,
1194 2354 104 35 tirer
1326 2362 96 26 sans
1454 2352 133 36 inter-

570 2403 174 42 ruption
760 2403 39 35 la
815 2400 242 37 commande
1074 2400 55 35 du
1144 2399 255 42 gouvernail,
1424 2409 51 26 en
1490 2407 100 36 par-

571 2450 171 36 ticulier
786 2448 118 36 entre
948 2448 59 35 les
1051 2447 110 35 deux
1204 2445 128 46 petits
1376 2445 101 43 bois,
1527 2444 62 36 là-

568 2496 85 43 bas,
686 2505 53 27 au
768 2495 101 36 fond
897 2494 56 36 du
981 2493 149 45 champ
1163 2491 238 37 d'aviation.

624 2556 18 19 »
668 2542 78 36 Les
766 2541 201 44 quelques
988 2539 184 36 minutes
1192 2538 50 36 de
1261 2538 116 43 pluie
1395 2546 52 26 ne
1467 2537 127 35 m'ont

568 2599 75 33 pas
675 2590 92 39 trop
797 2588 115 41 gêné.
941 2587 57 35 Le
1027 2585 113 36 froid
1168 2594 83 26 non
1280 2585 105 44 plus,
1418 2584 122 45 grâce
1570 2584 23 35 à

567 2646 69 26 ma
659 2645 108 33 peau
791 2635 49 36 de
864 2634 174 36 mouton
1060 2632 154 36 autour
1238 2631 49 36 de
1313 2632 38 35 la
1375 2631 95 40 tête,
1496 2640 96 26 sous

566 2693 71 26 ma
664 2681 225 45 casquette,
922 2681 41 35 et
993 2680 114 36 aussi
1152 2678 153 36 autour
1347 2678 71 35 des
1461 2677 130 44 pieds.

568 2729 138 38 Quant
726 2738 54 27 au
798 2727 101 37 vent
918 2727 102 36 dans
1042 2727 58 35 les
1119 2735 120 31 yeux,
1261 2725 42 40 je
1323 2735 52 25 ne
1396 2725 38 35 le
1455 2725 137 35 crains

567 2786 86 37 pas,
681 2776 42 45 je
748 2784 52 27 ne
826 2774 106 36 mets
959 2773 153 46 jamais
1138 2773 50 35 de
1214 2772 194 36 lunettes.

620 2837 18 18 »
667 2822 133 43 Enfin,
823 2822 43 44 je
888 2821 88 36 suis
998 2820 139 36 désolé
1161 2819 49 36 de
1233 2828 45 27 ce
1300 2819 148 36 record
1469 2828 122 27 man-

569 2870 92 43 qué.
681 2869 102 36 Dire
803 2877 80 36 que
902 2867 72 46 j'ai
994 2867 94 35 volé
1107 2866 185 46 pendant
1312 2865 96 46 près
1429 2865 50 36 de
1498 2866 93 46 cinq

568 2916 116 37 cents
716 2915 195 42 minutes,
948 2914 41 36 et
1021 2922 80 36 que
1135 2912 117 37 faute
1285 2912 50 36 de
1368 2912 109 37 deux
1508 2914 82 34 mi-

566 2965 123 33 nutes
713 2962 50 36 de
785 2960 267 47 supplément
1072 2960 43 45 je
1137 2959 125 45 perds
1286 2959 41 36 la
1348 2959 139 46 Coupe
1511 2960 79 35 Mi-

566 3008 142 39 chelin
729 3007 9 38 !
769 3008 53 36 Ce
851 3006 94 38 sont
972 3016 67 27 ces
1069 3006 83 36 cris
1182 3006 73 45 qui
1283 3006 129 36 m'ont
1441 3007 147 42 arrêté,

566 3066 47 26 ce
635 3064 178 36 manque
834 3053 326 45 d'organisation
1182 3053 73 45 qui
1277 3053 80 36 m'a
1379 3053 85 43 nui,
1490 3053 42 37 et
1553 3054 36 35 la

565 3102 243 37 malchance
851 3101 97 36 s'est
993 3099 205 37 acharnée
1243 3108 73 27 sur
1359 3100 95 42 moi,
1486 3110 104 26 vous

568 3149 125 36 l'avez
713 3158 68 32 vu,
802 3148 51 36 de
872 3147 187 36 manière
1080 3146 23 37 à
1123 3156 67 26 me
1211 3146 254 46 décourager
1483 3170 53 4 —
1556 3148 35 36 si

566 3197 89 36 cela
679 3195 104 37 était
806 3194 183 47 possible
1012 3193 8 37 !
1050 3207 18 19 »

802 3269 199 46 Autour
1031 3268 116 46 d'un
1180 3269 168 45 record

619 3348 181 38 Farman
822 3346 104 36 était
948 3346 140 36 arrivé
1110 3345 24 37 à
1154 3346 199 45 Etampes
1377 3345 24 37 à
1422 3347 165 43 minuit,

569 3394 151 37 venant
744 3394 50 36 de
818 3393 268 42 Mourmelon,
1113 3393 54 35 où
1194 3393 28 34 il
1249 3393 103 35 était
1376 3394 80 35 allé
1479 3394 109 36 met-

566 3442 66 36 tre
664 3451 53 26 au
747 3440 120 46 point
898 3440 37 35 le
968 3440 74 35 100
1074 3439 191 36 chevaux
1295 3439 50 36 de
1377 3440 206 44 Martinet,

564 3497 100 28 avec
697 3487 137 46 lequel
865 3487 250 44 Legagneux
1159 3495 54 27 va
1259 3485 138 36 tenter
1443 3487 143 35 Paris-

563 3535 231 37 Bruxelles.

1710 970 131 41 Après
1865 981 56 25 un
1943 972 65 35 vol
2035 972 159 39 d'essai,
2221 975 71 41 qui
2320 974 58 35 lui
2403 974 133 35 donna
2562 973 118 36 l'idée

1657 1016 49 35 de
1729 1027 43 25 se
1795 1015 180 38 délester
1997 1019 49 35 de
2068 1021 49 33 20
2143 1020 116 36 litres
2282 1021 216 39 d'essence,
2526 1020 26 34 il
2580 1030 97 34 par-

1660 1063 52 34 tit
1735 1073 49 24 en
1809 1064 238 44 emportant
2069 1067 74 34 205
2171 1066 117 36 litres
2313 1067 49 35 de
2387 1066 225 36 carburant
2637 1067 41 35 et

1660 1110 48 34 80
1740 1109 117 36 litres
1886 1110 168 36 d'huile.

1709 1156 105 35 C'est
1834 1157 109 35 alors
1966 1167 80 33 que
2067 1167 238 36 commença
2326 1168 44 25 ce
2392 1158 66 35 vol
2482 1158 193 43 magnifi-

1655 1211 80 35 que
1764 1202 49 35 de
1842 1203 95 44 plus
1966 1203 49 36 de
2045 1204 95 36 huit
2170 1205 160 42 heures,
2363 1204 208 36 contrarié
2603 1215 74 33 par

1657 1249 38 34 la
1717 1249 115 44 pluie
1856 1249 41 35 et
1919 1259 76 35 par
2019 1250 36 35 le
2079 1252 110 35 vent.
2214 1253 57 34 La
2295 1251 122 39 brise,
2445 1250 83 37 très
2555 1251 118 41 forte,

1655 1295 140 44 gênait
1822 1296 182 36 Farman
2033 1307 53 25 au
2117 1298 118 44 point
2262 1297 98 44 qu'il
2391 1297 141 35 devait
2561 1307 113 25 mar-

1655 1341 99 35 cher
1782 1351 176 36 presque
1985 1344 303 35 constamment
2314 1354 52 25 en
2391 1344 134 39 crabe,
2553 1343 120 36 c'est-

1655 1388 142 35 à-dire
1818 1398 50 26 en
1888 1389 162 36 travers
2071 1390 49 36 de
2142 1392 38 34 la
2200 1390 204 36 direction
2424 1389 50 36 de
2496 1390 36 35 la
2555 1389 117 44 piste,

1654 1435 49 35 de
1727 1435 186 35 manière
1938 1436 23 35 à
1985 1446 46 26 ce
2055 1446 79 36 que
2161 1438 37 33 ]a
2223 1437 142 35 dérive
2390 1436 79 36 due
2495 1437 23 34 il
2544 1437 37 34 la
2608 1437 64 34 vi-

1654 1481 108 35 tesse
1799 1482 49 35 de
1886 1482 91 35 l'air
2014 1493 50 26 ne
2103 1484 36 35 le
2176 1483 166 35 chassât
2381 1492 71 34 pas
2492 1483 92 44 trop
2625 1493 48 25 en

1653 1528 151 35 dehors
1834 1529 49 35 de
1913 1539 45 26 sa
1988 1530 131 35 route.
2151 1530 79 34 Par
2261 1529 187 41 instants,
2482 1529 25 34 il
2541 1540 22 24 a
2596 1530 77 35 fait

1652 1575 134 34 moins
1811 1575 49 35 de
1888 1577 47 33 50
1961 1576 242 35 kilomètres
2230 1576 22 34 à
2280 1576 157 34 l'heure
2461 1576 6 33 !
2498 1576 30 33 A
2555 1576 116 35 d'au-

1652 1621 84 35 tres
1759 1623 214 41 moments,
1999 1633 51 24 au
2074 1622 219 41 contraire,
2318 1632 44 25 sa
2383 1622 154 35 vitesse
2561 1632 22 26 a
2606 1624 65 33 at-

1653 1668 105 35 teint
1786 1670 47 33 65
1862 1668 256 36 kilomètres.

1705 1714 233 45 L'appareil
1971 1715 103 36 était
2102 1714 54 35 du
2187 1715 96 44 type
2312 1715 202 36 militaire
2543 1714 49 37 de
2623 1716 44 36 15

1653 1760 154 36 mètres
1843 1761 282 44 d'envergure,
2162 1760 96 35 d'un
2294 1761 84 35 très
2414 1762 127 44 grand
2578 1772 90 25 mo-

1654 1806 100 43 dèle,
1795 1817 108 34 pour
1941 1807 179 44 pouvoir
2160 1807 211 44 emporter
2409 1817 81 26 une
2530 1817 140 34 grosse

1653 1853 152 46 charge
1847 1853 217 36 d'essence.
2108 1853 31 34 Il
2183 1863 32 32 a,
2259 1849 223 42 d'ailleurs,
2527 1854 142 36 enlevé

1653 1899 94 45 cinq
1766 1908 226 37 personnes
2012 1899 23 36 à
2054 1900 269 35 Mourmelon.
2344 1900 30 34 Il
2396 1909 23 25 a
2436 1899 108 36 deux
2564 1900 104 35 aile-

1655 1955 95 27 rons
1790 1944 242 43 seulement,
2074 1945 41 35 et
2153 1945 71 36 des
2264 1945 119 44 plans
2422 1945 245 45 rabattants,

1652 1991 270 37 c'est-à-dire
1957 2000 80 36 que
2071 1991 58 35 les
2164 1991 118 45 plans
2316 1991 244 44 supérieurs
2595 1991 73 35 dé-

1653 2037 168 45 passent
1845 2038 58 35 les
1928 2037 118 43 plans
2072 2037 240 36 inférieurs.
2338 2038 29 34 Il
2395 2038 63 35 est
2480 2037 187 35 caracté-

1654 2085 82 36 risé
1764 2093 75 36 par
1867 2082 283 46 l'assemblage
2178 2082 71 37 des
2277 2083 189 36 surfaces
2493 2081 175 47 portan-

1654 2132 70 40 tes,
1753 2130 83 45 qui,
1864 2139 52 26 au
1943 2129 83 36 lieu
2054 2129 49 36 de
2128 2129 159 35 former
2312 2129 107 35 deux
2446 2129 119 45 plans
2591 2139 76 35 pa-

1651 2176 178 42 rallèles,
1868 2174 258 37 constituent
2162 2174 109 37 deux
2306 2174 164 40 dièdres
2507 2175 160 45 légère-

1651 2223 114 36 ment
1787 2222 170 36 ouverts
1979 2231 96 26 vers
2100 2222 37 35 le
2159 2220 115 36 haut.
2298 2221 57 35 Le
2378 2220 165 37 moteur
2566 2221 104 36 était

1652 2269 50 37 de
1726 2270 49 35 50
1799 2268 201 36 chevaux.

2396 2313 45 36 E.
2474 2313 141 36 COLIN.

1742 2430 138 76 Le
1922 2426 230 80 Golf
2192 2426 128 78 de
2366 2426 204 78 Pau

1685 2571 69 40 Sa
1785 2569 262 41 fondation
2079 2569 278 40 remontait
2390 2566 30 42 à
2458 2566 172 50 1856;

1778 2646 95 29 son
1908 2633 269 41 affiliation
2212 2633 117 40 date
2362 2632 179 40 d'hier.

1699 2756 52 37 Le
1768 2755 87 46 golf
1872 2757 47 35 de
1937 2756 86 36 Pau
2039 2755 67 44 qui
2122 2755 106 36 vient
2247 2755 205 43 d'envoyer
2470 2766 68 23 son
2558 2753 112 36 adhé-

1649 2802 85 36 sion
1766 2802 196 37 définitive
1995 2801 23 37 à
2050 2801 238 36 l'affiliation
2322 2802 65 34 des
2423 2800 168 36 Sociétés
2625 2800 46 35 de

1648 2848 86 45 golf
1757 2850 46 35 de
1826 2849 162 43 France,
2013 2851 56 33 est
2093 2860 52 23 un
2169 2848 66 35 des
2259 2847 90 44 plus
2370 2845 156 37 anciens
2549 2846 117 40 clubs,

1650 2907 75 24 non
1748 2895 210 36 seulement
1981 2894 47 36 de
2051 2893 161 44 France,
2236 2892 98 37 mais
2358 2892 269 44 d'Angleterre
2660 2904 8 24 :

1648 2952 43 24 sa
1716 2940 209 36 fondation
1950 2942 173 34 remonte
2148 2951 47 24 en
2221 2938 92 37 effet
2338 2938 23 37 à
2387 2939 108 36 1856.

1698 2986 36 36 Il
1761 2989 57 34 est
1846 2988 153 34 surtout
2027 2985 204 45 fréquenté
2259 2997 75 34 par
2361 2985 39 35 la
2427 2984 148 37 colonie
2602 2997 68 24 an-

1649 3032 120 45 glaise
1795 3032 173 36 résidant
1996 3031 23 36 à
2047 3032 96 35 Pau.

1697 3078 99 35 MM.
1835 3078 116 36 H.-T.
2016 3077 121 44 King,
2203 3077 166 44 Clayton
2435 3077 233 46 Thompson,

1647 3124 55 38 M.
1758 3123 181 45 Farlane,
1994 3123 46 36 B.
2099 3124 195 44 Jameson,
2354 3123 41 37 C.
2454 3124 215 45 Chapman,

1648 3170 102 36 E.-J.
1786 3170 181 43 Halbers,
2002 3171 123 35 baron
2159 3171 46 35 de
2238 3170 200 45 Longueil,
2473 3171 195 44 capitaine

1648 3218 45 34 de
1721 3216 122 43 Tuite,
1872 3217 41 35 C.
1940 3215 234 46 Hutchings,
2201 3216 52 36 H.
2280 3216 158 44 Wright
2463 3220 87 33 sont
2576 3218 93 35 assi-

1647 3263 71 35 dus
1743 3263 66 36 des
1834 3262 112 36 links.
1972 3262 78 36 Des
2075 3262 187 44 épreuves
2285 3262 192 37 réservées
2503 3275 76 24 aux
2604 3265 64 35 da-

1648 3320 76 24 mes
1755 3321 27 31 y
1812 3311 88 33 sont
1931 3307 295 46 régulièrement
2259 3308 220 45 organisées
2510 3321 89 25 sous
2631 3311 37 36 la

1647 3354 187 36 direction
1862 3354 89 36 d'un
1981 3354 136 36 comité
2144 3354 146 44 spécial
2316 3354 67 46 qui
2411 3357 210 43 comprend
2658 3369 7 24 :

1695 3400 123 37 Mmes
1857 3400 45 36 F.
1942 3401 196 43 Jameson,
2178 3401 119 40 Platt,
2339 3401 177 45 Stewart,
2554 3402 114 39 Mlles

1646 3447 177 44 Berners,
1847 3447 197 44 Jameson,
2070 3446 182 45 Craignie
2275 3447 175 44 Halkett,

1697 3493 71 35 Ces
1787 3492 148 44 parties
1954 3495 141 33 auront
2113 3492 78 37 lieu
2209 3505 77 24 aux
2305 3495 108 34 dates
2432 3494 196 38 suivantes
2657 3509 8 24 :

1696 3538 62 36 En
1782 3538 159 45 février,
1965 3538 35 37 le
2025 3539 32 40 6,
2086 3538 91 45 prix
2203 3540 45 36 de
2273 3539 55 37 La
2356 3540 207 45 Capitaine
2595 3554 10 32 ;
2632 3543 36 39 le

2736 561 57 38 13,
2820 573 121 33 coupe
2966 564 49 34 du
3043 564 131 43 Major
3200 566 181 36 Pontifex
3416 579 8 28 ;
3451 568 33 34 le
3508 569 59 39 27,
3593 568 155 35 médail-

2736 607 53 36 les
2819 608 24 34 d
2858 621 43 22 or
2931 612 34 32 et
2998 610 174 43 d'argent
3203 613 45 35 de
3279 613 35 34 la
3345 612 87 37 ville
3462 614 45 35 de
3538 615 84 34 Pau
3660 626 9 30 ;
3702 626 45 23 en

2735 664 113 32 mars,
2873 655 33 35 le
2929 656 33 41 6,
2989 656 85 43 prix
3099 657 51 35 du
3175 657 215 44 Capitaine.

2787 699 103 36 Pour
2925 701 51 35 Ses
3010 702 144 42 parties
3188 703 216 43 d'hommes,
3437 704 54 36 les
3522 706 107 35 dates
3661 709 87 32 sont

2737 745 96 36 ainsi
2865 747 112 36 fixées
3014 760 7 22 :
3052 760 44 23 en
3126 748 163 43 janvier,
3320 751 32 34 le
3379 751 34 42 2,
3444 751 176 36 Bouclier
3651 754 96 33 Ans-

2737 792 149 35 rrutlier
2923 804 7 29 ;
2963 793 32 35 le
3025 794 32 41 6,
3088 795 86 42 prix
3205 796 44 34 de
3279 797 35 34 la
3343 796 158 41 Banque
3530 798 170 40 anglaise
3738 809 7 28 ;

2736 837 32 35 le
2782 838 65 45 jSO,
2868 848 121 33 coupe
3010 839 200 37 Ylacdona,
3237 842 55 35 En
3316 842 154 39 février,
3492 844 52 34 les
3567 844 44 34 10
3633 848 35 31 et
3691 845 56 36 11,

2735 882 176 37 médaille
2937 885 82 35 d'or
3044 886 46 34 de
3116 886 35 35 la
3178 887 86 36 ville
3289 888 45 36 de
3362 888 81 35 Pau
3479 900 8 28 ;
3516 889 33 35 le
3574 890 59 37 21,
3659 889 88 40 prix

2735 928 168 37 Halbers
2953 942 7 26 ;
3004 930 52 36 les
3095 932 48 34 27
3183 937 34 31 et
3259 934 58 37 28.
3358 946 122 29 coupe
3520 934 53 35 sir
3614 935 133 36 Victor

2735 974 161 37 Brooke.
2929 976 55 34 En
3018 989 112 30 mars,
3161 977 32 36 le
3222 994 34 27 0,
3286 979 173 36 médaille
3488 980 81 35 d'or
3599 981 149 35 Hamil-

2735 1025 63 30 ton
2831 1033 7 23 :
2863 1022 32 34 le
2917 1024 33 37 G,
2973 1022 86 41 prix
3083 1024 48 33 du
3157 1024 95 36 Club
3276 1025 149 37 anglais
3455 1037 8 25 ;
3488 1026 52 35 les
3561 1027 47 34 28
3631 1032 35 30 et
3688 1029 59 34 31,

2733 1078 122 32 coupe
2882 1068 198 36 Rilmaiuc.
3108 1069 59 35 En
3191 1071 108 41 avril,
3326 1061 32 45 Je
3382 1072 34 36 3.
3443 1071 88 39 prix
3555 1073 49 34 du
3632 1073 115 40 Capi-

2735 1112 101 36 taine
2869 1125 8 29 ;
2904 1114 52 35 les
2982 1115 45 33 10
3052 1120 35 29 et
3114 1116 56 42 11,
3194 1117 106 35 croix
3325 1118 45 35 de
3397 1116 274 38 Saint-André.

2783 1158 96 35 MM.
2912 1159 229 43 Dominique
3171 1162 176 36 Coussies
3376 1165 36 33 et
3443 1164 36 35 J.
3510 1163 119 43 Lloyd
3660 1168 87 33 sont

2732 1205 170 35 attachés
2936 1217 49 23 au
3020 1206 97 36 Club
3150 1219 143 25 comme
3328 1208 312 44 professionnels.

2785 1250 51 36 Le
2862 1252 48 34 27
2937 1251 155 42 février,
3123 1252 51 35 les
3201 1254 128 36 dames
3357 1255 184 35 membres
3568 1256 52 35 du
3649 1256 95 37 Club

2732 1295 194 37 tiendront
2953 1297 80 36 leur
3057 1299 205 36 assemblée
3288 1299 187 44 annuelle,
3500 1306 36 30 et
3561 1302 33 35 le
3620 1303 43 34 13
3690 1303 55 35 fé-

2732 1342 100 36 vrier
2856 1349 138 29 auront
3019 1342 75 36 lieu
3117 1344 53 35 les
3194 1344 179 37 élections
3397 1346 66 35 des
3487 1348 184 35 membres
3696 1350 51 34 du

2730 1388 135 36 comité
2895 1388 199 36 directeur.

2781 1434 227 36 L'adhésion
3038 1436 46 34 de
3112 1438 56 33 cet
3223 1436 214 41 important
3493 1444 253 35 groupement

2728 1478 149 43 sportif
2914 1483 56 32 est
3010 1493 50 21 iiii
3099 1493 175 25 nouveau
3311 1483 128 36 succès
3477 1483 23 36 à
3538 1484 124 37 l'actif
3699 1488 44 35 de

2729 1525 236 36 l'affiliation
3000 1527 64 35 des
3102 1526 167 38 Sociétés
3304 1530 46 35 de
3384 1529 85 44 golf
3503 1530 46 36 de
3583 1531 159 39 France.

3591 1594 37 37 J.
3654 1594 36 37 S.

598 3694 134 58 UNE
766 3692 342 58 NOUVELLE
1144 3678 388 72 TRAVERSÉE
1566 3694 84 56 DE
1686 3696 88 54 LA
1810 3696 272 58 MANCHE
2116 3696 88 58 EN
2240 3680 392 78 AÉROPLANE

607 4976 142 46 Trajet
779 4976 216 45 accompli,
1026 4976 234 42 dimanche,
1291 4986 78 35 par
1401 4977 427 45 l'aviateursopwith,
1866 4979 102 36 dans
2006 4989 47 26 sa
2091 4981 203 35 tentative
2329 4991 109 33 pour
2476 4982 36 36 le
2549 4984 96 41 prix

738 5027 46 37 de
805 5026 159 37 100.000
985 5027 135 44 francs
1144 5027 50 36 du
1217 5027 121 37 baron
1362 5023 50 36 de
1447 5024 150 36 Forest
1615 5033 12 26 :
1662 5024 50 36 de
1749 5025 82 36 l'île
1866 5026 195 47 Sheppey
2096 5027 25 36 à
2139 5029 374 49 Beaumont-Bely.

2728 1744 406 74 PARACHUTES
3184 1746 164 74 POUR
3394 1746 352 80 AVIATEURS

2787 1912 96 42 Mlle
2914 1913 215 53 Marvingt
3173 1932 104 26 nous
3314 1916 143 43 donne
3489 1934 75 26 son
3598 1921 91 49 opi-

2787 1979 98 40 nion
2909 1994 8 25 :
2944 1996 17 23 «
2990 1977 58 44 Le
3070 1980 233 50 parachute
3326 1996 92 27 sera
3445 1981 164 51 parfait,
3632 1999 56 26 ou

3044 2042 25 42 il
3098 2059 52 26 ne
3176 2060 92 26 sera
3295 2060 85 37 pas.
3414 2061 17 21 »

2774 2194 57 37 La
2853 2195 173 45 question
3052 2196 64 35 des
3140 2198 230 42 parachutes
3393 2211 100 31 pour
3517 2199 227 43 aéroplanes

2728 2254 23 24 a
2778 2241 77 37 fait
2883 2242 122 36 éclore
3031 2245 90 41 trop
3151 2243 155 37 d'essais
3334 2248 37 32 et
3400 2248 86 41 trop
3515 2247 45 35 de
3592 2247 154 43 polémi-

2726 2300 92 32 ques
2855 2300 100 33 pour
2992 2300 73 32 que
3101 2289 74 36 l'on
3215 2303 46 23 ne
3298 2291 191 39 s'entoure
3525 2305 84 31 pas,
3648 2295 95 34 dans

2728 2347 70 24 son
2853 2335 123 44 étude,
3007 2336 46 35 de
3107 2338 86 33 tous
3249 2337 53 36 les
3358 2338 83 35 avis
3497 2340 247 43 compétents.

2804 3262 90 40 Mlle
2913 3265 223 41 MARVINGT

3258 2390 90 30 lvliJe
3379 2390 125 31 Marie
3534 2390 211 41 Marvmg't,

3255 2431 64 43 qui
3338 2431 65 36 fut
3422 2436 116 32 avant
3557 2433 92 36 Mlle
3667 2434 79 35 Du-

3254 2478 109 43 trieu,
3395 2478 209 37 détentrice
3633 2481 46 35 de
3709 2481 38 35 la

3254 2524 132 44 Coupe
3410 2525 161 36 Femina
3594 2529 36 33 et
3654 2527 92 35 don-

3254 2582 93 24 nera
3376 2570 23 35 à
3428 2572 187 36 Elcelsior
3645 2574 102 43 quel-

3254 2629 82 31 ques
3359 2617 205 44 ingénieux
3583 2631 162 32 aperçus

3252 2675 62 24 sur
3330 2663 199 38 l'aviation
3546 2665 198 37 féminine.

3304 2733 99 35 Tout
3441 2734 171 44 d'abord,
3651 2734 92 36 Mlle

3254 2779 199 44 Marviiigt
3494 2793 118 32 pense
3651 2782 91 44 qu'il

3254 2838 85 24 sera
3369 2827 160 36 difficile
3558 2828 46 36 de
3632 2828 113 36 réali-

3254 2885 59 24 ser
3349 2885 89 24 sans
3473 2874 271 38 inconvénient

3254 2932 52 23 un
3344 2921 213 43 parachute
3596 2934 147 24 encom-

3253 2967 113 35 brant
3382 2968 54 35 les
3453 2968 188 45 surfaces,
3660 2970 84 35 nui-

3251 3016 84 33 sant
3353 3026 74 32 par
3444 3015 98 36 suite
3560 3015 23 36 à
3600 3016 143 36 l'avan-

3255 3063 145 33 cement
3425 3064 37 33 et
3488 3061 22 35 à
3535 3062 37 35 la
3596 3066 147 33 susten-

3253 3107 134 36 tation.
3406 3107 102 36 Mais
3526 3110 70 35 elle
3613 3110 132 36 estime

3254 3153 224 37 néanmoins
3517 3156 90 42 qu'il
3647 3157 97 36 n'est

3252 3212 72 32 pas
3340 3201 137 37 inutile
3496 3203 45 35 de
3558 3203 103 36 faire
3679 3205 65 35 des

3255 3247 117 36 essais
3401 3248 22 36 à
3452 3252 58 33 cet
3538 3249 129 45 égard.

3303 3316 264 39 L'infériorité
3596 3320 51 36 du
3675 3333 69 31 pa-

2724 3364 159 31 rachute
2910 3364 57 32 est
2995 3374 52 29 qu
3061 3364 27 33 il
3115 3374 48 25 ne
3191 3367 148 39 permet
3367 3377 72 30 pas
3467 3366 46 35 de
3541 3367 140 36 choisir
3709 3369 34 34 le

2725 3405 112 44 point
2863 3407 47 35 de
2937 3408 112 36 chute
3073 3429 51 4 —
3149 3422 50 24 ou
3225 3411 287 45 d'atterrissage
3537 3413 119 37 forcé.
3686 3415 58 36 De

2722 3455 102 33 sorte
2858 3467 84 31 que,
2977 3467 47 23 en
3059 3467 62 24 cas
3156 3457 222 42 d'accident,
3414 3459 92 36 Mlle
3540 3460 201 43 Marvingt

2725 3511 40 25 se
2791 3504 152 40 promet
2970 3502 46 36 de
3044 3503 117 36 lutter
3188 3504 182 44 jusqu'au
3397 3506 152 37 dernier
3577 3512 165 34 moment

2723 3558 98 32 pour
2838 3547 161 37 rétablir
3016 3549 213 45 l'équilibre
3248 3552 45 35 de
3309 3552 207 42 l'appareil
3532 3574 50 4 —
3599 3567 142 25 comme

2722 3593 70 36 elle
2826 3593 51 37 l'a
2909 3607 52 24 vu
2995 3595 104 37 faire
3133 3596 23 36 à
3190 3598 173 37 Latham,
3398 3611 68 24 son
3502 3601 237 40 professeur,

2722 3640 96 36 dans
2845 3653 53 24 un
2927 3653 63 25 cas
3017 3643 200 39 analogue,
3246 3645 50 36 où
3321 3646 71 36 elle
3418 3646 321 42 l'accompagnait

2722 3699 46 24 en
2789 3687 145 45 qualité
2954 3689 47 37 de
3021 3690 219 43 passagère.

2940 3786 253 47 L'objection
3224 3790 48 35 de
3302 3790 39 35 la
3371 3791 153 36 vitesse

2771 3876 93 38 Mlle
2891 3877 202 46 Marvingt
3119 3891 23 25 a
3171 3879 98 46 déjà'
3288 3881 261 43 expérimenté
3577 3884 66 37 des
3670 3897 70 29 pa-

2721 3925 189 43 rachutes,
2942 3925 96 35 mais
3071 3938 46 24 en
3147 3926 210 43 s'élançant
3412 3929 180 42 toujours
3649 3932 89 36 d'un

2723 3970 112 44 point
2861 3971 84 36 fixe.
2973 3971 86 37 Elle
3083 3972 64 36 n'a
3173 3986 145 24 aucune
3342 3975 84 37 idée
3452 3977 45 36 de
3523 3989 41 24 ce
3589 3978 67 39 qui
3680 3991 60 23 ar-

2722 4016 159 37 riverait
2912 4030 46 23 en
2988 4031 40 23 se
3058 4019 238 45 précipitant
3327 4022 91 36 d'un
3447 4023 113 41 point
3588 4025 150 40 mobile,

2721 4064 125 35 animé
2869 4064 113 37 d'une
3004 4065 138 38 vitesse
3164 4068 45 35 de
3231 4068 46 35 60
3299 4068 219 38 kilomètres
3539 4070 24 36 à
3584 4071 153 37 l'heure.

2722 4110 88 36 Ceci
2844 4113 56 33 est
2934 4123 46 24 en
3014 4112 91 36 effet
3139 4113 221 44 l'objection
3393 4115 290 38 fondamentale
3716 4119 23 34 à

2720 4156 101 36 faire
2847 4169 22 23 a
2894 4158 37 35 la
2957 4158 163 40 plupart
3145 4160 64 35 des
3234 4161 188 37 solutions
3447 4164 184 37 adoptées
3656 4165 82 38 jus-

2720 4203 132 48 q^'j&i.,..
2872 4205 302 43 f)]J,,,p,aJ.'tic¡¡lier
3200 4206 23 36 à
3250 4208 91 36 celle
3367 4209 46 36 de
3440 4209 53 36 M.
3522 4211 117 40 Fays,
3656 4201 83 50 'pu-

2720 4250 97 36 bliée
2840 4253 53 41 par
2893 4253 254 41 E.,,vcelsior.'La.
3172 4253 63 36 La.
3252 4254 174 37 descente
3451 4256 51 35 du
3527 4259 212 39 parachute

2720 4297 208 36 sera-t-elle
2957 4309 104 24 assez
3090 4299 125 36 subite
3243 4312 101 30 pour
3371 4301 119 37 éviter
3517 4303 92 40 qu'il
3636 4304 102 37 frôle

2720 4342 264 44 l'empennage
3012 4344 17 35 ?
3050 4344 239 38 Faudra-t-il
3308 4359 40 24 se
3368 4348 121 36 servir
3510 4349 91 36 d'un
3622 4363 116 26 para-

2720 4389 112 36 chute
2868 4388 149 38 faisant
3056 4403 114 32 corps
3208 4404 91 24 avec
3337 4393 213 43 l'aviateur,
3590 4400 36 32 et
3664 4410 74 26 par

2718 4435 98 36 suite
2840 4436 251 37 abandonner
3113 4438 218 42 l'appareil,
3356 4452 50 24 ou
3429 4441 88 36 bien
3541 4443 196 40 employer

2720 4494 51 23 un
2802 4482 115 44 engin
2950 4484 46 35 de
3028 4496 152 24 secours
3212 4485 223 44 s'adaptant
3467 4488 23 35 à
3520 4489 216 38 l'ensemble

2718 4528 402 44 aéroplane-aviateur
3158 4531 17 36 ?
3207 4532 270 44 L'expérience
3507 4536 103 36 seule
3640 4549 96 24 nous

2717 4575 246 44 renseignera
2984 4575 23 36 à
3029 4579 58 33 cet
3109 4576 130 46 égard,
3260 4579 97 36 mais
3378 4580 70 36 elle
3469 4593 87 25 sera
3576 4582 160 38 délicate

2717 4623 37 33 et
2777 4621 246 44 dangereuse.

2766 4666 129 45 Enfin,
2924 4668 34 36 le
2985 4669 212 47 parachute
3223 4670 113 46 idéal,
3363 4685 72 31 que
3460 4673 214 39 révéleront
3701 4676 34 37 le

2718 4724 185 25 concours
2921 4726 100 32 pour
3039 4720 34 31 le
3092 4715 90 45 prix
3199 4716 165 38 Lalance
3383 4721 36 34 et
3437 4719 216 39 l'ensemble
3672 4723 65 36 des

2718 4759 117 36 essais
2858 4761 222 42 poursuivis
3104 4774 46 24 en
3174 4762 149 38 France
3347 4777 101 28 pour
3470 4766 184 39 l'instant,
3679 4772 56 33 est

2718 4804 251 38 évidemment
3024 4807 271 39 extrêmement
3348 4811 199 38 désirable.
3577 4814 102 37 Mais
3707 4815 27 36 il

2719 4851 143 36 faudra
2895 4864 90 37 que^
3001 4854 65 35 des
3100 4855 244 43 expériences
3402 4858 172 40 répétées
3632 4861 104 37 aient

2719 4910 146 31 prouvé
2884 4911 44 23 sa
2948 4900 162 36 sécurité
3131 4902 165 37 absolue.
3320 4904 77 36 Car
3414 4904 28 36 il
3462 4905 90 37 faut
3572 4908 164 38 pouvoir

2719 4947 172 41 compter
2921 4945 249 38 entièrement
3199 4960 66 24 sur
3294 4949 65 36 lui.
3392 4950 65 41 Or,
3487 4957 248 34 pourra-rt-on

2718 4990 141 44 jamais
2881 5003 39 24 se
2942 4992 69 36 fier
3033 4993 279 44 parfaitement
3335 4996 22 35 à
3379 5010 52 23 un
3453 5000 179 37 appareil
3654 5001 82 36 for-

2719 5036 145 37 cément
2902 5038 104 45 léger
3043 5042 37 33 et
3118 5040 155 45 fragile,
3312 5043 93 36 dont
3443 5044 169 41 l'emploi
3650 5059 85 25 sera

2718 5084 179 44 toujours
2916 5084 217 45 inquiétant
3153 5091 37 33 et
3210 5088 160 38 difficile
3397 5090 17 36 ?

3946 592 148 50 NOS
4134 594 368 54 GRANDES
4542 594 316 64 ÉQUIPES
4898 606 100 50 DE
5044 610 690 56 FOOTBALL-RUGBY

3799 1951 176 40 L'ÉQUIPE
3998 1961 69 25 DES
4097 1967 14 15 «
4135 1957 219 32 PROBABLES
4381 1969 13 16 »
4424 1966 63 30 QUI
4509 1968 21 23 A
4553 1968 118 25 BATTU
4694 1962 168 38 L'ÉQUIPE
4895 1971 68 26 DES
5004 1978 14 15 «
5053 1968 207 32 POSSIBLES
5297 1981 13 15 »
5351 1976 190 27 DIMANCHE
5574 1981 22 22 A
5628 1974 181 32 COLOMBE;

4017 2007 52 32 La
4098 2008 153 40 plupart
4285 2009 44 32 de
4363 2017 60 25 ces
4454 2011 155 39 joueurs
4641 2014 124 40 ferçnt
4797 2016 121 38 partie
4952 2018 43 31 de
5029 2019 155 40 l'équipe
5216 2022 183 32 nationale
5431 2024 196 36 française.

4056 2117 173 46 PECHE
4252 2128 32 33 A
4311 2128 63 36 LA
4402 2129 158 38 LIGNE

3845 2214 96 60 La
3974 2215 395 64 Fédération
4406 2220 369 63 Parisienne

4066 2304 115 61 des
4222 2306 329 63 Pêcheurs

3851 2413 88 35 Une
3975 2414 90 36 idée
4100 2417 202 44 originale
4337 2418 41 34 et
4412 2418 284 44 intéressante,
4735 2421 78 35 due

3801 2480 50 4 —
3880 2461 34 33 si
3943 2470 73 25 nos
4044 2463 353 43 renseignements
4427 2468 92 32 sont
4547 2468 138 33 exacts
4711 2489 53 4 —
4789 2468 25 35 à

3801 2505 239 37 l'initiative
4076 2508 70 36 des
4181 2511 175 35 sociétés
4393 2511 48 35 de
4475 2513 206 40 pêcheurs
4718 2514 22 35 à
4775 2514 38 35 la

3800 2552 108 45 ligne
3928 2554 49 35 de
3996 2555 425 45 Neuilly-sur-Seine,
4443 2559 63 34 est
4523 2560 290 35 actuellement

3801 2599 24 35 à
3850 2599 149 36 l'ordre
4025 2601 54 35 du
4103 2602 97 44 jour
4225 2603 99 36 dans
4352 2604 36 35 le
4412 2605 148 35 monde
4585 2606 69 35 des
4682 2609 128 32 trem-

3800 2655 126 34 peurs
3955 2647 50 34 de
4032 2648 63 44 fil.

3848 2692 30 34 Il
3908 2693 119 45 s'agit
4054 2694 48 35 de
4128 2696 124 42 créer,
4282 2698 330 35 conformément
4640 2699 22 35 à
4691 2699 38 35 la
4757 2700 53 35 loi

3801 2737 48 36 de
3874 2740 108 41 1901,
4006 2750 80 25 une
4107 2743 116 34 vaste
4244 2744 250 35 association
4516 2745 69 34 des
4608 2745 202 40 pêcheurs

3802 2784 22 35 à
3849 2785 37 34 la
3912 2786 108 42 ligne
4046 2787 48 35 de
4121 2788 37 35 la
4183 2789 141 43 région
4351 2791 249 40 parisienne,
4628 2791 184 36 destinée

3801 2831 22 35 à
3848 2832 103 35 tirer
3976 2833 92 35 tout
4092 2834 36 35 le
4151 2836 110 42 parti
4285 2836 182 43 possible
4490 2837 49 35 de
4565 2838 38 34 la
4626 2837 184 36 bienfai-

3800 2878 117 35 sante
3941 2879 53 35 loi
4019 2880 54 36 du
4096 2881 48 34 20
4164 2881 165 45 janvier
4354 2884 111 34 1902.

3848 2925 31 33 Il
3918 2935 27 31 y
3984 2935 22 25 a
4047 2936 52 25 au
4138 2928 134 35 moins
4311 2930 167 35 200.000
4517 2930 204 41 pêcheurs
4761 2942 51 26 en

3801 2970 119 36 Seine
3951 2972 40 35 et
4019 2972 314 38 Seine-et-Oise
4352 2983 9 34 ;
4390 2976 84 35 s'ils
4503 2976 240 36 s'associent
4771 2978 42 35 et

3794 3018 167 35 versent
3980 3020 231 35 seulement
4227 3022 21 33 3
4270 3022 138 35 francs
4428 3032 75 31 par
4521 3023 93 40 tête,
4637 3024 49 35 ils
4704 3034 106 32 peu-

3798 3065 99 34 vent
3922 3065 118 35 louer
4064 3066 94 44 plus
4184 3067 48 35 de
4257 3070 67 33 500
4347 3068 240 37 kilomètres
4615 3071 49 34 de
4690 3080 121 27 cours

3801 3110 127 44 d'eau,
3971 3122 167 25 assurer
4177 3124 56 24 un
4272 3116 314 43 repeuplement
4625 3117 183 43 intensif,

3799 3167 82 27 une
3900 3160 277 34 surveillance
4198 3161 192 36 effective
4412 3164 266 38 permanente
4699 3164 111 40 (gar-

3801 3203 68 36 des
3906 3206 101 34 lixes
4044 3206 40 34 el
4117 3206 223 45 baignades
4376 3208 204 43 mobiles),
4619 3210 41 35 et
4695 3211 117 34 avoir

3801 3260 147 26 encore
3981 3252 67 35 des
4083 3253 187 35 réserves
4303 3255 214 43 copieuses
4551 3265 49 25 en
4632 3257 132 35 caisse
4804 3267 6 24 :

3800 3297 98 35 c'est
3922 3299 93 43 plus
4043 3300 96 43 qu'il
4168 3299 92 36 n'en
4287 3301 92 35 faut
4404 3311 107 34 pour
4537 3312 167 26 assurer
4730 3313 82 25 non

3795 3345 230 35 seulement
4044 3346 36 35 le
4098 3346 121 42 salut,
4240 3348 105 34 mais
4366 3357 147 26 encore
4530 3358 81 26 une
4629 3349 184 36 richesse

3800 3392 189 43 aquicole
4014 3402 94 26 sans
4132 3393 249 44 précédente
4406 3394 22 35 à
4451 3404 74 26 nos
4550 3405 122 26 cours
4696 3396 116 36 d'eau

3799 3439 219 43 parisiens.

3845 3485 115 44 Déjà,
3995 3486 79 34 l'on
4103 3487 117 42 parle
4250 3497 50 25 en
4330 3488 103 35 haut
4464 3488 83 36 lieu
4577 3489 55 36 du
4663 3490 148 42 plaisir

3799 3531 123 46 qu'on
3944 3533 140 35 aurait
4106 3533 22 35 à
4150 3534 199 35 concéder
4372 3535 293 36 amiablement
4686 3536 23 35 à
4730 3546 82 26 une

3799 3578 96 35 telle
3915 3579 250 41 association
4185 3581 36 35 le
4240 3581 355 36 renouvellement
4612 3582 70 36 des
4701 3582 110 36 baux

3800 3624 48 36 de
3882 3626 130 43 pêche
4047 3626 157 36 actuels
4238 3637 73 25 sur
4345 3628 39 34 la
4419 3628 129 42 Seine,
4585 3629 50 35 de
4669 3629 140 36 Saint-

3796 3672 141 35 Assise
3966 3672 24 36 à
4017 3673 166 35 Vernon
4204 3683 8 30 ;
4243 3683 72 26 sur
4344 3674 39 35 la
4412 3675 150 40 Marne,
4594 3675 165 44 d'Esbly
4787 3676 24 36 à

3797 3718 235 36 Charenton
4051 3730 9 33 ;
4094 3729 72 26 sur
4200 3720 132 42 l'Oise,
4366 3721 49 36 de
4448 3721 106 36 Creil
4589 3722 23 35 à
4645 3723 164 36 Maure-

3798 3765 119 36 court
3937 3776 7 32 ;
3971 3776 72 26 sur
4068 3767 37 35 le
4129 3767 313 42 Grand-Morin,
4469 3778 73 27 sur
4568 3769 56 35 les
4650 3779 160 26 canaux

3797 3811 49 37 de
3873 3813 38 35 la
3934 3813 154 41 région,
4116 3822 73 27 sur
4214 3814 58 35 les
4296 3814 137 41 pièces
4459 3815 117 36 d'eau
4602 3815 41 36 et
4667 3816 140 43 étangs

3797 3858 99 36 dont
3923 3860 38 35 la
3987 3860 130 43 pêche
4144 3860 240 45 appartient
4410 3861 23 35 à
4460 3861 134 36 l'Etat.

3841 3905 332 46 L'organisation
4205 3906 49 36 de
4287 3907 107 36 cette
4425 3907 117 36 vaste
4573 3908 235 37 fédération

3797 3952 62 35 est
3884 3952 84 36 très
3994 3954 158 44 simple,
4182 3954 56 35 les
4264 3953 269 37 nombreuses
4559 3955 174 36 sociétés
4760 3956 48 35 de

3796 3999 129 45 pêche
3947 4000 49 35 de
4019 4000 38 35 la
4079 4000 144 45 région
4245 4001 186 44 pouvant
4454 4001 356 36 immédiatement

3795 4055 42 26 se
3873 4047 276 34 transformer
4185 4056 49 25 en
4269 4047 189 36 sections'
4485 4048 50 35 de
4570 4049 39 34 la
4644 4049 164 35 fédéra-

3797 4093 97 43 tion,
3926 4099 93 29 sans
4049 4093 150 45 perdre
4226 4092 220 46 pd'uffeela
4475 4095 90 35 leur
4591 4096 68 34 vie
4689 4096 118 35 indé-

3795 4140 217 44 pendante.
4038 4140 90 35 Elle
4155 4141 139 35 aurait
4320 4140 116 36 entre
4464 4141 152 35 autres,
4632 4142 173 36 avanta-

3795 4195 68 36 ges
3891 4187 107 35 celui
4025 4186 47 36 de
4097 4186 228 45 permettre
4352 4186 22 36 à
4400 4187 91 36 tous
4520 4188 57 35 les
4604 4189 202 43 pêcheurs

3796 4234 172 38 affiliés
3981 4233 52 36 de
4060 4234 152 40 pêcher
4244 4243 97 25 avec
4371 4233 153 40 succès,
4559 4242 50 27 en
4638 4235 99 40 paix
4762 4235 46 35 et

3795 4289 93 26 sans
3910 4279 159 35 crainte
4089 4273 48 41 de
4157 4280 93 35 voir
4277 4293 17 18 «
4318 4280 146 34 coiffer
4485 4280 110 36 leurs
4617 4290 130 35 coups,
4767 4295 35 28 »,
4820 4291 9 26 ;

3793 4326 101 36 dans
3916 4336 58 26 un
3996 4326 191 35 domaine
4212 4325 235 36 infiniment
4468 4326 93 45 plus
4584 4326 117 36 vaste
4725 4336 80 36 que

3794 4373 36 35 le
3849 4372 122 36 cadre
3989 4372 49 36 de
4058 4373 89 35 leur
4166 4371 130 45 petite
4314 4372 164 42 société,
4500 4372 91 36 tout
4611 4381 50 27 en
4680 4373 125 45 ayant

3792 4419 173 45 partout
3991 4419 57 35 les
4077 4418 153 36 mêmes
4261 4418 233 46 avantages.

3840 4467 33 34 Il
3900 4466 62 35 est
3989 4465 23 35 à
4037 4464 217 37 souhaiter
4265 4464 165 39 .qu'une
4456 4465 96 35 telle
4579 4465 89 36 idée
4694 4466 112 37 fasse

3793 4522 75 26 son
3896 4512 166 36 chemin
4089 4501 266 55 rapidement
4379 4511 41 35 -'ét
4447 4520 79 36 que
4555 4511 38 36 la
4621 4512 182 36 Fédéra-

3794 4559 90 36 tion
3923 4559 240 45 parisienne
4203 4558 71 35 des
4315 4557 203 45 pêcheurs
4560 4558 83 35 soit
4683 4559 124 35 chose

3795 4606 103 36 faite
3931 4615 53 26 au
4014 4604 127 37 début
4171 4604 50 35 de
4255 4605 96 34 1911
4384 4613 107 35 pour
4520 4604 179 45 pouvoir
4730 4604 74 37 dé-

3793 4661 123 35 poser
3946 4660 63 27 ses
4041 4650 220 37 demandes
4293 4649 291 37 d'association
4614 4651 125 36 avant
4769 4652 37 35 le

3794 4700 48 35 30
3878 4698 104 45 juin,
4022 4697 159 45 époque
4217 4695 55 37 du
4331 4696 355 36 renouvellement
4734 4696 69 37 des

3791 4745 113 36 baux
3929 4744 49 36 de
4004 4743 142 46 pêche.

3851 4829 440 72 EXPÉRIENCES
4334 4842 82 56 DE
4463 4842 289 57 SIGNAUX

3985 4927 46 54 A
4070 4925 86 55 LA
4194 4925 168 55 TOUR
4404 4925 215 54 EIFFEL

3842 5043 275 47 Aujourd'hui,
4142 5043 23 36 à
4190 5043 24 35 4
4235 5043 147 43 heures,
4407 5043 38 35 la
4469 5042 121 45 Ligue
4614 5043 195 36 nationale

3796 5093 192 36 Aérienne
4029 5091 89 36 fera
4172 5091 46 39 de
4245 5089 194 37 nouvelles
4480 5089 244 44 expériences
4766 5091 45 35 de

4873 2147 163 45 signaux
5063 2151 51 35 du
5142 2152 195 38 deuxième
5364 2154 108 41 étage
5499 2156 46 36 de
5571 2156 37 36 la
5635 2160 87 32 tour
5750 2158 127 36 Eiffel.

4871 2194 71 36 Les
4968 2196 162 44 signaux
5157 2202 128 33 seront
5311 2201 128 39 placés
5464 2214 65 23 sur
5555 2203 233 39 l'esplanade
5814 2205 63 35 des

4872 2241 194 38 Invalides
5099 2247 36 33 et
5167 2245 35 36 le
5234 2249 96 40 pont
5363 2247 314 38 Alexandre-III.
5713 2250 70 36 Ces
5817 2264 60 23 ex-

4872 2288 194 43 périences
5097 2291 89 36 font
5215 2292 98 36 suite
5343 2293 23 35 à
5396 2295 109 35 celles
5533 2308 72 28 que
5634 2308 97 24 nous
5761 2310 116 21 avons

4870 2334 198 46 signalées,
5094 2341 35 31 et
5154 2342 128 32 seront
5307 2341 240 43 poursuivies
5571 2342 306 38 ultérieurement

4872 2393 49 24 au
4945 2393 109 34 camp
5080 2384 45 36 de
5151 2385 176 37 Châlons.

4874 2502 66 74 Le
4958 2502 320 76 Calendrier
5296 2506 348 76 automobile
5658 2510 66 74 de
5744 2510 132 78 1911

5045 2653 332 42 Modifications
5407 2660 42 35 et
5481 2658 225 41 additions

4920 2773 105 36 Nous
5049 2786 118 25 avons
5192 2777 140 45 publié,
5360 2779 225 44 avant-hier,
5610 2781 34 36 le
5668 2781 209 36 calendrier

4871 2827 229 36 automobile
5136 2840 100 32 pour
5271 2830 108 44 1911,
5416 2831 97 43 voté,
5550 2831 23 36 à
5609 2832 268 38 l'Automobile

4873 2878 107 44 Club,
5004 2891 74 32 par
5102 2892 73 24 une
5200 2883 203 36 assemblée
5425 2884 305 40 internationale.

4919 2942 72 36 Les
5020 2944 278 38 modifications
5328 2947 193 38 suivantes
5551 2953 66 33 ont
5648 2952 57 36 été
5736 2965 143 30 appor-

4870 2994 77 36 tées
4968 2995 23 36 à
5012 3008 40 24 ce
5074 2997 210 37 calendrier
5303 3011 75 32 par
5400 3000 269 41 l'Automobile
5691 3004 96 38 Club
5808 3007 71 36 lui-

4868 3047 118 37 même
5018 3061 8 23 :

4918 3112 63 36 Au
5007 3113 76 36 lieu
5110 3115 66 40 du,
5190 3115 193 38 Concours
5410 3118 263 47 d'endurance,
5701 3123 175 43 organisé

4871 3176 72 32 par
4968 3165 271 38 l'Automobile
5266 3168 95 37 Club
5388 3170 45 36 de
5460 3170 134 45 Suède,
5619 3173 53 36 les
5696 3175 47 34 26
5769 3178 35 33 et
5829 3177 48 36 2.7

4870 3216 98 45 juin,
4993 3228 95 26 nous
5113 3231 151 33 aurons,
5290 3222 50 35 du
5365 3223 46 34 25
5435 3222 85 44 juin
5545 3236 49 24 au
5616 3227 22 32 2
5662 3226 138 45 juillet,
5825 3241 51 23 un

4872 3270 194 37 Concours
5092 3272 252 37 d'endurance
5371 3275 174 44 organisé
5570 3289 74 31 par
5668 3278 208 38 l'Automo-

4870 3321 74 36 bile
4970 3323 95 35 Club
5090 3324 46 35 de
5160 3324 229 37 Danemark.

4920 3380 117 37 Fixée
5061 3382 157 36 d'abord
5243 3395 74 24 aux
5341 3385 112 35 18-20
5477 3385 138 45 juillet:
5639 3388 38 36 la
5703 3389 174 37 Semaine

4871 3433 183 44 nautique
5088 3435 50 35 du
5172 3436 58 34 lac
5265 3436 45 35 de
5346 3437 211 38 Constance
5591 3452 95 24 aura
5718 3442 76 36 lieu
5827 3444 52 36 du

4870 3486 48 35 18
4939 3498 49 24 au
5010 3487 46 35 25
5078 3487 137 43 juillet.

4918 3547 72 36 Les
5013 3548 193 36 additions
5230 3553 225 34 concernent
5477 3552 53 36 les
5554 3551 182 45 épreuves
5759 3554 118 36 autri-

4870 3600 176 36 chiennes
5072 3601 195 36 suivantes
5302 3614 7 24 :

4912 3650 84 27 16-23
5023 3650 93 27 avril.
5143 3666 34 3 —
5202 3651 195 32 Exposition
5422 3653 255 29 internationale
5704 3655 18 27 à
5747 3656 127 32 Prague

4873 3689 121 33 (Cesky
5018 3691 82 27 Club
5122 3691 284 33 Automobilista).

4910 3732 84 26 13-14
5016 3732 75 27 mai.
5114 3747 34 4 —
5170 3732 170 29 Concours
5361 3739 66 22 non
5449 3736 74 31 stop
5550 3735 220 31 (Automobile
5795 3737 78 28 Club

4868 3772 221 32 Autrichien).

4909 3814 32 26 14
4975 3813 76 27 mai.
5087 3828 33 4 —
5155 3813 169 29 Concours
5360 3815 39 27 de
5434 3816 205 33 motocycles
5678 3805 196 46 (Motocycle

4872 3854 82 27 Club
4980 3854 219 32 d'Autriche).

4907 3896 29 25 21
4960 3895 75 27 mai.
5056 3910 33 4 —
5110 3895 123 28 Course
5255 3896 40 27 de
5317 3896 72 28 côte
5409 3896 19 28 à
5447 3896 77 29 Ries
5548 3898 221 31 (Automobile
5792 3900 82 28 Club

4868 3936 40 27 de
4938 3936 135 31 Styrie).

4907 3977 86 26 21-28
5018 3976 75 28 mai.
5120 3992 33 4 —
5181 3977 122 28 Course
5332 3978 39 27 de
5398 3978 72 28 côte
5496 3978 18 28 à
5541 3979 127 28 Trieste
5699 3981 45 31 (A.
5774 3981 31 27 C.
5834 3982 38 27 de

4868 4018 155 29 Triestc)..

4907 4059 33 26 28
4959 4059 129 27 mai.,—
5110 4058 125 28 Course
5255 4059 38 27 de
5316 4059 71 27 côte
5407 4059 18 28 à
5445 4060 185 36 Riedsberg'
5654 4062 218 31 (Association

4868 4099 155 32 générale
5047 4100 59 26 des
5130 4099 275 32 Motocyclistes).

4906 4141 70 26 4-17
4997 4140 83 32 juin.
5105 4155 33 4 —
5160 4135 184 32 Excursion
5369 4141 201 28 automobile
5599 4142 47 31 (A.
5672 4143 32 28 C.
5728 4140 143 34 dfÀutri-

4868 4184 226 32 clie)..
5163 4206 243 8 ....
5740 4178 43 29 "?

4906 4228 16 29 8
4949 4227 199 31 septembre.
5176 4239 34 11 ^-
5238 4227 142 28 Courses
5407 4234 87 27 pour
5507 4231 217 34 ,mQtocycles
5755 4232 115 31 (Moto-

4866 4268 93 32 cycle
4989 4269 98 32 Club.
5097 4270 220 32 d'Autriche).
5534 4292 16 11 ,•.
5578 4284 14 8 -

4872 4322 6 2 -
4906 4310 36 26 17
4970 4310 200 31 septembre.
5199 4315 44 15 ;—
5267 4312 124 27 Course
5420 4312 39 28 de
5488 4313 73 26 côte
5589 4312 44 28 du
5662 4313 207 32 Sommering

4863 4355 88 26 pour
4982 4351 149 27 voitures
5163 4353 33 25 et
5227 4352 204 32 motocycles
5467 4344 57 40 (A:
5524 4344 57 40 C.
5615 4354 190 27 d'Autriche
5838 4357 33 24 et

4864 4391 208 27 Association
5100 4391 155 31 générale
5282 4393 58 27 des
5368 4393 231 32 Motocycles).-

4862 4496 136 60 Mort
5030 4496 52 60 de
5116 4496 304 60 l'escrimeur
5458 4498 194 70 anglais
5684 4498 186 60 Hutton

4914 4628 53 36 Le
4990 4628 144 36 célèbre
5157 4627 204 38 escrimeur
5385 4629 148 45 anglais
5556 4630 140 36 Alfred
5721 4631 151 36 Hutton

4866 4677 56 33 est
4943 4674 137 37 décédé
5101 4674 83 36 hier
5205 4673 23 38 à
5248 4674 182 44 Londres,
5453 4675 23 36 à
5498 4675 97 45 l'âge
5617 4677 46 36 de
5685 4676 187 38 soixante-

4866 4719 65 37 dix
4957 4732 80 24 ans.

4915 4766 96 36 Fort
5046 4778 125 25 connu
5204 4767 96 36 dans
5333 4767 53 37 les
5419 4767 156 37 milieux
5607 4768 164 45 sportifs
5805 4781 63 24 an-

4865 4812 110 45 glais,
5008 4815 137 33 autant
5177 4825 74 32 par
5282 4824 59 25 ses
5374 4813 162 44 qualités
5569 4815 45 35 de
5647 4814 119 37 tireur
5798 4827 70 32 que

4865 4870 74 32 par
4971 4858 53 37 les
5057 4858 250 37 intéressants
5340 4871 185 33 ouvrages
5559 4859 90 45 qu'il
5684 4873 22 23 a
5740 4861 128 36 laissés

4865 4916 66 25 sur
4961 4904 88 37 l'art
5079 4905 46 36 de
5154 4905 192 44 l'escrime,
5376 4905 140 36 Alfred
5546 4906 153 36 Hutton
5728 4906 65 37 fut
5824 4920 46 24 en

4864 4951 35 44 A
4899 4951 194 44 ngleterre
5118 4950 92 43 l'un.
5210 4950 77 43 des
5314 4951 183 44 premiers
5524 4955 36 33 et
5586 4953 65 35 des
5677 4953 88 43 plus
5791 4953 80 37 fer-

4864 5000 109 33 vents
5007 5000 283 38 propagateurs
5349 4998 44 35 de
5426 4997 181 37 l'escrime
5667 5011 50 24 'au
5748 5001 122 42 sabre,

4865 5043 89 45 puis
4982 5043 145 36 ensuite
5154 5044 65 35 des
5244 5042 92 44 jeux
5362 5044 46 35 de
5434 5044 133 36 fleuret
5594 5047 36 34 et
5657 5046 141 44 d'épée.

4915 5090 78 35 Par
5014 5101 68 24 son
5105 5090 169 43 exemple
5296 5092 36 33 et
5353 5101 58 25 ses
5433 5090 122 41 écrits,
5579 5091 29 35 il
5630 5104 22 23 a
5674 5094 197 37 contribué

860 5226 34 34 •
1066 5190 145 100 La
1288 5190 386 99 Bourse
1819 5243 33 32 •
2000 5197 400 105 Hausse
2476 5226 104 81 et
2660 5210 346 103 Baisse
3081 5216 178 101 des
3337 5219 435 103 Valeurs
3916 5262 33 32 •
4093 5219 400 100 Autour
4569 5217 178 100 des
4825 5215 550 103 Corbeilles
5544 5264 33 32 •

778 5405 267 43 MOUVEMENTS
1085 5404 69 41 DES
1193 5402 174 43 VALEURS

698 5528 30 28 BOURSE
728 5528 12 28 DE
740 5528 25 28 PARIS
765 5528 12 28 du
777 5528 17 28 1er
794 5528 38 28 Décembre
832 5528 25 28 1910

1367 5604 136 27 COURS

705 5639 50 36 AU
797 5637 188 38 PARQUET
1162 5639 106 25 Différence
1523 5645 44 16 —s

941 5694 151 29 HAUSSE
1302 5674 114 28 précédents
1481 5680 28 27 du
1509 5680 47 27 jour

565 5763 161 26 OMNIBUS
1182 5756 16 26 6
1220 5775 27 8 ..
1305 5753 51 27 636
1380 5772 26 8 ..
1464 5755 50 26 642
1538 5776 25 8 ..

565 5798 208 26 COMPAGNIE
806 5797 43 24 DU
884 5794 110 25 BOLEO
1164 5792 33 26 12
1220 5811 26 7 ..
1304 5789 52 26 812
1380 5808 26 7 ..
1464 5791 50 26 824
1538 5811 26 8 ..

568 5835 84 24 SUEZ
1181 5827 15 25 5
1221 5845 26 9 ..
1287 5824 68 27 5475
1379 5843 26 8 ..
1447 5826 68 27 5480
1538 5846 26 8 ..

568 5868 236 26 3ROSDI-BACK
1181 5863 16 23 4
1221 5881 24 6 ..
1305 5859 50 27 229
1379 5879 25 6 ..
1463 5861 51 26 233
1538 5881 26 8 ..

569 5904 124 24 BRESIL
719 5904 15 23 4
760 5903 47 27 0/0
837 5902 60 24 1889
1181 5897 16 25 0
1216 5898 33 25 20
1321 5895 35 25 90
1375 5895 33 26 15
1481 5897 33 26 90
1532 5899 34 25 35

566 5939 206 21 ESPAGNOLE
797 5935 225 27 EXTERIEURE
1043 5934 16 23 4
1080 5933 47 27 0/0
1181 5932 16 26 0
1217 5933 33 25 20
1287 5931 33 25 94
1331 5930 32 26 82
1375 5929 50 31 1/2
1445 5932 33 26 95
1489 5932 95 30 021/2

567 5974 185 24 PORTUGAL
775 5974 16 22 3
817 5973 47 25 0/0
1182 5967 16 25 0
1214 5968 35 25 20
1287 5966 33 26 66
1331 5966 32 25 72
1376 5961 49 36 1/2
1446 5967 32 26 66
1489 5967 94 34 921/2

566 6009 111 25 RUSSE
695 6009 16 23 4
732 6008 47 26 0/0
805 6008 59 23 1890
1180 6003 16 25 0
1216 6003 33 26 60
1321 6000 35 25 94
1375 6000 33 26 80
1481 6003 32 25 95
1533 6005 34 25 40

612 6056 33 5 —
697 6042 196 25 CONSOLIDE
909 6042 16 22 4
942 6041 48 26 0/0
1011 6039 60 27 (lre
1087 6038 37 26 s.)
1182 6038 18 25 0
1216 6038 34 25 30
1322 6036 33 25 97
1375 6037 32 25 75
1481 6038 33 25 98
1532 6040 33 26 05

696 6077 197 25 CONSOLIDE
912 6077 15 22 4
945 6076 48 25 0/0
1015 6075 42 26 (3e
1076 6073 49 27 s.).
1181 6073 16 25 0
1217 6073 33 26 60
1322 6070 33 27 95
1375 6072 32 27 55
1480 6073 34 25 96
1533 6075 32 25 15

613 6126 32 5 —
697 6112 197 25 CONSOLIDE
919 6112 15 22 4
959 6110 47 26 0/0
1035 6109 90 24 1901...
1181 6108 16 25 0
1216 6108 33 26 35
1322 6106 33 26 96
1375 6108 33 26 50
1480 6108 33 25 96
1533 6110 32 26 85

612 6161 33 5 —
695 6149 15 22 3
732 6148 47 26 0/0
805 6147 55 24 1891
1148 6143 57 25 107
1217 6144 50 31 1,2
1287 6141 76 26 8217
1376 6141 48 34 1/2
1480 6143 33 26 83
1533 6146 32 25 25

613 6196 32 4 —
694 6184 16 23 3
732 6183 47 26 0/0
806 6183 58 23 1896
1181 6178 17 25 0
1216 6178 34 26 90
1322 6177 33 25 80
1374 6178 34 26 30
1480 6178 32 25 81
1533 6181 33 25 20

613 6231 8 4 —
638 6230 7 5 -
695 6219 15 22 3
735 6218 44 27 1/2
799 6218 47 25 0/0
871 6216 59 24 1894
1182 6213 14 25 1
1218 6214 31 25 15
1322 6212 33 25 89
1375 6213 33 26 10
1480 6213 34 26 90
1532 6216 33 26 25

613 6265 32 5 —
695 6255 15 22 5
732 6253 47 23 0/0
805 6252 59 24 1906
1181 6248 17 25 0
1217 6249 34 25 20
1305 6246 51 26 104
1375 6248 32 26 65
1463 6248 51 26 104
1532 6251 33 25 85

613 6301 34 4 —
695 6289 16 22 4
735 6282 43 32 t/2
798 6287 47 26 0/0
871 6287 58 23 1909
1021 6279 21 31 ..'
1182 6283 16 25 0
1217 6283 33 26 35
1305 6282 50 25 103
1375 6284 34 25 50
1463 6283 50 26 103
1532 6281 33 31 85

565 6324 113 24 SERBE
699 6324 15 23 4
734 6323 47 26 0/0
805 6323 59 23 1895
1181 6319 17 24 0
1217 6319 33 25 25
1322 6317 33 25 87
1375 6319 33 25 60
1480 6319 32 25 87
1533 6321 33 26 85

567 6358 164 26 OTTOMAN
760 6357 123 24 UNIFIE
908 6357 16 23 4
948 6356 48 26 0/0
1182 6353 16 25 0
1217 6354 33 26 25
1288 6351 33 25 92
1331 6352 94 32 471/2
1445 6353 33 25 92
1490 6354 93 33 721/2

568 6393 142 25 BANQUE
729 6392 31 24 de
782 6391 141 25 L'UNION
945 6391 22 23 A
987 6389 137 26 MOSCOU
1182 6388 15 26 8
1221 6407 26 8 ..
1306 6386 49 26 792
1379 6407 25 7 ..
1462 6388 52 27 800
1537 6410 24 7 ..

568 6427 179 25 RIO-TINTO
1165 6423 33 26 15
1221 6441 25 9 ..
1288 6421 67 26 1745
1379 6442 25 8 ..
1445 6423 68 27 1760
1536 6444 26 8 ..

564 6462 204 25 SOSNOWICE
1165 6458 33 26 10
1222 6477 25 8 ..
1288 6455 67 27 1335
1379 6477 25 7 ..
1446 6458 67 26 1345
1537 6480 25 7 ..

568 6497 120 24 DAKAR
713 6497 22 23 A
758 6495 227 25 SAINT-LOUIS
1182 6494 16 25 4
1221 6512 25 7 ..
1288 6492 68 25 1265
1379 6512 26 7 ..
1447 6494 66 25 1269
1537 6515 25 6 ..

568 6533 72 26 Boue
668 6531 123 24 HYPGT.
820 6530 305 28 FRANCO-ARGENT.
1181 6529 16 25 4
1221 6547 25 7 ..
1305 6527 50 26 660
1379 6547 26 7 ..
1463 6528 50 26 664
1537 6550 24 6 ..

568 6567 141 25 TANQUE
735 6566 199 24 NATIONALE
959 6565 166 23 D'HAlTI...
1182 6563 16 25 6
1221 6583 25 6 ..
1305 6562 51 26 643
1380 6581 25 8 ..
1463 6563 50 27 649
1537 6584 24 6 ..

567 6600 207 25 "OMPAGNIE
799 6600 97 24 FONC.
921 6600 44 23 DE
990 6599 136 24 FRANCE
1183 6599 15 24 7
1216 6599 41 26 50,
1305 6597 50 26 145
1379 6615 25 9 ...
1463 6599 50 25 152
1533 6601 33 25 50

566 6636 179 24 COMPTOIR
769 6636 94 23 NAUD
1180 6634 16 24 4
1221 6653 24 7 ..
1305 6632 50 26 185
1379 6652 24 6 ..
1463 6634 50 25 189
1537 6655 25 6 ..

565 6664 58 30 Stê'
640 6670 238 24 IMMOBILIERE
907 6669 218 24 MARSEILL.-...
1165 6669 32 25 12
1221 6687 25 8 ..
1305 6668 50 25 558
1378 6686 25 8 ..
1462 6668 51 26 570
1536 6689 25 8 ..

566 6706 46 22 Sté
637 6705 262 23 D'ELECTRICITE
924 6705 43 22 DE
991 6703 134 24 PARIS...
1181 6704 17 24 4
1221 6723 25 6 ..
1304 6703 51 25 938
1379 6722 25 7 ..
1462 6703 51 26 942
1537 6724 24 7 ..

570 6740 130 24 FORCES
729 6739 175 24 MOTRICES
933 6739 43 23 DU
1008 6739 118 23 RHONE
1165 6739 33 25 10
1221 6757 25 7 ..
1304 6738 50 25 935
1377 6757 27 7 ..
1462 6738 50 26 945
1537 6760 24 6 ..

569 6775 109 23 MINES
715 6775 44 22 DE
797 6774 93 22 BETH
890 6774 37 22 U
927 6774 56 22 N
1164 6774 33 25 35
1221 6793 25 7 ..
1287 6773 69 25 5390
1379 6792 24 7 ..
1445 6773 67 26 5425
1536 6794 26 6 ..

568 6810 110 23 MINES
704 6810 45 22 DE
773 6808 223 24 COURRIERES
1165 6809 32 25 17
1221 6828 25 6 ..
1287 6808 68 26 3370
1379 6827 25 7 ..
1445 6808 68 26 3387
1537 6829 24 6 ..

566 6844 165 24 ACIERIES
759 6843 44 23 DE
833 6843 136 23 FRANCE
999 6843 58 26 (20e
1081 6843 42 28 p.)
1182 6844 15 25 6
1220 6863 25 6 ..
1305 6844 50 25 106
1379 6862 24 7 ..
1463 6844 50 26 112
1536 6864 25 7 ..

568 6878 293 24 INCANDESCENCE
879 6877 93 23 AUER
1164 6879 33 25 25
1221 6898 24 6 ..
1288 6879 68 25 1154
1379 6897 24 7 ..
1445 6879 68 25 1179
1537 6898 24 7 ..

568 6912 260 25 PARIS-FRANCE
1165 6914 33 25 10
1217 6914 34 25 50
1288 6914 66 25 1329
1375 6914 33 25 50
1446 6914 67 26 1340
1537 6933 25 8 ..

961 6980 136 28 BAISSE

566 7047 72 23 Bque
657 7045 72 24 ESP.
750 7045 45 23 DE
815 7044 58 24 RIO
893 7044 43 24 DE
957 7044 41 23 LA
1018 7044 109 24 PLATA
1182 7053 16 20 4
1305 7052 50 18 463
1463 7054 62 14 akq.

569 7080 151 24 NITRATE
749 7078 161 25 RAILWAY
1182 7087 17 26 6
1304 7088 51 25 374
1378 7072 8 42 |

571 7113 219 25 HOUILLERES
818 7113 44 24 DU
895 7113 135 24 DONETZ
1183 7122 15 25 g
1222 7140 24 8 "
1305 7122 50 26 226
1379 7141 24 7 "
1462 7124 51 24 220
1536 7144 25 4 "

570 7148 311 25 ETABLISSEMENTS
912 7148 43 23 DE
985 7147 141 26 VICHY...
1165 7156 33 23 25
1222 7175 25 7 "
1288 7157 68 22 2200
1378 7176 26 5 "
1445 7158 68 21 947^
1536 7178 26 5 "

569 7184 44 23 Cie
645 7183 185 24 GENERALE
864 7182 263 24 D'ELECTRICITE
1182 7191 16 20 e
1289 7192 66 18 1181
1446 7193 67 18 1175

569 7217 220 25 HOUILLERES
811 7216 164 25 D'EPINAC
1165 7226 34 25 14
1289 7227 67 25 1774
1378 7210 26 44 ^
1446 7228 68 26 1760
1537 7212 25 43 \\

727 7285 51 38 EN
820 7285 163 41 BANQUE

949 7337 152 28 HAUSSE

572 7407 176 25 FERREIRA
778 7406 88 24 GOLD
899 7406 129 25 MINING
1184 7418 16 20 4
1222 7436 26 5 "
1307 7418 49 20 268
1464 7420 48 18 272

570 7443 114 24 GREAT
710 7442 113 24 COBAR
1184 7453 15 21 6
1306 7452 48 22 131
1537 7440 25 6 "

572 7477 196 24 HARTMANN
1224 7506 23 7 ..
1306 7488 51 25 624
1381 7506 24 6 ..
1464 7490 50 25 636
1538 7473 25 43 !!

1167 7523 80 26 14,.
1290 7523 67 25 1552
1380 7540 26 7 ..
1447 7524 67 26 1566
1538 7510 25 40 ::

569 7549 72 43 TOBACCO
641 7549 81 43 PLATINE
1166 7558 33 26 25
1222 7575 25 7 ..
1307 7557 99 26 623..
1464 7559 50 26 648
1538 7578 25 7 ..

763 7597 363 9 ..................................

572 7616 92 24 UTAH

572 7650 176 24 PETROLES
773 7649 182 25 COLUMBÏA
1184 7645 64 42 g"
1308 7663 50 24 122
1377 7661 33 26 50

571 7686 79 22 SOIE
672 7685 115 24 ARTIF.
811 7684 31 23 de
864 7684 126 24 TUBIZE
1016 7685 110 28 (privée)
1185 7697 16 19 6
1307 7697 49 19 l14l
1377 7696 33 20 50
1464 7671 22 45 447
1486 7671 29 45 116
1534 7671 34 45 ^™

571 7720 80 24 SOIE
671 7720 116 24 ARTIF.
808 7719 32 23 de
860 7718 126 25 TUBIZE
1011 7720 116 28 (ord.)...
1184 7732 15 25 4
1220 7715 11 44 J
1307 7715 51 42 ^
1381 7749 27 8 ..
1464 7715 51 44 Hq

954 7798 135 29 BAISSE

574 7867 228 26 PHOSPHATES
833 7867 189 24 TUNISIENS
1185 7872 64 25 4..
1307 7870 52 26 368
1377 7870 34 26 50
1465 7872 51 25 364
1535 7872 33 25 50

574 7903 84 25 LOTS
688 7903 101 24 CRED.
824 7902 97 23 FONC.
956 7902 172 25 EGYPTIEN
1186 7906 15 25 5
1224 7924 25 7 ..
1307 7906 51 25 335
1381 7924 26 6 ..
1465 7906 51 25 330
1539 7925 24 6 ..

574 7936 138 26 QUEBEC
746 7936 159 24 RAILWAY
939 7937 126 24 UNITES
1185 7941 16 25 3
1220 7940 33 26 75
1308 7941 50 25 307
1382 7958 25 8 ..
1465 7940 50 25 303
1536 7941 32 25 25

576 7971 103 25 HUTCH
679 7971 122 25 INSON
827 7971 172 26 (ordinaires)
1186 7975 15 25 6
1225 7994 24 6 ..
1308 7976 50 25 762
1382 7992 25 8 ..
1466 7975 50 25 756
1540 7994 25 7 ..

574 8005 158 27 PLAQUES
763 8006 158 25 LUMIERE
955 8005 173 30 (jouissance)
1168 8010 32 25 il
1221 8010 33 25 50
1308 8010 50 27 378
1378 8010 34 26 50
1466 8009 50 26 367
1540 8027 26 10 ..

1686 5367 102 34 Nous
1819 5378 160 34 croyons
2011 5376 127 32 devoir
2168 5378 93 33 faire
2292 5388 221 27 remarquer
2542 5383 20 31 à
2590 5391 70 24 nos

1642 5414 165 29 lecteurs
1833 5421 72 32 que
1928 5416 35 32 le
1985 5418 154 32 tableau
2163 5420 180 34 ci-contre
2368 5424 212 32 mentionne
2604 5426 55 30 les

1643 5455 151 30 valeurs
1823 5463 46 23 en
1894 5456 141 34 hausse
2062 5461 37 30 et
2125 5461 54 32 les
2208 5463 151 32 valeurs
2388 5472 46 23 en
2458 5465 127 30 baisse
2612 5460 48 35 aù

1642 5499 111 26 cours
1782 5494 45 33 de
1853 5497 37 31 la
1917 5497 144 35 séance.
2089 5501 118 33 Celles
2234 5504 66 32 qui
2324 5512 46 24 ne
2396 5505 167 31 figurent
2589 5515 71 21 pas

1643 5535 93 31 dans
1763 5544 41 25 ce
1829 5538 154 34 tableau
2007 5542 103 32 n'ont
2137 5545 87 30 subi
2249 5554 145 24 aucune
2419 5547 240 34 fluctuation.

1685 5577 102 33 Nous
1808 5582 214 38 rappelons,
2046 5592 46 23 en
2114 5587 117 35 outre,
2254 5586 20 31 à
2295 5595 69 24 nos
2387 5589 175 33 lecteurs,
2588 5597 71 25 que

1641 5621 144 38 chaque
1807 5626 106 27 lundi
1933 5631 97 25 nous
2051 5626 177 35 publions
2251 5636 51 23 un
2322 5630 153 31 tableau
2497 5632 162 29 complet

1642 5660 65 31 des
1749 5663 162 39 valeurs,
1953 5674 45 23 en
2036 5667 197 40 indiquant
2272 5671 55 31 les
2369 5672 203 31 variations
2614 5676 44 27 de

1642 5709 111 25 cours
1786 5707 166 37 pendant
1985 5709 36 30 la
2055 5710 174 32 semaine.

1876 5851 245 52 Physionomie
2148 5855 44 41 de
2221 5856 29 41 la
2279 5858 138 41 Séance

1686 5971 197 33 Aurait-on
1904 5975 155 32 attendu
2082 5977 35 31 la
2136 5978 58 34 fin
2216 5976 49 34 dé
2283 5980 141 32 l'année
2444 5990 98 22 pour
2561 5987 96 25 Juive

1641 6011 64 31 des
1728 6013 157 38 affaires
1907 6015 15 30 ?
1947 6016 54 32 On
2024 6017 32 32 le
2081 6019 149 31 croirait
2249 6027 173 28 presque,
2446 6024 22 30 à
2491 6025 79 29 voir
2592 6035 67 19 au-

1640 6054 193 36 jourd'hui
1865 6056 145 32 l'allure
2042 6057 52 32 du
2125 6067 102 26 marc
2231 6062 56 31 tic.
2322 6063 136 35 eertes,
2491 6074 41 19 ce
2563 6068 95 28 n'est

1639 6100 67 31 pas
1732 6102 132 24 encore
1889 6097 35 30 la
1946 6098 174 38 frénésie,
2145 6102 92 30 tuait,
2265 6104 114 34 enfin,
2406 6106 34 30 et
2466 6106 78 32 cela
2569 6110 89 28 vaut

1640 6137 137 36 mieux,
1800 6143 47 24 on
1866 6144 39 24 se
1926 6139 131 31 trouve
2080 6148 45 23 en
2144 6142 179 32 présence
2345 6144 110 32 d'une
2476 6147 181 29 tendance

1639 6175 174 38 générale
1836 6179 292 37 uniformément
2152 6184 193 33 soutenue,
2370 6186 63 31 qui
2454 6195 40 22 se
2518 6189 140 28 traduit

1640 6216 119 31 même
1783 6224 70 31 liai,
1878 6219 64 31 des
1969 6228 159 25 avances
2154 6224 167 32 notables
2349 6226 91 31 dans
2466 6228 190 32 plusieurs

1640 6264 175 31 groupes.
1834 6259 27 30 A
1883 6260 86 37 quoi
1988 6262 182 32 attribuer
2189 6271 40 24 ce
2251 6267 222 32 revirement
2494 6269 86 30 déjà
2600 6279 58 20 es-

1641 6298 126 37 qllÍssé
1790 6301 211 31 avaitt-hieï,
2021 6302 16 30 ?
2065 6304 29 29 Il
2119 6305 139 31 semble
2284 6314 82 25 que,
2392 6307 92 32 dans
2512 6310 52 29 les
2589 6312 68 27 mi-

1641 6338 100 31 lieux
1764 6339 215 40 financiers,
2006 6349 47 24 on
2078 6345 134 31 veuille
2238 6346 86 36 déjà
2348 6349 180 33 préparer
2551 6352 38 30 la
2615 6353 42 29 li-

1641 6381 191 35 quittation
1851 6388 44 24 en
1914 6383 156 31 mettant
2088 6384 22 31 à
2126 6386 118 35 profit
2264 6388 31 30 le
2317 6388 201 33 découvert
2534 6392 123 32 formé

1641 6427 66 23 sur
1738 6427 51 28 un
1821 6423 139 30 certain
1991 6425 154 31 nombre
2178 6427 44 31 de
2254 6428 161 30 valeurs.
2450 6431 154 29 Celui-ci
2635 6442 22 18 a

1641 6459 190 33 d'ailleurs
1857 6463 125 32 contre
2009 6464 53 32 lui
2087 6473 72 24 une
2185 6467 176 34 situation
2385 6471 178 30 politique
2592 6474 63 27 des

1639 6500 86 38 plus
1754 6502 273 38 satisfaisantes
2055 6524 47 3 —
2128 6507 152 37 jusqu'à
2308 6512 137 30 nouvel
2475 6513 107 31 ordre
2610 6533 47 4 -

1641 6543 34 29 et
1703 6543 281 32 l'amélioration
2012 6547 202 32 monétaire
2244 6557 131 25 encore
2404 6554 156 28 accusée
2587 6562 70 21 par

1641 6582 51 31 les
1716 6583 165 32 derniers
1905 6585 117 31 bilans
2045 6587 64 31 des
2132 6589 171 37 Banques
2325 6592 191 33 Associées
2540 6602 48 24 ou
2611 6596 44 30 de

1641 6625 34 28 la
1702 6626 233 30 Reichsbank
1944 6633 12 29 ;
1984 6628 103 30 aussi
2115 6630 210 32 conçoit-on
2353 6634 89 30 qu'il
2469 6634 185 30 s'émeuve

1641 6663 88 31 d'un
1762 6665 227 33 relèvement
2021 6669 304 38 rnême^modéré
2358 6674 44 31 de
2438 6676 34 29 la
2506 6677 79 30 cote
2622 6678 34 29 et

1641 6711 69 30 que
1733 6712 58 23 ses
1815 6706 147 31 rachats
1985 6708 78 31 s'en
2084 6709 173 33 trouvent
2280 6714 197 32 accélérés.

1685 6745 57 31 Au
1773 6747 173 37 Parquet,
1980 6748 51 31 les
2063 6750 121 31 Fonds
2216 6759 127 25 russes
2376 6755 172 31 donnent,
2582 6765 72 19 une

1639 6785 73 37 fois
1739 6786 43 30 de
1806 6787 98 37 plus,
1931 6788 31 31 le
1987 6789 85 37 ton;
2099 6790 44 37 là,
2169 6798 94 25 nous
2288 6800 45 24 ne
2357 6802 94 24 nous
2475 6798 178 31 trouvons

1639 6832 67 31 pas
1733 6834 45 23 en
1801 6828 179 37 présence
2007 6830 109 31 d'une
2143 6832 177 33 situation
2345 6835 43 31 de
2414 6837 106 30 place
2545 6839 22 28 à
2593 6847 62 19 ex-

1638 6866 144 38 ploiter,
1806 6869 92 30 triais
1923 6869 110 32 d'une
2057 6872 147 31 volonté
2227 6874 82 31 bien
2330 6877 143 30 arrêtée
2497 6886 45 20 en
2565 6880 89 28 haut

1641 6907 73 31 lieu
1733 6915 44 24 en
1796 6909 186 32 obéissant
1999 6910 22 31 à
2039 6911 64 31 des
2122 6913 128 36 motifs
2269 6915 116 34 qu'un
2402 6919 128 30 avenir
2547 6921 108 28 peut-

1641 6948 75 29 être
1746 6949 179 37 prochain
1955 6958 40 24 se
2027 6952 181 37 chargera
2261 6955 44 31 de
2360 6963 94 26 nous
2486 6966 158 23 exposer

1642 6988 147 31 Comme
1824 6996 94 25 nous
1953 6999 115 23 avons
2105 7001 45 23 eu
2185 6994 87 36 déjà
2307 6996 197 34 l'occasion
2540 7000 43 30 de
2622 7002 31 28 le

1640 7029 174 38 signaler,
1842 7031 89 30 c'est
1958 7038 67 24 sur
2053 7033 53 31 les
2134 7034 114 31 séries
2279 7043 131 25 encore
2439 7040 120 29 cotées
2588 7049 66 21 au-

1640 7069 155 31 dessous
1816 7070 50 31 du
1883 7071 83 38 pair
1984 7080 71 30 que
2073 7073 168 39 s'appuie
2261 7075 32 31 le
2313 7081 235 30 mouvement
2567 7089 88 23 pro-

1639 7111 140 37 gressif
1801 7111 64 30 des
1889 7118 131 31 cours;
2046 7114 51 30 les
2123 7114 201 33 demandes
2348 7120 219 31 auxquelles
2592 7124 60 25 ont

1641 7150 121 31 donné
1788 7151 73 31 lieu
1888 7152 51 30 les
1966 7153 20 31 3
2013 7153 67 33 0/0
2110 7155 85 31 1891
2225 7157 34 30 et
2286 7157 88 32 1896
2402 7160 94 29 ainsi
2523 7168 70 24 que
2620 7162 33 27 le

1639 7192 20 31 3
1682 7191 65 33 112
1766 7191 67 33 0/0
1854 7191 89 32 1894
1963 7200 46 23 en
2027 7195 83 30 sont
2129 7195 35 30 la
2181 7202 152 31 preuve.

1687 7232 53 31 En
1770 7232 84 30 tous
1888 7240 72 28 cas,
1993 7233 35 31 la
2058 7237 258 37 remarquable
2347 7239 160 35 fermeté
2537 7242 43 32 de
2614 7251 38 21 ce

1640 7279 142 32 groupe
1813 7279 44 24 ne
1887 7273 142 31 s'étend
2058 7282 66 30 pas
2154 7278 208 32 seulement
2390 7279 21 31 à
2441 7281 211 33 l'ensemble

1641 7313 63 31 des
1722 7313 112 39 fonds
1853 7313 140 37 d'Etat;
2014 7315 68 31 elle
2102 7317 191 31 contribue
2312 7320 103 31 aussi
2432 7321 22 30 à
2470 7322 184 32 inquiéter

1642 7354 52 30 les
1737 7353 185 31 vendeurs
1963 7355 163 31 att(ii,dés
2170 7365 67 23 sur
2278 7359 35 30 la
2354 7360 220 29 Sosnowiec,
2619 7365 35 24 la

1641 7395 204 30 Hartmann
1870 7394 34 31 et
1929 7395 32 30 le
1986 7396 164 37 Platine;
2176 7397 38 39 je
2238 7405 45 24 ne
2308 7400 102 36 parle
2436 7402 86 34 plus
2548 7388 44 46 de
2619 7406 35 30 la

1641 7435 171 37 Maltzoff
1830 7435 172 37 toujours
2021 7437 130 38 agitée,
2172 7439 34 30 et
2224 7439 89 31 dont
2331 7441 26 29 il
2372 7442 85 33 faut
2475 7450 179 22 renoncer

1640 7475 22 30 à
1696 7475 124 30 suivre
1858 7474 51 31 les
1943 7476 258 38 fluctuations.
2235 7480 27 30 -1
2299 7481 174 35 signaler,
2510 7483 143 31 d'autre

1639 7515 95 38 pari,
1762 7515 172 31 l'activité
1959 7516 51 31 dit
2036 7517 200 36 Rio-Tinto,
2264 7521 63 36 qui
2352 7529 101 23 cesse
2480 7525 103 32 enfin
2609 7526 44 31 de

1641 7563 38 23 se
1714 7556 165 30 montrer
1913 7557 219 37 Indifférent
2164 7558 22 30 à
2219 7559 35 31 la
2310 7560 221 34 diminution
2588 7566 65 31 des

1642 7596 135 36 stocks,
1802 7596 51 30 les
1876 7597 155 37 progrès
2054 7597 44 31 de
2122 7598 214 36 l'Omnibus,
2360 7602 45 32 et,
2430 7610 45 23 en
2498 7604 154 33 banque,

1642 7637 35 30 la
1697 7637 139 37 reprise
1856 7636 44 31 de
1921 7637 34 30 la
1976 7638 250 39 Tanganyika,
2247 7639 63 39 qui
2328 7643 167 35 pourrait
2513 7645 142 33 n'avoir

1641 7685 66 31 pas
1729 7677 51 32 dit
1798 7684 68 23 son
1884 7677 147 31 dernier
2048 7679 87 30 mot.
2155 7696 46 4 —
2218 7680 50 31 LE
2288 7682 161 33 COTEUR.

1928 7790 131 40 Autour
2085 7791 67 39 des
2180 7791 195 43 Corbeilles

1818 7855 35 40 et
1878 7864 66 31 sur
1973 7855 53 39 les
2055 7854 167 40 Marches
2256 7856 43 40 du
2327 7858 145 48 Temple

2102 7956 96 27 Paris
2235 7958 36 27 19
2309 7959 177 28 décembre
2523 7962 87 27 1910.

1684 8010 130 33 Chèque
1835 8015 60 22 sur
1913 8008 147 29 Londres
2080 8008 19 28 à
2120 8008 93 28 Paris
2239 8017 7 19 :
2266 8010 34 27 25
2322 8011 35 27 27
2377 8014 114 26 contre
2512 8013 33 27 25
2558 8013 35 27 27
2609 8013 45 33 %.

2760 5389 43 27 La
2825 5390 103 28 Rente
2952 5392 168 35 française
3142 5397 53 25 est
3217 5398 175 29 soutenue,
3416 5399 33 26 et
3472 5397 31 29 la
3524 5399 149 28 position
3696 5399 41 28 de

2718 5426 97 29 place
2839 5429 35 23 se
2896 5426 96 31 prête
3014 5428 19 27 à
3056 5434 65 23 une
3144 5431 141 31 reprise.

2760 5501 42 27 Le
2832 5501 63 27 fait
2925 5504 229 28 sensationnel
3183 5506 41 27 de
3254 5506 32 27 la
3314 5506 142 30 journée
3486 5510 53 26 est
3567 5508 31 28 le
3630 5510 107 29 grand

2718 5540 214 24 mouvement
2950 5538 171 29 d'affaires
3138 5540 58 32 qui
3215 5541 81 27 s'est
3314 5542 61 27 fait
3394 5548 60 22 sur
3470 5543 50 27 les
3539 5544 101 28 fonds
3658 5551 76 21 rus-

2718 5575 54 22 ses
2793 5579 6 23 ;
2826 5571 31 27 la
2882 5572 125 28 hausse
3034 5579 35 22 se
3096 5575 61 26 fait
3183 5578 134 25 surtout
3343 5578 107 26 sentir
3477 5583 59 22 sur
3560 5578 50 26 les
3637 5581 97 26 types

2717 5606 16 26 3
2758 5608 34 24 et
2817 5608 17 25 4
2859 5607 54 31 0/0
2967 5607 30 27 le
3024 5613 214 24 mouvement
3265 5617 18 21 a
3310 5617 45 21 un
3382 5613 125 28 grande
3534 5619 200 25 envergure,

2718 5646 40 20 on
2781 5643 74 24 sent
2874 5648 63 25 que
2959 5643 31 26 la
3012 5644 258 33 Haute-Banque
3290 5647 143 28 prépare
3454 5654 64 20 une
3540 5651 92 24 vaste
3655 5650 77 27 opé-

2719 5676 109 27 ration
2848 5677 54 31 qui
2925 5683 35 22 se
2980 5679 152 27 traduira
3153 5681 239 27 certainement
3412 5688 61 22 par
3491 5683 33 27 la
3544 5684 189 28 capitalisa-

2717 5711 72 26 tion
2808 5712 58 26 des
2885 5712 100 27 fonds
3005 5719 117 22 russes
3142 5721 39 20 au
3206 5717 74 25 taux
3299 5716 40 26 de
3357 5718 17 25 4
3392 5718 64 31 0/0.

2759 5747 107 25 Parmi
2898 5747 49 27 les
2977 5750 114 25 autres
3121 5750 100 26 fonds
3251 5751 185 31 ctrang'crs,
3466 5752 31 28 le
3527 5753 86 28 Turc
3642 5756 33 25 et
3703 5754 31 26 le

2719 5781 101 27 Serbe
2841 5784 76 24 sont
2938 5783 212 27 recherchés.

2759 5851 179 28 Nord-Sud
2973 5860 7 18 :
3012 5858 43 21 on
3085 5854 87 26 avait;
3203 5855 174 32 beaucoup
3409 5857 146 31 racheté,
3586 5858 84 28 mais
3701 5858 32 28 le

2717 5887 151 27 mauvais
2886 5889 109 30 temps
3013 5893 243 23 recommence.

2758 5956 42 27 La
2826 5956 138 33 plupart
2990 5957 59 27 des
3076 5962 232 26 mouvements
3336 5961 128 27 actuels
3493 5967 34 22 se
3557 5963 72 26 font
3656 5964 75 26 llui-

2717 5993 157 30 quement
2904 5998 59 20 sur
2991 5992 50 27 les
3071 5994 133 26 rachats
3234 5995 58 27 des
3321 5996 179 31 vendeurs,
3529 6000 205 24 notamment

2718 6032 59 21 sur
2798 6026 196 33 l'Omnibus',
3017 6027 31 27 la
3071 6029 201 32 Sosnowice,
3294 6030 32 27 la
3346 6031 123 27 Bakou.

2757 6103 246 27 L'Association
3033 6105 138 27 Minière
3202 6108 33 25 et
3265 6106 31 27 la
3326 6107 130 26 Central
3488 6107 126 32 Mining
3642 6113 87 22 mar-

2717 6138 100 27 chent
2847 6139 40 26 de
2918 6141 146 28 concert,
3097 6142 33 24 et
3161 6141 241 32 s'acheminent
3431 6147 77 22 vers
3539 6143 59 26 des
3632 6149 100 22 cours

2716 6173 175 32 beaucoup
2914 6173 78 32 plus
3016 6173 122 28 élevés.

2757 6243 92 26 Ainsi
2876 6248 64 26 que
2968 6248 86 21 nous
3082 6243 31 27 le
3142 6245 141 26 faisions
3311 6245 146 31 prévoir,
3486 6245 49 28 les
3563 6248 168 26 vendeurs

2717 6278 39 26 de
2791 6278 59 26 Rio
2885 6277 97 28 Tinto
3014 6278 248 35 s'aperçoivent
3292 6280 82 32 qu'il
3408 6281 86 27 n'est
3525 6281 79 32 plus
3638 6283 92 26 aussi

2715 6312 99 27 facile
2840 6313 40 26 de
2906 6318 34 21 se
2965 6312 155 27 racheter
3149 6323 6 21 ;
3182 6315 226 31 aujourd'hui,
3435 6321 41 21 on
3503 6322 17 20 a
3544 6317 120 31 essayé
3689 6318 41 26 de

2715 6352 40 22 ne
2783 6347 154 27 racheter
2963 6353 63 25 que
3054 6347 29 27 le
3111 6348 117 31 ferme,
3256 6349 83 27 mais
3366 6355 61 24 par
3453 6350 31 27 la
3512 6351 98 31 suite,
3640 6352 21 25 il
3691 6358 39 21 va

2717 6382 113 26 falloir
2859 6387 35 21 se
2925 6381 155 27 racheter
3109 6387 59 22 sur
3197 6383 49 27 les
3275 6384 126 31 primes
3432 6386 148 26 vendues
3611 6387 119 30 depuis

2712 6416 174 32 plusieurs
2913 6416 97 32 jours
3039 6416 16 27 à
3085 6417 58 27 des
3172 6417 110 28 écarts
3310 6418 182 29 dérisoires
3519 6420 136 32 jusqu'à
3682 6422 46 26 Un

2713 6451 141 31 janvier.

2757 6487 60 26 Les
2845 6486 115 26 achats
2989 6485 39 27 de
3056 6486 148 31 premier
3232 6488 98 26 ordre
3359 6488 56 32 qui
3444 6488 154 28 s'étaient
3626 6491 101 26 effec-

2714 6520 74 27 tués
2810 6526 59 21 sur
2889 6520 30 27 le
2940 6519 100 27 Boleo
3060 6526 64 21 aux
3145 6522 157 27 environs
3323 6523 40 26 de
3383 6523 61 31 840,
3465 6525 34 25 et
3518 6524 55 31 qui
3597 6525 130 27 avaient

2716 6555 95 27 cessé
2832 6555 146 31 pendant
3001 6554 143 33 quelque
3168 6558 119 30 temps,
3308 6562 62 26 par
3394 6557 86 27 suite
3505 6558 39 26 de
3569 6557 31 28 la
3622 6559 104 31 pénu-

2713 6590 48 26 rie
2788 6590 59 27 des
2871 6589 147 31 affaires,
3044 6592 57 24 ont
3125 6591 110 31 repris
3260 6592 40 26 de
3323 6591 78 32 plus
3426 6592 97 26 belle.
3549 6593 44 27 De
3620 6593 105 28 même

2714 6630 42 21 en
2779 6631 36 20 ce
2837 6625 57 26 qui
2918 6629 163 22 concerne
3103 6624 50 27 les
3177 6626 132 27 cuivres
3331 6628 33 25 et
3384 6627 140 27 pyrites.

2755 6694 63 26 Sur
2837 6693 30 27 le
2887 6692 135 27 marché
3040 6698 41 21 en
3101 6694 143 32 Banque,
3265 6694 48 27 les
3333 6695 167 26 vendeurs
3521 6696 40 26 de.
3581 6696 146 28 MallzolT

2712 6728 150 28 l'étaient
2888 6728 92 27 aussi
3007 6728 39 26 de
3074 6727 138 32 Platine,
3240 6729 39 27 de
3305 6730 190 30 Hartlllêlnn,
3523 6732 74 30 etc.,
3625 6734 33 23 et
3685 6731 41 27 ils

2713 6769 40 21 ne
2778 6763 136 27 veulent
2937 6767 60 26 pas
3020 6762 123 31 perdre
3171 6769 36 20 ce
3232 6764 99 31 qu'ils
3357 6764 157 27 viennent
3540 6766 39 25 de
3603 6767 122 30 perdre

2712 6804 58 21 sur
2793 6798 31 26 la
2849 6797 147 27 Maltzoff
3015 6804 6 22 ;
3046 6796 42 27 ils
3113 6797 233 28 se'rachètent
3370 6800 86 25 donc
3479 6805 42 20 au
3545 6800 123 31 mieux,
3693 6802 31 24 et

2714 6838 84 22 ceux
2818 6832 56 32 qui
2896 6834 56 24 ont
2972 6831 17 26 à
3010 6830 124 28 vendre
3155 6831 75 27 leur
3250 6833 150 26 tiennent
3419 6833 32 26 la
3472 6834 120 30 dragée
3615 6834 108 27 haute.

2753 6866 42 27 La
2824 6868 175 29 Taganrog
3027 6867 33 25 et
3088 6865 31 27 la
3148 6866 103 27 Toula
3280 6868 82 30 font,
3391 6872 87 26 pour
3508 6868 30 26 le
3568 6871 155 28 moment,

2713 6902 107 26 bande
2846 6901 19 27 à
2890 6902 85 30 part,
3003 6899 85 27 mais
3114 6899 83 28 elles
3225 6906 35 22 se
3288 6902 215 28 réveilleront
3530 6908 45 21 un
3603 6903 38 27 de
3671 6909 53 21 ces

2712 6937 107 30 jours.

2753 6971 46 27 On
2819 6970 131 32 reparle
2971 6969 38 27 de
3030 6969 32 27 la
3083 6969 104 31 Spies.

2754 7040 46 27 On
2830 7039 156 27 continue
3017 7037 18 27 à
3064 7037 163 28 délaisser
3275 7039 50 28 les
3374 7040 107 27 mines
3531 7040 72 27 d'or
3631 7042 34 25 et
3693 7040 32 28 la

2713 7075 44 26 De
2790 7075 110 29 Beers,
2932 7073 84 26 mais
3047 7072 129 27 d'autre
3207 7076 85 30 part,
3324 7079 42 23 on
3397 7074 156 28 continue
3584 7075 92 27 aussi
3707 7076 18 27 à

2713 7109 135 27 acheter
2869 7108 50 27 les
2942 7107 122 32 petites
3088 7106 145 28 valeurs.

2752 7177 27 27 Il
2798 7183 22 26 y
2839 7183 18 22 a
2876 7177 174 29 beaucoup
3071 7175 18 26 à
3109 7176 153 27 racheter
3282 7177 78 27 d'ici
3378 7177 32 27 la
3430 7178 45 26 fin
3495 7177 45 27 du
3559 7177 85 28 mois
3664 7183 60 22 sur

2708 7213 31 27 la
2761 7211 216 31 Tanganyika
2995 7218 7 22 ;
3025 7210 23 26 il
3068 7210 81 27 s'est
3169 7211 108 27 formé
3298 7217 45 21 un
3363 7212 182 26 découvert
3565 7212 40 26 de
3627 7217 91 22 mau-

2715 7248 88 26 vaise
2832 7241 135 38 qualité,
2995 7246 33 25 et
3055 7245 73 25 tout
3155 7250 36 22 ce
3219 7246 56 31 qui
3302 7251 18 21 a
3347 7246 52 26 été
3427 7246 108 26 vendu
3565 7252 54 21 ces
3648 7247 74 27 der-

2711 7282 90 27 niers
2821 7283 108 29 temps
2949 7285 17 23 a
2987 7279 52 27 été
3059 7279 110 32 repris
3190 7285 60 25 par
3271 7280 58 29 des
3349 7280 107 27 mains
3475 7281 204 31 puissantes.

2753 7351 85 26 Avec
2868 7354 45 21 un
2940 7347 136 27 marché
3105 7348 124 27 assaini
3257 7354 62 26 par
3345 7348 50 26 les
3424 7348 212 27 réalisations
3666 7349 58 27 d'il

2710 7391 21 26 y
2752 7391 17 21 a
2789 7384 161 33 quelques
2972 7382 106 32 jours,
3099 7381 32 27 la
3152 7382 317 32 TarcntuIa-Omes'a
3490 7384 145 30 reprend
3656 7389 66 26 peu

2710 7421 18 27 à
2749 7425 76 27 peu.

2795 7524 248 42 Informations
3072 7523 256 49 économiques
3357 7522 34 41 et
3416 7523 222 42 financières

2753 7634 160 26 Finances
2938 7632 211 33 hongroises.
3176 7647 33 4 —
3236 7632 25 27 Il
3287 7638 21 27 y
3334 7638 18 21 a
3377 7632 129 31 parfois
3533 7632 190 31 d'étranges

2712 7670 119 26 choses
2860 7668 82 27 dans
2970 7667 49 27 les
3047 7667 145 31 budgets
3221 7668 58 26 des
3308 7668 131 26 nations
3472 7676 6 17 :
3508 7667 84 26 niais
3621 7666 23 26 il
3672 7669 51 24 est

2713 7704 147 26 douteux
2891 7702 82 32 qu'il
3003 7701 70 27 s'en
3105 7703 117 26 trouve
3254 7703 141 26 souvent
3426 7702 127 26 d'aussi
3585 7706 135 26 surpre-

2712 7741 115 24 nantes
2860 7743 63 26 que
2956 7736 83 27 celle
3070 7735 132 28 révélée
3233 7741 61 28 par
3324 7736 162 27 l'examen
3518 7736 45 26 du
3594 7736 128 31 budget

2711 7772 172 31 hongrois.

2751 7807 93 26 Voici
2870 7805 148 32 l'exposé
3040 7805 39 27 de
3104 7804 164 28 l'histoire
3297 7815 7 17 :
3328 7805 62 28 elle
3413 7807 52 25 est
3487 7804 94 27 aussi
3603 7804 119 32 simple

2711 7847 63 27 que
2800 7840 188 27 fabuleuse.

2753 7877 80 25 Lors
2859 7876 38 25 de
2923 7874 30 26 la
2979 7874 148 27 création
3150 7874 43 26 du
3220 7874 173 31 dualisme,
3418 7874 31 26 la
3473 7873 146 31 Hongrie
3643 7878 77 26 pro-

2712 7911 59 26 mit
2800 7910 18 26 il
2846 7909 181 26 l'Autriche
3059 7914 64 21 une
3153 7909 136 27 annuité
3320 7910 38 26 de
3388 7909 160 30 58,339,339
3579 7913 140 21 couron-

2712 7950 68 24 nes,
2816 7944 232 30 représentant
3080 7948 36 21 sa
3145 7945 76 29 part
3252 7944 40 26 de
3323 7943 184 27 l'ancienne
3541 7942 88 26 dette
3662 7947 57 21 au-

2712 7979 196 27 trichienne.

2752 8013 134 32 Depuis,
2917 8017 42 22 on
2988 8011 117 28 décida
3133 8017 63 27 que
3228 8013 85 27 cette
3344 8011 145 32 annuité,
3521 8015 197 28 correspon-

3791 5399 80 27 dant
3890 5398 17 28 à
3924 5398 160 29 l'intérêt,
4105 5398 17 27 à
4140 5399 17 26 4
4177 5398 58 29 1/2
4256 5397 46 29 %,
4322 5397 81 27 d'un
4421 5395 122 32 capital
4561 5395 40 27 de
4621 5393 88 32 1,348
4727 5390 74 28 mil-

3792 5433 87 28 lions
3901 5434 40 27 de
3965 5438 199 24 couronnes,
4188 5432 162 28 cesserait
4373 5432 82 26 dans
4476 5431 49 26 les
4549 5430 54 26 dix
4626 5433 57 22 ans
4707 5426 98 32 après

3790 5467 33 28 la
3844 5469 199 27 conversion
4063 5468 39 27 de
4123 5468 31 27 la
4173 5468 94 26 Dette
4289 5466 155 32 générale
4465 5463 180 33 hongroise
4665 5467 42 22 en
4724 5463 17 26 4
4757 5461 47 31 %.

3833 5503 52 28 Or,
3908 5505 87 25 cette
4018 5502 200 28 conversion
4240 5503 99 27 ayant
4359 5507 43 21 eu
4423 5500 69 27 lieu
4512 5498 25 27 il
4557 5503 22 26 y
4600 5503 18 21 a
4639 5498 74 31 sept
4734 5500 70 26 ans,

3791 5537 31 27 le
3850 5539 104 26 terme
3985 5538 134 26 devient
4146 5537 70 27 très
4233 5530 137 38 "proche
4398 5535 44 27 où
4469 5534 32 27 la
4529 5531 145 32 Hongrie
4703 5530 102 27 devra

3792 5572 113 27 solder
3925 5572 30 27 le
3979 5572 121 32 capital
4122 5572 40 27 de
4185 5577 35 21 sa
4242 5572 100 29 dette.

3831 5608 204 28 Cependant,
4067 5608 49 26 les
4148 5607 174 26 ministres
4355 5605 59 27 des
4446 5603 162 27 Finances
4639 5600 163 32 hongrois

3789 5643 95 26 n'ont
3916 5643 121 27 jamais
4071 5642 127 27 semblé
4232 5641 93 27 avoir
4357 5645 91 24 cure,
4482 5643 42 21 au
4555 5636 155 31 moindre
4744 5635 55 27 de-

3793 5677 68 29 gré,
3888 5677 40 26 de
3955 5679 86 25 cette
4065 5676 165 30 I)aille,.cle
4255 5676 80 28 1,350
4359 5674 147 26 millions
4532 5672 81 26 dans
4639 5670 30 27 le
4696 5669 109 27 calcul

3790 5713 39 25 de
3857 5712 74 27 leur
3957 5712 89 27 dette
4073 5711 166 27 nationale
4305 5710 78 26 bien
4407 5708 88 32 plus,
4521 5705 136 28 l'actuel
4683 5705 118 26 minis-

3790 5749 51 24 tre
3869 5747 90 26 vient
3985 5747 159 26 d'avouer
4171 5745 217 31 ingénument
4413 5741 82 35 qu'il
4520 5747 23 26 y
4568 5740 87 27 avait
4681 5739 31 28 là
4738 5744 66 22 une

3789 5782 163 26 omission
3976 5781 249 27 involontaire..

3832 5816 102 27 Est-il
3970 5816 165 27 vraiment
4170 5814 148 32 possible
4357 5813 39 26 de
4433 5811 145 32 prendre
4614 5815 88 27 pour
4738 5809 67 27 bon

3787 5853 120 30 argent
3935 5851 41 30 (si
4004 5851 68 27 l'on
4093 5852 89 30 ,veut
4209 5848 199 32 s'exprimer
4448 5845 87 28 ainsi
4576 5849 59 23 eii
4647 5845 152 27 l'occur-

3791 5886 117 27 rence)
3908 5886 84 27 une
4011 5886 77 26 telle
4110 5884 205 27 déclaration
4338 5884 13 24 ?

3829 5921 189 28 D'ailleurs,
4049 5922 86 24 cette
4163 5919 201 27 découverte
4393 5922 40 20 ne
4464 5915 127 27 semble
4618 5920 61 27 pas
4709 5914 93 27 avoir

3789 5955 77 27 ému
3889 5958 96 25 outre
4009 5960 133 21 mesure
4166 5953 31 27 -le
4221 5952 152 26 ministre
4398 5950 176 27 intéressé.

3829 5991 45 25 1111
3907 5990 85 30 petit
4022 5991 157 30 emprunt
4209 5992 151 21 nouveau
4394 5985 230 27 solutionnera
4655 5984 144 32 élégam-

3787 6027 92 25 ment
3898 6024 32 27 la
3950 6024 188 32 question...
4159 6023 33 25 et
4212 6023 74 25 tout
4306 6026 75 21 sera
4403 6020 44 27 dit
4454 6040 9 5 -

3829 6071 192 31 L'emprunt
4047 6070 38 26 de
4112 6067 198 28 conversion
4335 6067 151 31 bulgare.
4513 6082 33 3 —
4571 6066 45 27 On
4643 6066 157 31 s'occupe

3789 6106 175 29 beaucoup
3984 6105 17 27 à
4021 6105 86 26 Sofia
4126 6104 39 25 de
4184 6102 185 26 rémission
4389 6102 80 26 d'un
4488 6103 157 28 emprunt
4664 6101 39 26 de
4724 6106 76 21 con-

3790 6141 134 26 version
3956 6140 39 26 de
4025 6140 51 26 200
4105 6137 148 27 millions
4285 6136 39 27 de
4357 6137 126 30 francs,
4513 6141 87 26 pour
4630 6134 111 33 lequel
4771 6135 30 26 le

3788 6176 262 30 gouvernement
4075 6179 17 20 a
4116 6172 75 30 déjà
4214 6176 79 28 reçu
4320 6171 49 27 les
4394 6173 105 25 offres
4524 6172 43 25 du
4592 6170 208 27 Bankverein

3787 6211 39 26 de
3855 6210 126 26 Vienne
4011 6210 32 25 et
4073 6208 38 25 de
4140 6207 32 26 la
4200 6207 132 31 Banque
4363 6205 270 27 Internationale.
4664 6205 134 26 D'autre

3787 6246 86 25 part,
3902 6250 45 20 un
3976 6242 156 29 Syndicat
4159 6240 129 31 anglais
4317 6241 109 26 aurait
4454 6240 91 27 aussi
4572 6239 146 32 proposé
4748 6244 53 21 ses

3787 6279 158 27 services.
3955 6270 100 33 mais
4081 6281 54 21 ses
4162 6275 188 27 conditions
4378 6275 147 27 seraient
4551 6274 39 27 de
4616 6276 17 25 4
4661 6274 32 30 %
4720 6272 77 33 plus

3788 6314 182 27 onéreuses
3994 6316 62 27 que
4080 6310 49 27 les
4153 6310 104 27 offres
4279 6310 233 31 précédentes.

3828 6360 41 26 Le
3901 6358 90 26 bilan
4023 6356 57 27 des
4112 6357 151 31 Banques
4296 6355 180 27 associées.
4508 6370 32 4 —
4571 6355 228 31 Remarquons

3786 6400 64 21 une
3876 6391 201 28 diminution
4102 6391 59 26 des
4185 6390 93 32 prêts
4304 6391 39 26 de
4369 6391 16 30 $
4410 6390 162 31 13,060,000
4596 6395 59 22 sur
4678 6389 119 28 l'exer-

3785 6429 69 27 cice
3875 6428 39 26 de
3935 6427 65 26 l'an
4019 6426 145 30 dernier,
4185 6425 166 28 résultant
4371 6426 44 26 du
4435 6425 163 26 transfert
4617 6425 59 26 des
4697 6429 97 22 avan-

3786 6469 54 21 ces
3870 6467 62 22 aux
3962 6461 143 31 grandes
4134 6460 220 32 Compagnies
4382 6460 40 27 de
4452 6461 88 25 trust
4567 6460 33 26 et
4629 6464 64 22 aux
4720 6459 74 26 Eta-

3784 6497 215 28 blissements
4025 6493 176 33 d'Europe.

3824 6532 26 26 Il
3880 6531 129 27 ressort
4037 6529 92 27 aussi
4160 6529 40 27 de
4231 6535 37 21 ce
4297 6528 91 28 bilan
4416 6533 63 28 que
4509 6527 30 27 le
4570 6527 137 32 surplus
4737 6528 58 26 des

3784 6567 154 27 réserves
3975 6565 31 31 ($
4039 6564 156 32 6,900,000)
4253 6565 53 26 est
4358 6568 41 22 en
4452 6562 250 32 augmentation
4756 6562 40 27 de

3788 6601 30 32 ($
3843 6599 170 32 3,:240,000).

3825 6647 162 25 Recettes.
4009 6660 33 3 —
4065 6645 165 26 Canadian
4252 6644 122 27 Pacific
4399 6644 29 28 (8
4449 6649 43 21 au
4513 6639 242 33 14'décembre)
4787 6650 6 18 :

3781 6682 19 32 $
3821 6681 144 31 1,899,000
3989 6680 265 31 (augmentation
4281 6688 6 17 :
4312 6678 161 32 $153,000).
4497 6693 32 3 —
4551 6678 109 26 Grand
4682 6677 112 27 Trunk

3781 6717 35 26 of
3840 6717 128 25 canada
3994 6716 28 29 (8
4045 6721 42 21 au
4109 6717 31 25 14
4164 6714 188 28 décembre)
4386 6722 6 17 :
4416 6715 16 24 £
4446 6714 114 29 169,714
4586 6713 204 30 (augmenta-

3783 6752 70 26 tion
3882 6759 6 18 :
3914 6752 16 24 :K
3953 6750 107 32 9,618).
4084 6765 32 4 —
4141 6749 148 27 Mexican
4313 6747 149 31 Railway
4489 6749 29 28 (8
4541 6753 42 21 au
4607 6748 32 25 14
4664 6747 130 30 décelu-

3783 6787 59 26 bre
3848 6787 8 22 >
3868 6794 6 18 :
3904 6786 16 31 $
3953 6786 112 29 153,000
4097 6784 214 30 (diminution
4344 6791 6 17 :
4381 6783 16 29 $
4429 6782 120 29 14,300).
4579 6796 34 4 —
4642 6781 152 27 Chemins

3782 6819 185 33 Espagnols
3998 6821 61 30 (11'0
4086 6819 123 27 décade
4236 6818 45 27 du
4305 6817 98 30 mois)
4416 6825 6 18 :
4451 6816 200 27 diminution
4681 6824 7 18 :
4715 6816 80 32 1,296

3781 6858 145 29 pesetas.

4089 6958 172 42 Memento
4301 6958 177 41 financier

3824 7055 249 28 Introductions
4097 7061 42 21 au
4162 7056 33 26 19
4219 7054 186 28 décembre.

3821 7102 47 26 Au
3901 7103 169 31 comptant
4099 7103 33 25 et
4161 7101 18 26 à
4209 7103 116 29 terme,
4356 7101 48 26 lre
4434 7098 108 33 partie
4573 7097 41 28 de
4642 7096 33 29 la
4707 7100 83 29 cote,

3781 7135 203 32 obligations
4012 7145 6 18 :

3820 7171 166 30 Emprunt
4017 7170 171 28 extérieur
4219 7170 41 27 de
4291 7169 32 27 la
4352 7168 162 30 province
4557 7167 41 27 de
4640 7167 149 27 Buenos-

3779 7206 105 30 Aires,
3909 7206 130 30 176,400
4062 7206 40 26 de
4125 7205 56 27 500
4205 7205 41 26 fr.
4270 7205 16 25 4
4311 7203 57 32 1/2
4393 7202 46 31 %.
4462 7217 40 4 —
4524 7202 66 26 The
4614 7200 177 28 Cleveland

3780 7240 197 30 Cinçinnati,
4010 7240 139 29 Chicago
4180 7240 67 25 and
4274 7237 214 29 Saint-Louis
4516 7236 149 33 Railway
4696 7235 92 27 Com-

3777 7280 101 25 pany,.
3909 7275 128 27 100,000
4066 7275 40 26 de
4137 7275 56 25 500
4222 7274 41 26 fr.
4294 7274 16 25 4
4342 7272 45 31 %.
4417 7286 40 4 —
4482 7270 214 28 Saint-Louis
4724 7269 67 28 and

3778 7309 66 27 San
3867 7310 175 26 Francisco
4068 7308 147 27 rallroad
4241 7309 180 30 Company,
4446 7306 128 30 100,000
4600 7305 40 26 de
4665 7305 57 26 516
4746 7304 42 26 fr.

3778 7345 16 25 5
3821 7344 45 30 %.
3892 7359 38 3 —
3954 7343 138 33 Chicago
4115 7342 200 27 MilWa1lhee
4336 7341 67 27 and
4425 7339 195 28 Saint-Paul
4641 7338 149 34 Railway

3780 7380 180 33 Company,
3985 7378 129 31 500,000
4138 7377 41 27 de
4204 7377 56 26 500
4285 7376 41 26 fr.
4352 7376 17 25 4
4395 7375 45 30 %.

3824 7423 199 27 Dividendes
4049 7424 178 25 annoncés.

3819 7469 172 26 Brasserie
4012 7469 40 26 de
4073 7468 166 31 Blamont,
4260 7468 16 26 5
4301 7467 45 30 %.
4367 7481 40 3 —
4425 7465 174 27 Brasserie
4620 7465 41 27 de
4680 7463 124 33 Mont-,

3780 7503 137 35 béliard,
3943 7504 16 24 5
3979 7503 62 31 1/2
4068 7502 46 31 %.
4138 7502 235 27 -llr.asserlc
4397 7502 42 26 de
4461 7500 151 31 Soleure,
4636 7500 16 26 5
4680 7498 46 31 %.
4749 7512 41 5 —

3779 7538 120 27 Usines
3922 7538 47 27 dit
3990 7537 134 34 Paquis,
4149 7538 16 25 5

3823 7587 249 34 Souscriptions
4098 7587 191 34 publiques.

3820 7634 155 26 Chemins
3993 7634 41 26 de
4052 7635 56 29 fer
4126 7634 46 26 du
4190 7634 71 26 Sud
4279 7634 45 26 du
4344 7631 117 27 Brésil,
4481 7645 40 4 —
4542 7631 86 26 C'est
4647 7629 138 32 aujour-

3780 7669 91 26 d'hui
3894 7674 62 26 que
3981 7674 74 20 sera
4078 7667 90 27 close
4192 7667 30 27 la
4247 7667 227 31 souscription
4497 7670 64 22 aux
4583 7665 97 30 25,000
4704 7663 80 28 obli-

3780 7704 141 29 gatiolls,
3948 7702 167 32 première
4143 7701 223 32 hypothèque,
4395 7701 40 26 de
4464 7702 85 25 cette
4577 7699 199 31 Compagnie

3779 7738 172 26 Garanties
3981 7745 6 18 :
4016 7736 115 26 valeur
4157 7737 58 25 des
4243 7736 155 29 terrains,
4426 7735 124 29 usines,
4579 7733 213 30 immeubles.;

3780 7772 196 26 concession
4004 7773 33 24 et
4066 7770 195 31 monopoles
4289 7772 34 24 et
4350 7770 59 26 des
4438 7770 144 25 recettes
4611 7770 107 24 nettes
4747 7768 45 26 de'

3779 7807 157 30 1,726.095
3959 7805 114 27 francs
4096 7810 86 25 pour
4205 7810 46 20 un
4266 7804 129 26 service
4410 7804 40 26 de
4464 7803 78 26 titre
4557 7802 40 27 de
4613 7802 170 31 1,000,000.

3778 7840 192 26 Conditions
4004 7848 6 17 :
4039 7839 75 31 prix
4162 7838 194 27 d'émission
4382 7839 50 25 455
4460 7838 113 25 francs
4593 7844 6 19 :
4650 7837 133 31 rapport

3776 7875 33 26 25
3832 7875 123 29 francs,
3980 7876 73 24 nets
4077 7874 38 25 de
4138 7875 76 24 tous
4239 7873 131 30 impôts.
4395 7873 40 25 Le
4460 7874 77 23 taux
4561 7870 69 26 réel
4653 7871 38 26 de
4714 7870 68 31 pla-

3779 7911 128 24 cement
3928 7910 51 24 est
4000 7908 85 26 donc
4107 7908 39 26 de
4168 7909 15 25 5
4207 7907 32 31 %
4266 7907 32 30 %
4322 7906 77 31 plus
4422 7910 63 22 une
4507 7905 106 31 prime
4636 7905 39 26 de
4698 7910 84 21 rem-

3777 7943 216 26 boursement
4018 7942 40 26 de
4085 7942 31 26 10
4142 7940 49 32 %.'

3818 7973 59 30 On'
3900 7976 147 27 souscrit
4083 7982 41 21 au
4159 7974 111 29 Crédit
4305 7974 138 28 Foncier
4477 7972 165 32 d'Algérie
4676 7974 34 26 et
4745 7972 35 27 d6

3777 8010 157 33 Tunisie.,

4944 5412 144 70 LE
5134 5414 652 78 COMMERCE

5398 5560 105 33 Paris,
5528 5561 31 28 le
5582 5563 35 27 19
5641 5562 185 29 décembre.

4904 5603 84 28 Blés.
5013 5619 35 4 —
5072 5605 210 33 L'Amérique
5310 5612 17 21 a
5350 5607 171 28 maintenu
5546 5614 54 21 ses
5626 5615 100 21 cours
5752 5615 41 22 au
5818 5610 50 26 ni-

4861 5644 85 21 veau
4965 5639 191 32 précédent,
5179 5641 126 27 samedi
5325 5647 41 21 en
5388 5642 127 27 clôture
5537 5645 33 24 et
5591 5645 214 30 aujourd'hui
5827 5651 42 21 au

4860 5674 103 26 début
4982 5675 39 27 de
5041 5674 31 28 la
5091 5676 128 26 séance.
5239 5677 60 26 Les
5318 5677 152 27 marchés
5489 5678 187 31 européens
5696 5681 75 24 sont
5789 5681 76 25 tous

4862 5709 134 32 calmes,
5021 5711 77 25 sauf
5118 5711 123 28 Berlin,
5265 5713 144 25 soutenu
5432 5713 98 29 grâce
5552 5713 18 26 à
5593 5718 64 21 une
5679 5714 108 27 bonne
5811 5715 56 25 de-

4860 5744 118 27 mande
5014 5748 88 28 pour
5136 5744 49 28 les
5221 5745 231 33 chargements
5488 5748 204 31 rapprochés
5710 5756 7 23 ;
5755 5749 111 27 Liver-

4858 5779 79 31 pool
4966 5782 52 24 est
5047 5779 114 27 calitie.

4901 5814 24 25 A
4952 5814 105 30 Paris,
5084 5815 30 26 le
5140 5815 135 26 marché
5301 5817 51 25 est
5378 5816 155 31 toujours
5560 5817 155 27 hésitant.
5744 5818 123 31 Malgré

4860 5854 64 21 une
4948 5849 103 26 sortie
5063 5850 50 26 :de
5134 5850 80 30 2,000
5236 5850 160 32 quintaux
5419 5852 45 26 du
5486 5852 94 26 stock
5602 5854 34 24 et
5657 5852 30 27 le
5709 5854 94 25 refus
5825 5859 41 20 en

4861 5884 233 26 conservation
5119 5885 39 26 de
5182 5885 51 26 600
5257 5885 160 32 quintaux
5441 5886 148 30 environ,
5615 5886 48 27 les
5689 5887 175 26 acheteurs

4860 5920 74 24 sont
4958 5923 66 26 peu
5050 5919 190 31 empressés
5259 5928 7 22 ;
5294 5926 40 20 au
5361 5920 176 31 contraire,
5564 5920 22 26 il
5613 5926 22 26 y
5660 5927 17 20 a
5703 5922 160 31 quelques

4859 5955 153 26 reventes
5032 5953 223 27 d'excédents.
5274 5954 46 26 En
5339 5960 135 25 somme,
5492 5960 65 25 peu
5577 5955 168 26 d'affaires
5764 5956 99 26 faites

4858 5989 34 24 et
4914 5988 49 26 les
4988 5994 100 21 cours
5111 5991 127 24 restent
5261 5988 191 31 inchangés.
5477 5990 89 26 Pour
5587 5989 49 26 les
5660 5990 137 30 farines,
5822 5996 42 20 111\

4859 6024 88 25 note
4957 6022 30 27 le
5008 6022 106 27 même
5140 6023 102 26 calme
5270 6032 7 17 :
5302 6023 24 26 il
5347 6024 57 31 n'y
5425 6029 17 21 a
5464 6023 34 26 ni
5520 6023 165 28 vendeurs
5708 6024 35 26 ni
5765 6025 96 27 ache-

4858 6059 104 25 teurs.

4899 6104 131 26 Sucres.
5058 6118 36 5 —
5120 6105 43 25 La
5189 6103 153 28 nouvelle
5370 6103 190 27 estimation
5589 6104 58 27 des
5677 6104 184 28 fabricants

4858 6139 40 26 de
4928 6144 117 21 sucres
5073 6144 169 27 provoque
5273 6138 58 26 des
5360 6138 102 26 offres
5492 6144 93 21 assez
5615 6139 126 27 suivies
5771 6143 33 24 et
5833 6141 30 26 le

4856 6173 135 27 marché
5016 6175 52 25 est
5092 6173 101 26 faible
5218 6173 145 30 pendant
5388 6172 31 27 la
5443 6173 166 30 première
5633 6174 109 31 partie
5767 6175 40 26 de
5832 6175 32 27 la

4857 6208 129 31 séance,
5007 6213 77 21 sans
5103 6207 135 27 affaires
5254 6212 62 26 par
5334 6207 31 27 la
5384 6207 98 27 suite.
5501 6207 194 33 L'étranger
5712 6211 52 25 est
5783 6210 77 31 éga-

4855 6242 123 27 lement
5001 6242 113 27 calme.

4897 6289 140 27 Alcools.
5056 6303 36 4 —
5110 6287 131 27 Marché
5260 6292 78 22 sans
5356 6288 181 27 animation
5554 6290 146 26 pendant
5718 6291 92 25 toute
5831 6289 31 27 la

4857 6323 118 28 séance
4997 6325 32 24 et
5049 6322 31 27 la
5100 6322 161 27 tendance
5282 6324 53 25 est
5356 6323 211 29 irrégulière.
5589 6325 47 26 En
5658 6324 139 30 clôture,
5820 6330 42 22 ou

4856 6358 220 30 n'enregistre
5095 6362 59 26 pas
5176 6357 105 31 grand
5301 6357 219 32 changement
5540 6364 60 21 sur
5619 6359 82 26 hier.

4897 6403 95 28 Huile
5011 6403 39 26 de
5069 6402 57 27 lin.
5144 6417 36 5 —
5198 6402 46 27 On
5262 6403 125 27 assiste
5401 6404 19 26 à
5438 6409 65 22 une
5523 6404 129 32 reprise
5670 6410 86 27 pour
5775 6407 84 25 cette

4852 6438 241 27 marchandise.
5120 6437 48 27 Au
5195 6437 103 27 début
5323 6438 41 27 de
5391 6437 31 28 la
5449 6438 129 31 séance,
5606 6438 49 28 les
5681 6439 177 27 acheteurs

4855 6475 75 25 sont
4956 6472 200 31 empressés.
5186 6472 42 27 Le
5256 6472 187 32 rapproché
5471 6475 51 25 est
5571 6473 68 27 très
5689 6474 169 30 demandé,

4852 6507 84 27 mais
4958 6507 30 27 le
5010 6506 140 27 livrable
5174 6508 52 26 est
5247 6507 19 26 à
5286 6507 97 31 peine
5406 6509 154 25 soutenu.
5584 6508 46 26 En
5654 6507 138 32 clôture,
5817 6514 42 21 on

4851 6544 52 25 est
4927 6542 173 31 beaucoup
5124 6541 78 32 plus
5228 6541 115 31 calme,
5369 6541 83 27 mais
5477 6541 50 27 les
5553 6547 99 22 .cours
5677 6543 76 26 n'en
5779 6548 76 21 con-

4851 6578 134 26 servent
5006 6581 60 27 pas
5090 6576 109 27 moins
5224 6581 65 22 une
5314 6581 120 22 avance
5461 6576 149 28 sérieuse
5635 6582 59 21 sur
5719 6577 134 26 samedi.

4894 6622 95 27 Huile
5018 6622 39 27 de
5085 6622 101 26 colza.
5212 6637 36 5 —
5272 6623 68 26 Peu
5367 6622 169 27 d'affaires
5563 6628 42 20 au
5632 6622 102 27 début
5760 6623 39 25 de
5826 6622 31 26 la

4852 6657 129 27 séance.
5008 6657 238 28 Àmélioration
5272 6662 41 22 en
5342 6656 126 28 clôture
5496 6656 188 33 provoquée
5710 6661 60 26 par
5797 6657 58 26 des

4852 6693 142 27 rachats.

5002 6759 44 40 LA
5079 6757 148 41 HAUSSE
5261 6757 47 39 ET
5341 6757 45 39 LA
5420 6756 130 40 BAISSE
5585 6754 118 40 D'HIER

4989 6856 112 24 COURS
5287 6854 99 23 Hausse
5447 6852 89 24 Baisse
5587 6852 100 23 Précédait
5743 6854 23 22 Du
5781 6855 47 22 Jour

5012 6903 95 29 BLÉS

4850 6951 89 30 Paria
5067 6947 254 29 Courant......
5344 6963 29 14 ,,
5452 6962 28 10 ..
5480 6962 49 10 '..
5598 6942 32 26 27
5651 6943 32 26 80
5750 6945 32 25 27
5803 6945 32 26 80

4876 6998 35 7 —
5069 6976 140 32 Prochain
5599 6977 32 25 27
5651 6978 32 26 75
5750 6980 33 25 27
5803 6981 33 25 75

4877 7033 34 6 —
5067 7017 18 25 4
5102 7016 141 34 premiers
5503 7031 26 9 ..
5598 7012 32 25 27
5651 7014 33 26 75
5750 7015 33 25 27
5803 7016 32 25 75

4979 7055 151 29 SUCRES

4848 7100 91 28 Paria
5068 7096 125 27 Courant
5499 7094 34 26 25
5600 7093 33 26 30
5652 7094 33 26 37
5751 7094 32 25 30
5804 7095 32 24 12

5068 7130 188 27 Prochain...
5499 7129 33 26 13
5600 7127 34 26 30
5651 7129 34 26 50
5750 7128 34 25 30
5803 7129 33 25 37

5068 7165 18 26 4
5101 7164 142 34 premiers
5451 7180 25 10 ..
5498 7164 34 26 25
5599 7162 34 26 30
5652 7164 32 26 75
5750 7163 33 25 30
5802 7164 32 25 50

4847 7203 184 31 Hambourg
5067 7199 126 27 Courant
5617 7197 14 25 9
5652 7199 32 25 10
5766 7197 15 25 9
5802 7199 32 24 10

4922 7251 34 6 —
5066 7233 306 26 Janv.-Mars...
5429 7231 121 36 0021/2
5616 7231 15 26 9
5650 7234 34 25 20
5715 7232 14 25 9
5750 7232 32 25 17
5802 7232 49 32 1/2

4847 7272 136 27 Londres
5067 7268 410 26 Courant........
5500 7269 50 32 1/4
5581 7266 50 33 9/0
5650 7268 48 31 3/4
5731 7266 51 32 9/0
5801 7268 50 30 1,2

4899 7319 33 6 —
5064 7301 411 30 Janv.-Mars.....
5500 7304 49 34 1/4
5580 7301 49 33 9/1
5649 7302 51 32 3/4
5731 7300 48 34 9/1
5801 7302 49 32 1/2

4962 7341 180 28 ALCOOLS

4845 7385 92 30 Paris
5064 7381 123 28 Courant
5340 7381 33 26 25
5449 7402 76 9 ....
5597 7382 33 25 45
5653 7401 24 6 ..
5747 7382 31 25 45
5799 7381 32 26 25

4874 7433 33 7 —
5064 7415 139 27 Prochain
5497 7419 33 26 25
5596 7417 33 25 46
5648 7417 32 25 25
5747 7416 32 24 46
5802 7434 25 7 ..

5064 7452 16 25 4
5096 7449 141 34 premiers
5448 7470 78 10 ....
5596 7451 33 26 46
5648 7452 32 26 75
5747 7451 33 25 46
5799 7451 32 26 75

5024 7490 57 26 LIN

4845 7535 91 27 Paris
5061 7530 188 26 Courant....
5303 7530 16 26 3
5342 7549 26 7 ..
5462 7549 12 11 „
5498 7550 27 9 ..
5594 7532 32 25 95
5649 7550 25 8 ..
5745 7531 32 25 98
5801 7549 25 6 ..

4879 7582 33 5 —
5060 7563 188 29 Prochain...
5303 7567 15 24 2
5339 7567 32 25 75
5463 7584 61 11 ...
5594 7566 32 25 90
5649 7584 25 9 ..
5744 7565 32 26 92
5796 7565 31 25 75

4879 7615 33 6 —
5062 7599 18 25 4
5090 7598 158 33 premiers.
5303 7601 16 25 0
5337 7601 33 26 25
5463 7618 60 11 ...
5594 7601 31 25 87
5648 7619 26 8 ..
5743 7600 33 25 87
5796 7600 30 25 25

4983 7637 126 28 COLZA

4842 7683 92 28 Paris
5057 7674 190 32 Courant....
5302 7681 16 26 0
5336 7681 31 26 25
5444 7697 78 12 ....
5592 7680 32 25 63
5644 7680 33 26 50
5744 7679 31 25 63
5796 7679 30 25 75

4876 7730 33 6 —
5058 7712 189 29 Prochain...
5301 7716 16 25 0
5336 7716 32 25 25
5444 7732 78 10 ....
5592 7714 32 26 63
5644 7715 31 25 75
5743 7714 32 24 64
5797 7732 26 7 ..

4876 7763 33 7 —
5059 7747 19 25 4
5090 7748 156 32 premiers.
5300 7751 16 25 0
5336 7751 32 25 25
5444 7767 77 9 ....
5591 7749 40 30 64,
5647 7750 26 24 ..'
5743 7749 31 24 64
5793 7749 31 24 25

4840 7814 124 27 Journal
4972 7813 123 24 exécuté
5102 7821 54 22 par
5163 7813 53 25 des
5224 7814 203 32 typographes
5439 7813 161 32 syndiqués

4840 7853 203 33 Composition,
5062 7854 43 27 88,
5122 7849 265 31 Chamns-Elwées
5408 7867 31 4 —
5459 7854 26 28 J,
5502 7854 98 23 PiNEr.

4841 7896 39 26 Le
4898 7894 118 26 Gérant
5036 7901 8 15 :
5063 7892 122 26 Camille
5209 7889 173 30 LECESTRE.

4901 7943 217 33 Imprimerie,
5143 7945 51 30 19,.
5210 7950 69 21 rue.
5294 7944 108 30 Cadet,
5427 7943 102 26 Paris.
5554 7957 41 11 r-.
5610 7942 31 32 C,
5667 7942 113 29 Marty.

4839 7996 170 30 Machine«
5047 7996 164 29 rotaUueM
5249 7996 61 26 de»
5360 7994 277 28 Etablissements
5675 7990 164 30 Marinoni
