6314 8650
1170 312 112 120 •
1282 312 562 120 EXCELSIOR
1844 312 114 120 •

632 302 166 25 BUREAUX
832 302 21 24 A
889 302 159 26 LONDRES
1074 310 7 19 :

632 336 36 25 17,
693 335 80 24 Green
796 334 86 24 Street

716 367 128 24 Leloester
865 367 101 27 Square
991 368 37 24 W.
1049 368 28 25 C.

629 430 167 26 BUREAUX
839 432 21 23 A
905 432 128 24 BERLIN
1071 437 7 19 :

626 468 87 26 59-60,
737 468 241 26 Friedrichstrasse,
999 469 78 24 59-50

1276 449 138 45 Mardi
1429 449 59 44 20
1506 449 197 46 décembre
1727 456 125 43 1910.

2087 314 39 24 La
2162 315 176 26 Direction
2375 318 57 27 prie
2468 318 39 24 les

2054 353 140 20 personnes
2215 353 154 24 auxquelles
2391 353 115 23 seraient

2053 381 107 25 faites
2191 385 57 24 des
2275 387 231 26 propositions

2053 416 33 22 de
2131 418 128 26 publicité
2304 420 123 28 déguisée
2472 422 34 23 de

2054 449 60 24 bien
2166 452 102 25 vouloir
2317 454 54 25 l'en
2422 456 84 24 aviser

2117 487 323 26 personnellement.

624 596 356 156 Les
1080 592 556 160 Cures
1736 596 220 160 de
2040 604 472 160 l'Air

521 880 76 50 La
636 878 209 64 grande
884 879 275 61 conquête
1198 888 109 51 que
1345 888 145 38 nous
1524 872 251 57 donnera
1814 879 350 67 l'aéroplane,
2203 903 110 36 aux
2358 891 244 52 malades

693 977 218 36 comme
937 963 29 49 à
994 967 142 49 tous,
1176 958 129 50 c'est
1332 956 119 51 l'air
1487 957 326 54 réellement
1850 977 121 47 pur,
2011 982 108 46 que
2158 968 266 54 l'homme

1181 1054 69 35 ne
1297 1040 228 49 connaît
1571 1055 95 47 pas
1715 1057 216 38 encore.

567 1247 84 37 [Les
665 1246 159 40 exploits
838 1245 202 41 accomplis
1055 1242 194 34 dimanche
1269 1252 65 33 par
1354 1245 53 31 les
1427 1244 99 32 avia-

511 1288 116 31 teurs,
651 1286 210 35 l'intrépide
883 1285 158 33 ténacité
1065 1285 45 33 de
1135 1285 157 32 Farman
1319 1286 35 31 et
1380 1285 44 34 la:
1440 1285 85 30 har-

512 1328 120 31 diesse
667 1325 248 38 triomphante
949 1327 45 31 de
1028 1326 175 36 Sopwith,
1238 1320 79 37 hier
1352 1326 171 36 inconnu,

512 1362 240 45 aujourd'hui
775 1365 154 40 célébré,
953 1366 204 39 suggèrent
1180 1374 47 24 au
1250 1364 154 34 docteur
1426 1365 97 31 Tou-

510 1409 104 32 louse
641 1409 54 32 les
725 1409 191 32 curieuses
941 1407 199 32 réflexions
1167 1415 71 34 que
1265 1406 110 38 voici]

560 1514 168 39 Tandis
758 1524 83 41 que
868 1524 114 28 nous
1011 1513 229 39 discutons
1266 1535 52 5 —
1344 1523 61 27 un
1432 1522 85 38 peu

507 1566 226 40 vivement
759 1589 53 6 —
842 1577 77 28 sur
950 1566 63 39 les
1046 1566 156 38 choses
1235 1564 52 39 de
1319 1564 44 39 la
1392 1564 125 47 terre,

508 1620 61 38 les
601 1618 234 40 machines
869 1618 52 39 de
952 1618 97 40 l'air
1080 1628 46 28 se
1157 1617 361 50 perfectionnent

506 1672 39 38 et
575 1682 112 28 nous
718 1671 241 50 préparent
989 1670 76 39 des
1096 1680 187 39 moyens
1315 1669 52 39 de
1399 1679 116 37 cure,

505 1735 86 28 une
636 1724 69 39 vie
750 1724 205 39 nouvelle
1014 1722 250 50 d'hygiène,
1297 1722 216 49 auxquels

503 1787 112 29 nous
638 1787 55 29 ne
714 1786 198 39 pensons
934 1774 147 51 guère.
1103 1774 84 40 Car
1207 1786 56 27 on
1287 1785 26 28 a
1332 1773 92 40 tout
1445 1785 69 28 es-

502 1829 174 50 compté
711 1829 113 39 dans
859 1827 239 43 l'aviation,
1132 1828 45 38 la
1210 1826 190 51 rapidité
1436 1827 76 39 des

501 1881 407 40 communications
958 1880 42 39 et
1056 1880 123 39 aussi
1234 1878 168 51 l'engin
1460 1880 51 38 de

499 1944 157 40 guerre
681 1945 8 37 ;
718 1933 116 41 mais
860 1944 57 29 on
944 1932 104 40 s'est
1072 1942 86 41 peu
1184 1931 248 51 préoccupé
1459 1933 52 38 de

498 1998 49 28 ce
583 1987 74 51 qui
693 1997 100 29 sera
826 1997 112 39 pour
972 1984 97 41 tous
1104 1984 255 48 l'essentiel,
1394 1985 38 39 si
1468 1985 44 39 la

497 2039 268 40 locomotion
796 2039 53 39 de
878 2038 182 40 demain
1092 2037 266 41 améliorera
1386 2037 122 40 notre

496 2091 225 41 existence
754 2091 42 40 et
827 2100 165 41 pourra
1024 2091 45 39 la
1101 2091 251 49 prolonger.
1386 2091 60 39 Or
1478 2091 28 38 il

496 2156 113 29 nous
640 2145 99 39 faut
766 2144 182 40 d'abord
977 2152 163 42 songer
1169 2142 26 41 à
1221 2143 122 41 vivre
1374 2144 134 39 avant

496 2198 52 43 de
573 2208 113 29 nous
712 2196 154 41 battre.

544 2269 157 46 Quand
724 2277 114 31 nous
862 2267 249 41 cherchons
1136 2264 286 53 aujourd'hui
1445 2268 63 38 les

493 2321 127 38 effets
643 2320 52 40 de
718 2318 228 50 l'altitude,
968 2329 113 29 nous
1105 2319 181 48 devons,
1310 2318 25 40 à
1357 2318 147 40 moins

493 2372 217 40 d'habiter
736 2372 27 39 à
788 2372 45 39 la
858 2371 258 51 montagne,
1144 2372 110 39 aller
1282 2371 25 39 à
1333 2372 96 46 elle,
1455 2381 49 29 ce

490 2426 75 50 qui
595 2425 67 40 est
692 2436 61 29 un
784 2436 87 39 peu
902 2424 108 51 long
1037 2435 115 40 pour
1180 2425 65 39 les
1277 2424 229 40 habitants

491 2479 76 37 des
610 2477 190 49 plaines,
828 2488 112 39 pour
994 2476 40 39 le
1074 2476 204 40 Parisien
1304 2487 8 35 ;
1356 2476 43 39 et
1438 2475 65 40 les

490 2530 252 39 conditions
766 2530 54 39 de
844 2541 49 28 ce
917 2528 313 51 déplacement
1253 2528 102 40 sont
1376 2525 126 44 telles

490 2584 163 51 qu'une
684 2582 87 40 fois
800 2593 56 29 en
885 2582 121 48 haut,
1035 2582 31 39 il
1096 2582 99 39 faut
1222 2593 28 39 y
1278 2582 139 39 rester
1446 2592 54 29 au

488 2636 149 39 moins
667 2635 191 47 quelque
886 2636 146 46 temps
1071 2646 8 28 ;
1111 2634 105 40 c'est
1244 2635 44 39 la
1315 2645 104 30 cure
1448 2634 53 40 de

488 2690 164 48 séjour.
1520 2709 10 18 -,

540 2755 85 38 Des
660 2752 223 43 aviateurs
930 2752 77 40 ont
1050 2763 61 39 pu
1157 2763 56 29 en
1261 2751 239 51 aéroplane

487 2806 217 40 atteindre
727 2806 42 39 et
792 2803 214 53 dépasser
1029 2806 44 39 la
1095 2805 191 40 hauteur
1309 2806 54 39 de
1383 2805 118 39 2.000

486 2859 163 39 mètres
673 2870 9 36 ;
731 2859 42 40 et
816 2859 110 39 cette
972 2859 237 39 ascension
1241 2868 166 39 pourra
1438 2869 60 28 un

484 2912 103 49 jour
607 2922 47 29 se
676 2911 115 40 faire
812 2911 53 40 de
886 2909 237 52 n'importe
1145 2911 145 51 quelle
1311 2910 188 49 localité,

484 2976 55 28 en
566 2964 222 50 graduant
809 2964 46 40 la
877 2964 135 40 durée
1035 2964 53 39 de
1112 2965 45 38 la
1179 2962 177 42 montée
1381 2964 42 39 et
1446 2964 52 39 de

485 3018 44 39 la
564 3017 220 48 descente,
820 3027 57 29 au
924 3016 107 40 total-
1079 3017 113 39 dans
1242 3028 61 28 un
1352 3017 146 50 temps

482 3070 135 39 court.
664 3070 60 40 Le
771 3068 207 42 médecin
1027 3080 110 29 aura
1182 3070 115 39 donc
1344 3069 45 40 là
1437 3080 60 29 un

482 3123 135 51 agent
643 3122 225 51 physique
896 3132 219 39 nouveau,
1144 3122 192 51 quelque
1366 3121 132 41 chose

481 3186 175 29 comme
684 3176 41 39 le
757 3190 19 21 «
806 3175 108 39 bain
944 3172 230 42 d'altitude
1205 3190 36 33 »,
1270 3174 90 51 qui,
1389 3185 107 30 sans

482 3228 152 43 efforts
658 3225 313 51 musculaires,
993 3227 195 40 excitera
1210 3226 40 41 le
1274 3226 224 41 fonction-

481 3281 186 40 nement
704 3281 59 39 du
801 3290 133 39 cœur,
972 3280 235 40 modifiera
1242 3281 40 39 le
1320 3281 176 50 rythme

481 3333 285 50 pulmonaire
794 3332 117 41 ainsi
940 3344 85 40 que
1050 3334 46 39 la
1121 3333 266 50 respiration
1417 3334 77 40 des

480 3387 152 46 tissus,
656 3395 83 41 par
762 3385 114 41 suite
901 3386 53 39 de
977 3387 45 39 la
1044 3386 273 40 raréfaction
1345 3387 150 50 d'oxy-

481 3440 113 49 gène
621 3438 85 41 liée
735 3438 26 40 il
787 3439 45 40 la
859 3438 261 51 dépression
1150 3438 344 53 barométrique.

479 3492 83 40 Les
592 3492 161 49 jeunes
784 3502 125 40 gens,
938 3492 65 39 les
1034 3492 254 50 sportsmen
1320 3493 42 38 et
1389 3492 103 40 bien

481 3546 76 38 des
589 3545 194 39 femmes
814 3555 255 38 nerveuses,
1096 3544 194 40 certains
1320 3546 174 39 cardia-

481 3609 108 40 ques
630 3598 162 48 même,
834 3597 344 40 s'entraîneront
1218 3608 107 29 avec
1366 3598 130 50 profit

480 3651 24 39 à
538 3650 109 40 cette
683 3650 320 51 gymnastique
1036 3650 181 51 passive
1251 3651 76 40 des
1364 3661 128 41 orga-

478 3714 80 28 nes
598 3704 232 49 profonds,
870 3703 106 40 dont
1013 3704 296 50 l'expérience
1349 3705 142 50 préci-

478 3768 101 28 sera
603 3757 64 39 les
693 3756 271 40 indications
991 3755 144 42 utiles.

529 3817 48 54 Ir
577 3817 49 54 y
659 3833 26 28 a,
716 3821 166 40 mieux.
915 3822 123 39 Dans
1072 3833 80 28 nos
1188 3832 123 41 pays,
1345 3832 56 30 on
1435 3833 53 29 va

479 3874 213 39 chercher
720 3875 41 38 le
790 3874 127 40 soleil
946 3875 103 39 bien
1080 3875 92 39 loin
1200 3899 53 5 —
1280 3876 208 51 jusqu'en

478 3927 184 50 Egypte,
697 3926 38 40 si
769 3927 86 40 l'on
889 3927 90 40 suit
1011 3928 45 39 la
1088 3929 143 47 mode,
1264 3928 224 51 lorsqu'on

478 3980 72 40 n'a
578 3990 81 39 pas
690 3980 122 39 autre
842 3980 132 40 chose
1005 3980 26 40 à
1058 3981 128 39 faire.
1216 3981 71 48 Or,
1316 3993 83 39 par
1426 3983 63 38 les

476 4032 148 40 tristes
660 4031 125 51 jours
822 4031 181 51 d'hiver,
1039 4034 180 51 lorsque
1254 4034 44 39 la
1333 4034 158 40 calotte

476 4086 76 38 des
580 4085 130 40 cieux
736 4086 172 40 semble
933 4098 61 29 un
1022 4086 217 48 eteignoir
1260 4087 59 42 -,de
1346 4088 141 40 coton.

473 4139 41 38 le
547 4138 126 39 soleil
704 4138 128 39 brille
863 4139 93 39 tout
985 4139 52 39 de
1068 4132 162 57 même',
1260 4141 117 38 mais
1410 4153 76 27 au-

477 4192 158 39 dessus
663 4191 77 39 des
769 4200 185 41 nuages,
982 4193 189 39 souvent
1197 4205 26 28 y.
1250 4193 124 39 mille
1401 4194 88 38 mè-

474 4245 101 38 tres.
613 4244 92 47 Que
753 4245 52 39 de
854 4244 101 47 fois,
990 4255 83 38 par
1106 4246 76 38 des
1218 4245 281 45 brouillards,

475 4308 197 38 opaques
718 4291 106 45 faits
870 4297 52 39 de
966 4309 171 38 vapeur
1179 4299 127 39 d'eau
1351 4300 41 39 et
1435 4300 52 39 de

473 4349 244 49 poussière,
754 4350 124 42 selon
914 4351 45 39 la
1004 4351 150 39 bonne
1203 4351 195 40 formule
1435 4353 52 39 de

473 4402 141 49 Paris,
641 4402 78 50 j'ai
746 4403 186 49 regardé
960 4414 48 28 ce
1036 4404 189 39 matelas
1253 4405 129 39 ouaté
1412 4405 72 50 qui

473 4466 114 28 nous
626 4466 192 37 enserre,
858 4466 106 29 avec
1016 4457 132 49 dépit,
1187 4468 54 28 en
1293 4459 195 48 pensant

475 4519 97 37 que,
615 4508 38 38 si
696 4519 56 28 on
797 4509 39 38 le
878 4509 175 46 trouait,
1096 4521 56 27 on
1197 4510 200 47 pourrait
1440 4522 46 28 se

474 4555 154 54 griser,
657 4569 176 31 comme
863 4560 113 40 dans
1008 4562 39 39 le
1076 4562 124 49 Midi,
1231 4561 53 41 de
1313 4563 172 40 bonnes

470 4613 247 40 radiations
743 4612 8 40 !

523 4677 235 41 L'aéronef
783 4676 202 43 donnera
1009 4679 26 40 à
1059 4679 173 51 chaque
1258 4691 113 40 pays
1397 4692 87 29 une

473 4730 100 40 Côte
595 4730 173 49 d'Azur,
789 4742 88 29 une
896 4730 135 50 vraie,
1050 4732 56 39 où
1125 4733 177 40 chacun
1322 4744 165 40 pourra

473 4783 184 39 accéder
680 4794 55 29 en
761 4785 213 50 quelques
999 4784 211 41 minutes.

522 4848 69 54 Let
603 4847 127 40 soleil
752 4848 75 43 est,
849 4858 55 30 en
927 4849 135 46 outre,
1084 4859 61 30 un
1168 4849 315 42 médicament.

470 4900 37 39 Il
537 4911 26 29 a
592 4911 88 29 une
711 4902 169 48 grande
911 4900 146 41 action
1088 4913 78 29 sur
1195 4902 147 41 divers
1373 4904 110 40 états

471 4953 240 48 morbides,
735 4954 77 39 des
836 4953 167 40 lésions
1028 4955 53 39 de
1103 4954 45 41 la
1170 4966 115 40 peau
1308 4967 176 30 comme

470 5006 77 39 des
584 5005 220 40 maladies
842 5005 246 51 générales,
1123 5008 45 40 la
1202 5008 281 42 tuberculose

471 5058 184 40 surtout.
677 5059 90 46 .Des
794 5057 133 42 abcès
953 5070 163 30 osseux
1140 5062 77 39 ont
1241 5061 66 41 été
1334 5063 149 49 guéris

470 5122 82 38 par
585 5111 45 39 la
664 5113 123 38 seule
822 5112 70 40 vie
927 5122 56 29 en
1020 5112 160 41 bateau
1218 5125 77 29 sur
1329 5116 46 39 la
1409 5115 73 40 Ri-

469 5164 124 39 viera
617 5175 9 36 ;
658 5163 42 41 le
731 5165 134 48 lupus
897 5164 67 41 est
994 5165 204 41 cicatrisé
1229 5178 82 39 par
1341 5169 43 39 la
1414 5169 68 39 lu-

470 5217 139 39 mière
636 5216 258 41 artificielle.

522 5282 62 38 La
612 5280 188 41 lumière
830 5283 76 39 des
934 5283 213 40 hauteurs
1177 5295 26 29 a
1229 5284 76 41 des
1333 5286 148 40 vertus

469 5333 323 49 particulières.
828 5335 94 40 Elle
957 5336 67 39 est
1056 5337 122 39 riche
1226 5348 55 29 en
1317 5349 164 39 rayons

469 5387 312 48 ultra-violets,
805 5388 149 39 moins
981 5390 249 39 nombreux
1256 5391 25 39 à
1304 5403 178 29 mesure

471 5440 132 49 qu'on
635 5450 46 29 se
712 5440 249 49 rapproche
992 5442 53 38 de
1075 5442 45 39 la
1148 5443 126 39 terre.
1307 5445 70 46 Or,
1409 5456 72 29 ces

468 5503 166 39 rayons
675 5491 294 42 ultra-violets
1008 5495 77 38 ont
1122 5495 77 39 des
1236 5497 245 49 propriétés

469 5544 171 39 d'ordre
669 5544 241 52 chimique,
938 5546 75 51 qui
1041 5558 55 28 en
1126 5549 99 38 font
1250 5549 41 39 le
1319 5553 109 36 tarte
1456 5551 26 39 à

467 5602 43 33 la
535 5597 147 39 crème
707 5597 59 39 du
791 5598 218 41 médecin.
1033 5600 62 39 Ils
1120 5601 76 39 ont
1222 5612 87 29 une
1335 5603 144 39 action

469 5648 268 41 bactéricide
771 5649 175 42 intense
979 5651 42 40 et
1053 5653 181 39 demain
1269 5654 213 41 stérilise-

468 5701 101 39 ront
597 5712 108 29 sans
736 5701 130 41 doute
895 5714 81 29 nos
1007 5705 224 46 aliments,
1260 5706 113 40 l'eau
1404 5719 78 36 po-

468 5754 132 48 table,
626 5754 41 40 le
693 5754 91 40 lait.
810 5755 72 39 Un
910 5756 185 41 aéronef
1119 5759 161 39 mettra
1307 5760 25 39 à
1358 5761 123 40 notre

470 5806 120 39 aisée
628 5806 266 48 disposition
933 5809 141 40 toutes
1114 5820 72 30 ces
1224 5812 256 47 précieuses

469 5858 247 41 radiations
744 5860 41 39 et
811 5860 205 41 d'autres.

522 5924 62 38 La
606 5923 300 50 température
931 5925 66 39 est
1020 5937 158 29 encore
1202 5939 61 29 un
1289 5928 193 43 élément

470 5977 76 50 qui
571 5976 174 50 change
772 5988 106 28 avec
903 5978 227 42 l'altitude.
1158 5981 94 40 Elle
1279 5982 202 41 diminue

469 6040 56 27 en
562 6028 181 51 général
778 6031 52 38 de
866 6042 60 27 un
963 6032 132 48 degré
1129 6044 82 38 par
1243 6035 149 39 moins
1428 6037 52 39 de

469 6082 77 39 200
583 6081 176 40 mètres.
796 6083 71 49 Or,
904 6083 31 39 il
972 6084 67 39 est
1074 6085 106 39 utile
1217 6087 42 39 et
1295 6090 187 38 souvent

470 6134 252 40 nécessaire
772 6146 56 27 en
880 6136 79 47 été,
1010 6147 81 37 par
1141 6138 77 40 des
1267 6139 212 49 journées

470 6186 280 50 étouffantes,
781 6188 53 39 de
866 6199 46 29 se
943 6189 176 39 tonifier
1149 6202 81 36 par
1261 6203 87 29 une
1380 6205 99 37 pro-

472 6240 190 41 menade
687 6240 112 39 dans
824 6252 87 28 une
936 6242 283 50 atmosphère
1243 6244 186 42 fraîche.

542 6322 222 41 L'homme
790 6324 235 39 connaîtra
1052 6326 123 38 enfin
1201 6326 99 40 l'air
1324 6338 87 40 pur

522 6403 116 39 Mais
673 6404 45 39 la
752 6405 168 49 grande
969 6407 216 48 conquête
1234 6419 84 38 que
1366 6421 112 29 nous

472 6455 200 40 donnera
698 6456 229 51 l'aéronef,
957 6469 88 29 aux
1074 6460 202 40 malades
1306 6472 175 30 comme

472 6508 26 38 à
521 6508 111 48 tous,
657 6509 104 39 c'est
786 6509 97 39 l'air
906 6520 96 40 pur.
1026 6512 230 41 L'homme
1281 6514 66 39 est
1371 6515 110 43 atta-

471 6560 80 40 ché
588 6560 26 38 iL
646 6561 45 39 la
725 6561 113 39 terre
872 6563 42 38 et
947 6562 31 40 il
1012 6575 56 28 ne
1103 6565 183 40 connaît
1320 6577 80 37 pas
1437 6568 43 38 la

470 6612 153 49 pureté
655 6613 51 39 de
737 6613 108 40 Pair.
875 6614 63 41 La
965 6622 113 33 terre
1108 6616 56 40 où
1197 6618 30 39 il
1258 6617 73 50 vit,
1363 6620 55 39 où
1449 6620 30 39 il

469 6665 217 47 travaille,
720 6665 55 39 où
810 6667 30 38 il
874 6676 47 30 se
954 6669 134 48 meut,
1121 6669 55 40 où
1211 6670 31 39 il
1276 6681 46 30 se
1356 6673 123 39 véhi-

471 6718 111 46 cule,
622 6717 180 40 s'effrite
842 6729 108 30 sans
989 6731 125 30 cesse
1154 6723 113 39 dans
1307 6724 173 40 l'atmo-

472 6769 172 50 sphère,
685 6770 74 48 qui
800 6771 65 39 est
903 6772 188 49 polluée,
1130 6785 54 29 en
1226 6776 133 43 outre,
1400 6789 81 35 par

469 6822 99 38 tous
598 6822 64 38 les
694 6822 177 40 déchets
901 6824 53 39 de
982 6825 45 39 la
1054 6825 70 40 vie
1154 6826 76 41 des
1260 6828 217 48 hommes,

471 6874 76 38 des
587 6874 217 39 animaux
838 6876 44 38 et
916 6876 76 39 des
1029 6878 189 49 plantes.
1256 6881 120 39 Dans
1415 6882 63 39 les

470 6926 142 47 villes,
644 6926 98 38 l'air
798 6928 197 39 contient
1037 6941 190 39 presque
1271 6933 98 40 tous
1416 6935 62 39 les

471 6978 201 49 produits
708 6979 51 38 de
794 6979 44 39 la
870 6981 156 39 nature
1051 6993 8 34 ;
1096 6984 76 38 des
1208 6985 271 47 microorga-

472 7030 184 46 nismes,
678 7031 76 38 des
776 7031 114 49 poils
912 7032 272 48 d'animaux,
1205 7037 76 40 des
1304 7049 174 35 germes

472 7082 52 39 de
549 7082 230 54 végétaux,
804 7084 58 40 du
887 7085 123 39 sable
1033 7087 42 39 et
1098 7087 58 39 du
1180 7090 210 43 charbon,
1413 7092 65 39 les

471 7134 254 46 poussières
761 7136 52 39 de
848 7137 141 38 toutes
1024 7139 138 39 sortes
1199 7142 52 38 de
1286 7143 193 46 métaux,

472 7187 148 39 même
653 7188 51 38 de
735 7188 90 48 l'or,
856 7189 64 38 les
953 7200 80 38 gaz
1066 7191 75 39 des
1174 7195 305 40 combustions

474 7239 51 38 de
554 7238 141 39 toutes
725 7240 63 39 les
817 7241 291 49 respirations
1138 7244 41 39 et
1207 7245 52 39 de
1289 7247 96 39 tous
1416 7249 63 38 les

472 7291 151 49 foyers
649 7290 64 51 s'y
736 7294 285 38 rencontrent
1042 7317 51 5 —
1116 7306 128 39 corps
1270 7298 210 47 irritants,

474 7343 156 50 agents
668 7343 288 50 pathogènes.
994 7346 52 39 Et
1082 7347 67 40 cet
1186 7349 186 41 aliment
1408 7352 71 39 aé-

473 7395 110 48 rien,
609 7396 41 37 le
677 7395 205 50 premier,
910 7397 39 40 le
975 7399 102 49 plus
1105 7398 265 50 nécessaire,
1398 7415 81 37 que

474 7457 113 29 nous
622 7458 112 28 nous
769 7457 190 40 passons
993 7451 53 39 de
1079 7451 171 40 bouche
1283 7463 53 29 en
1373 7455 107 40 bou-

474 7500 93 47 che,
586 7499 68 39 est
672 7500 101 39 bien
795 7500 39 40 le
855 7502 101 48 plus
977 7503 94 39 sale
1092 7514 83 39 que
1196 7515 112 29 nous
1330 7506 150 41 absor-

474 7551 130 39 bions
629 7562 8 36 ;
676 7553 116 38 mais
829 7553 29 38 il
895 7555 114 39 reste
1045 7554 222 47 invisible,
1304 7559 41 38 et
1379 7570 102 35 par..-

473 7604 97 39 tant
594 7615 55 27 ne
674 7603 199 52 répugne
900 7606 25 39 à
950 7617 234 39 personne,
1212 7609 268 46 feulement,

474 7655 64 39 les
568 7667 221 37 poumons
819 7657 75 39 des
923 7659 191 39 citadins
1144 7661 101 38 sont
1271 7662 92 39 tout
1390 7663 89 39 far-

475 7707 64 42 cis
561 7708 52 38 de
635 7708 153 48 grains
811 7710 133 47 noirs,
965 7712 51 38 de
1038 7713 209 43 charbon,
1269 7714 73 47 qui
1363 7727 118 27 mar-

477 7761 136 48 quent
641 7761 96 38 leur
768 7760 93 49 âge.

527 7823 66 38 011
615 7824 177 38 trouver
811 7824 97 38 l'air
928 7838 84 34 pur
1032 7828 19 38 ?
1070 7828 38 38 A
1127 7829 44 38 la
1193 7840 251 37 campagne
1465 7832 19 37 ?

475 7875 115 40 Mais
622 7876 63 37 les
718 7876 95 37 bois
847 7877 74 47 qui
964 7879 44 37 la
1051 7882 170 46 parent,
1252 7883 45 37 la
1327 7883 156 37 nature

478 7927 174 41 animée
682 7927 75 49 qui
788 7926 155 50 l'égaie
972 7930 41 37 et
1041 7942 113 28 nous
1185 7934 171 38 nourrit
1385 7934 99 38 sont

479 7979 120 38 aussi
632 7979 65 38 les
730 7978 216 40 éléments
980 7982 74 47 qui
1088 7994 54 28 en
1177 7985 231 39 modifient
1440 7986 44 38 la

480 8031 304 47 composition.
807 8032 36 36 A
866 8032 44 37 la
932 8033 241 48 montagne
1195 8036 18 38 ?
1236 8037 169 38 Encore
1428 8047 56 29 ne

1582 1245 176 39 l'a-t-on
1781 1260 81 37 pas
1886 1261 103 29 sous
2011 1253 44 39 la
2076 1257 144 41 main;
2247 1258 39 37 et
2308 1258 82 38 elle
2413 1260 180 37 est.tou-

1580 1296 125 49 jours
1739 1300 109 39 faite
1893 1303 53 38 de
1990 1305 113 40 terre
2148 1318 173 31 comme
2352 1309 45 40 la
2428 1311 165 41 plaine,

1580 1350 148 39 moins
1752 1352 175 41 habitée
1952 1358 260 40 seulement.
2236 1360 37 39 A
2295 1362 45 38 la
2361 1374 96 28 mer
2478 1364 18 38 ?
2517 1358 74 45 Là,

1581 1401 63 38 les
1685 1405 253 46 poussières
1992 1411 101 38 sont
2144 1413 207 38 absentes
2404 1416 42 37 et
2496 1416 96 38 l'air

1579 1452 64 40 est
1671 1452 24 41 à
1722 1467 87 38 peu
1836 1459 102 48 près
1965 1472 86 36 pur
2077 1463 53 39 de
2157 1464 229 41 bactéries.
2415 1468 116 39 Mais
2560 1470 28 38 il

1580 1506 111 39 n'est
1716 1518 82 38 pas
1825 1521 86 37 pur
1937 1513 355 50 chimiquement
2318 1518 42 39 et
2386 1519 30 39 il
2446 1520 144 40 forme

1579 1568 94 32 une.
1694 1561 284 51 atmosphère
2007 1567 206 48 spéciale,
2244 1569 188 46 chargée
2462 1573 125 39 d'hu-

1575 1614 154 36 midité
1768 1614 41 38 et
1846 1616 205 40 modifiée
2090 1616 131 43 d'une
2260 1623 202 38 manière
2499 1636 85 25 peu

1575 1659 174 53 définie,
1776 1676 84 39 que
1886 1668 104 39 bien
2017 1670 76 39 des
2121 1682 124 33 gens,
2272 1674 76 39 des
2375 1687 210 30 nerveux,

1573 1715 76 38 des
1683 1717 212 51 artériels,
1928 1721 76 39 des
2036 1723 326 43 rhumatisants
2396 1739 188 29 suppor-

1572 1767 92 39 tent
1687 1770 104 38 mal.

1624 1831 66 39 En
1719 1833 147 50 vérité,
1896 1837 249 42 seulement
2171 1852 76 28 sur
2275 1853 80 29 nos
2383 1844 107 41 têtes
2519 1848 66 37 est

1571 1883 11 37 l
1589 1883 7 15 ^
1602 1883 66 38 air
1720 1896 96 42 pur,
1869 1887 274 44 c'est-à-dire
2194 1894 99 39 l'air
2341 1897 40 38 le
2433 1899 149 39 moins

1572 1936 162 49 chargé
1775 1948 54 28 en
1871 1941 199 47 produits
2113 1946 74 42 qui
2226 1947 62 38 lui
2329 1950 250 39 paraissent

1571 1987 242 51 étrangers.
1855 1992 52 40 Et
1948 1995 104 39 c'est
2093 1997 217 41 l'aéronef
2351 2002 74 40 qui
2468 2014 112 24 nous

1570 2040 39 39 le
1660 2041 98 40 fera
1805 2047 243 39 connaître.
2100 2050 177 45 Quelles
2327 2065 55 27 en
2433 2058 146 37 seront

1570 2093 62 38 les
1677 2095 147 40 vertus
1869 2098 297 50 hygiéniques
2223 2104 41 39 et
2320 2108 220 40 curatives
2563 2111 18 37 ?

1570 2146 29 37 L
1616 2148 141 49 L'homme
1757 2148 53 49 '
1845 2151 74 49 qui
1952 2153 67 39 est
2050 2155 133 39 vieux
2217 2158 52 38 de
2304 2159 188 41 milliers
2528 2163 51 37 de

1568 2198 171 50 siècles,
1794 2212 56 28 ne
1903 2204 288 50 l'apprendra
2245 2221 84 33 que
2383 2213 195 41 demain.

1566 2252 143 47 Ainsi,
1734 2264 54 28 en
1812 2256 63 37 lui
1900 2259 270 46 permettant
2193 2262 53 39 de
2268 2264 131 40 petits
2426 2266 151 42 dépla-

1566 2306 198 38 cements
1792 2306 113 41 dans
1930 2309 316 48 l'atmosphère
2272 2315 62 42 où.
2355 2317 29 38 il
2411 2319 166 38 s'agite,

1566 2355 43 39 la
1630 2358 209 40 machine
1863 2362 178 41 volante
2063 2365 62 38 lui
2149 2366 99 41 fera
2271 2368 231 41 découvrir
2525 2374 52 37 de

1568 2410 226 39 nouvelles
1820 2412 184 41 recettes
2031 2416 52 39 de
2108 2418 83 40 vie.

2062 2487 182 39 Docteur
2265 2492 218 39 Toulouse.

1566 2610 154 104 Le
1814 2616 764 136 Martyrologe

1790 2812 138 70 en
2008 2784 348 108 Ballet

1591 3001 55 45 M.
1665 3009 181 40 Gabriele
1862 3011 252 44 d'Annunzio
2129 3017 109 39 vient
2253 3021 208 39 d'achever
2476 3037 99 25 pour

1560 3060 108 39 Mme
1703 3062 72 39 Ida
1811 3065 235 41 Rubinstein
2081 3082 53 26 un
2169 3072 118 38 ballet
2312 3087 8 27 ;
2358 3076 108 38 Mme
2502 3078 70 33 Ida

1561 3112 242 44 Rubinstein.
1832 3131 21 23 «
1875 3132 80 25 aux
1975 3120 164 42 longues
2164 3124 149 39 iambes
2335 3129 180 37 pointues
2537 3139 32 28 et

1559 3165 105 48 pâles
1687 3180 149 28 comme
1859 3171 67 38 des
1948 3173 127 47 pistils
2100 3191 34 23 ».
2158 3176 113 40 Cette
2293 3179 128 41 image
2444 3189 59 31 est
2525 3184 46 36 de

1557 3218 56 39 M.
1649 3220 226 50 Vaudoyer,
1911 3225 125 48 lequel
2071 3241 137 27 assure
2243 3244 142 27 encore
2420 3247 74 27 que
2529 3249 41 25 ce

1557 3277 88 33 sont
1683 3272 153 50 jambes
1883 3290 20 23 «
1944 3280 165 48 uniques
2149 3295 50 25 au
2238 3286 153 42 monde,
2431 3288 139 40 dignes

1556 3327 24 34 d
1596 3326 82 38 être
1708 3330 193 37 admirées
1934 3344 96 26 avec
2059 3334 36 37 le
2124 3335 125 39 même
2282 3347 152 32 respect
2464 3347 39 27 et
2534 3343 34 31 la

1556 3377 124 39 même
1713 3380 169 39 sécurité
1914 3384 119 47 qu'un
2079 3387 132 39 dessin
2256 3391 191 41 d'Ingres,
2494 3407 74 25 une

1557 3430 141 47 phrase
1729 3433 48 37 de
1810 3431 198 49 Flaubert,
2041 3451 54 25 un
2126 3453 90 26 vers
2248 3444 48 37 de
2329 3444 171 38 Chénier
2534 3463 20 20 »

1557 3481 55 40 M.
1645 3485 23 36 d
1684 3484 213 42 Annunzio
1929 3503 24 24 a
1985 3490 61 38 été
2078 3492 51 38 du
2160 3495 125 38 même
2317 3498 96 38 avis.
2448 3500 117 37 Aussi

1554 3536 104 37 a-t-il
1678 3537 74 38 fait
1769 3553 100 34 pour
1888 3542 108 38 Mme
2016 3544 234 42 Rubinstein
2268 3561 53 25 un
2338 3550 119 39 ballet
2474 3554 90 36 dont

1555 3588 34 37 le
1617 3590 105 48 sujet
1748 3597 58 32 est
1834 3595 102 36 saint
1966 3595 217 47 Sébastien,
2211 3601 182 39 l'homme
2419 3605 36 37 le
2482 3606 81 38 plm-

1555 3642 155 47 élégant
1737 3650 37 31 et
1800 3644 35 38 le
1863 3646 133 40 mieux
2024 3650 75 37 fait
2127 3652 46 37 de
2200 3659 85 32 tout
2311 3655 35 37 le
2374 3664 191 31 martyro-

1553 3694 100 48 loge.

1606 3754 182 40 L'œuvre
1808 3769 88 27 sera
1916 3758 185 42 exécutée
2121 3763 23 37 à
2165 3763 125 44 Paris,
2311 3766 139 41 dit-on,
2470 3770 97 37 dans

1554 3805 36 38 la
1621 3807 96 38 salle
1747 3810 52 37 du
1830 3811 152 39 théâtre
2014 3815 164 47 Réjane.
2215 3817 113 39 Saint
2362 3820 202 39 Sébastien

1554 3860 107 37 avait
1701 3861 172 40 d'autres
1915 3866 152 38 raisons
2108 3882 142 26 encore
2291 3873 47 36 de
2379 3875 124 38 plaire
2545 3876 19 33 à

1552 3911 56 39 M.
1628 3913 338 49 d'Annunzio.,Le
1984 3919 129 39 thème
2131 3922 47 37 de
2197 3924 39 36 la
2255 3924 123 40 flèche
2396 3933 58 31 est
2474 3929 92 35 cher

1552 3962 22 38 à
1600 3970 62 32 cet
1688 3965 186 41 écrivain.
1902 3970 65 38 Au
1993 3974 171 42 premier
2190 3978 159 37 acte-de
2376 3979 38 37 la
2438 3981 127 39 Nave,

1554 4018 199 46 Basiliola,
1783 4020 162 41 héroïne
1974 4025 191 39 farouche
2193 4029 52 37 du
2274 4030 146 37 drame,
2451 4042 113 29 petce

1551 4069 22 37 à
1597 4082 99 37 coup
1719 4072 48 38 de
1792 4073 143 40 flèches
1959 4077 56 37 les
2039 4079 144 45 captifs
2207 4084 175 37 entassés
2407 4086 97 37 dans
2529 4088 40 33 la-

1552 4122 105 39 fosse
1682 4138 8 31 ;
1715 4130 37 32 et
1773 4138 100 36 pour
1894 4133 88 33 tuer
1999 4130 39 37 le
2060 4131 169 44 dernier,
2252 4135 65 40 qui
2341 4142 58 32 est
2421 4137 35 38 le
2479 4140 84 37 plus

1550 4175 131 55 beaJ^
1692 4178 73 45 elle
1795 4181 159 38 mouille
1985 4184 47 36 de
2064 4185 134 40 salive-
2216 4188 37 37 la
2264 4221 6 8 ,
2286 4189 131 40 peinte
2527 4194 54 35 la..

1549 4228 180 40 dernière
1750 4230 135 48 flèche,
1905 4240 38 31 et
1962 4235 34 39 le
2016 4249 115 34 perce
2151 4239 91 37 d'un
2262 4242 130 37 baiser
2412 4246 150 36 mortel.

1550 4281 77 48 Au.
1642 4285 172 45 premier
1843 4287 178 48 chapitre
2048 4290 48 37 de
2124 4290 125 39 ForÚ
2270 4289 81 42 "chc
2379 4308 47 23 su,
2443 4287 75 50 :¡or
2518 4287 45 50 se

1550 4335 70 36 che.
1641 4347 63 33 no,
1728 4337 56 36 les
1807 4337 238 41 hirondelles
2068 4344 66 42 qui
2156 4352 160 35 passent
2339 4348 145 38 devant
2507 4351 55 36 les

1549 4385 173 40 fenêtres
1736 4389 59 37 du
1816 4390 124 48 palais
1963 4394 56 36 de.
2032 4396 190 38 Mantoue
2245 4400 189 38 semblent
2456 4405 104 35 aussi

1548 4438 22 38 à
1591 4440 97 37 Paul
1709 4440 137 40 Tarsis
1867 4456 54 26 un
1940 4448 63 35 vol
2025 4447 240 51 inépuisable
2285 4453 47 36 de
2354 4453 154 40 flèches.

1600 4504 211 40 L'histoire
1837 4508 151 39 fournit
2012 4524 49 24 au
2084 4513 112 46 poète
2220 4528 54 24 un
2297 4517 129 38 thème
2451 4532 105 24 assez

1547 4557 167 39 austère.
1734 4559 220 48 Sébastien,
1973 4564 217 47 originaire
2210 4568 47 37 de
2276 4569 228 44 Narbonne,
2524 4582 32 28 et

1547 4611 277 38 commandant
1854 4614 38 37 la
1921 4617 193 45 première
2144 4620 161 39 cohorte
2334 4623 68 37 des
2433 4625 124 38 préto-

1548 4661 116 46 riens,
1698 4664 95 38 était
1828 4666 186 41 chrétien.
2049 4670 55 40 Le
2139 4684 99 31 pape
2273 4673 53 38 lui
2361 4676 131 39 donna
2527 4679 33 32 le

1547 4713 91 39 titre
1655 4716 47 37 de
1721 4716 212 40 défenseur
1951 4722 48 36 de
2017 4722 174 41 l'Eglise,
2210 4726 99 37 mais
2328 4727 231 41 l'empereur

1546 4766 35 38 le
1609 4769 220 40 condamna
1855 4771 22 37 à
1904 4779 114 33 mort.
2047 4775 33 37 Il
2109 4776 61 38 fut
2197 4779 116 43 percé
2341 4781 46 34 de
2416 4782 142 36 flèches

1544 4832 49 24 en
1610 4820 73 38 288
1707 4835 9 31 ;
1736 4823 26 36 il
1779 4835 49 25 ne
1846 4824 101 45 périt
1965 4827 110 45 point
2093 4828 47 38 de
2158 4842 43 25 ce
2219 4832 184 44 supplice.
2423 4835 136 37 Laissé

1545 4883 68 27 sur
1637 4874 35 37 le
1696 4876 162 45 terrain,
1883 4890 75 25 une
1984 4880 133 47 pieuse
2143 4895 125 26 veuve
2295 4885 34 38 le
2355 4889 200 37 recueillit.

1546 4925 54 40 Le
1622 4928 171 46 premier
1815 4931 150 51 emploi
1978 4933 92 46 qu'il
2094 4934 41 37 fit
2158 4934 47 39 de
2228 4948 44 26 sa
2294 4939 111 38 santé
2428 4940 61 38 fut
2512 4942 45 37 de

1545 4980 213 46 reprocher
1781 4981 22 37 à
1829 4983 221 39 Dioclétien
2076 4998 71 26 son
2171 4989 210 40 exécution
2405 5006 8 26 ;
2441 4993 115 36 celui-

1544 5030 47 44 ci,
1615 5032 115 48 piqué
1753 5045 50 26 au
1825 5035 80 47 jeu,
1929 5038 137 37 voulut
2089 5040 114 37 avoir
2226 5041 34 38 le
2285 5043 158 39 dernier
2466 5054 91 32 mot,

1544 5088 38 32 et
1611 5084 42 37 fit
1682 5086 173 38 fouetter
1884 5088 182 40 l'officier
2094 5092 156 41 jusqu'à
2280 5108 43 24 ce
2352 5108 73 29 que
2455 5108 99 24 mort

1544 5135 207 41 s'ensuive.
1776 5140 32 36 Il
1833 5147 58 31 est
1916 5143 185 46 probable
2126 5158 73 33 que
2224 5146 56 39 M.
2305 5149 252 40 d'Annunzio

1544 5201 23 25 a
1597 5189 136 48 ajouté
1763 5191 22 37 à
1816 5205 42 24 ce
1888 5195 128 37 thème
2047 5197 55 37 les
2133 5206 225 32 ornements
2389 5203 95 38 dont
2514 5218 42 24 sa

1542 5242 108 37 main
1679 5249 58 31 est
1767 5246 201 47 prodigue.

1597 5306 70 39 S'il
1687 5309 139 37 assiste
1846 5322 142 27 encore
2007 5326 50 24 au
2077 5315 92 37 vain
2188 5316 68 43 jeu
2275 5318 45 37 de
2341 5332 43 24 ce
2404 5323 151 40 monde,

1543 5361 34 35 le
1605 5362 128 36 soldat
1758 5369 162 41 martyr,
1948 5373 184 31 assurant
2158 5382 44 24 sa
2228 5370 212 43 jugulaire,
2469 5387 86 23 sera

1542 5411 94 37 saisi
1663 5413 291 40 d'étonnement
1980 5416 23 39 à
2031 5431 43 25 ce
2100 5421 159 38 dernier
2285 5424 179 35 honneur
2490 5429 63 37 qui

1542 5464 53 37 lui
1622 5471 58 31 est
1707 5467 134 45 rendu,
1867 5468 122 39 d'être
2015 5471 125 48 figuré
2165 5486 72 35 par
2262 5488 75 26 une
2364 5478 191 40 danseuse

1543 5528 121 34 russe,
1689 5530 68 25 sur
1780 5519 37 38 la
1841 5521 114 37 scène
1979 5523 65 42 qui
2069 5537 22 25 a
2115 5538 52 24 vu
2191 5527 116 43 jouer
2329 5530 224 37 M'Amour.

1544 5568 42 39 -Si
1612 5570 175 49 dix-sept
1814 5572 136 39 siècles
1977 5576 46 36 de
2050 5579 158 41 paradis
2236 5593 47 24 ne
2311 5582 52 37 lui
2391 5589 68 31 ont
2485 5598 69 24 pas

1541 5620 64 39 ôté
1630 5635 43 25 sa
1697 5624 258 46 philosophie,
1981 5627 26 37 il
2033 5630 81 36 doit
2139 5643 41 25 se
2207 5633 83 37 dire
2316 5634 92 40 qu'il
2435 5637 118 41 règne

1541 5680 111 32 entre
1684 5676 56 37 les
1773 5677 124 38 saints
1929 5691 77 26 une
2039 5681 186 43 inégalité
2258 5686 213 42 singulière
2504 5703 49 19 au

1542 5726 109 48 point
1680 5728 47 38 de
1757 5741 76 26 vue
1863 5731 67 37 des
1961 5738 94 40 arts,
2086 5741 38 30 et
2153 5748 74 33 que
2257 5738 55 37 les
2343 5748 211 30 aventures

1542 5779 236 49 esthétiques
1808 5782 68 38 des
1903 5783 271 42 bienheureux
2202 5796 88 31 sont
2320 5791 232 42 imprévues.

1542 5831 31 37 Il
1603 5844 50 25 en
1682 5839 58 31 est
1768 5834 200 40 lui-même
1998 5850 53 24 un
2080 5841 188 42 exemple.
2300 5843 112 34 Nous
2443 5846 110 42 igno-

1542 5895 91 26 rons
1656 5890 86 32 tout
1764 5886 23 37 à
1811 5887 73 38 fait
1907 5900 43 26 sa
1974 5892 296 40 ressemblance.
2297 5894 142 40 C'était
2463 5911 90 26 sans

1542 5936 116 38 doute
1688 5950 53 25 un
1771 5940 147 47 Ligure
1948 5941 100 38 brun
2078 5950 37 29 et
2145 5952 123 38 court,
2300 5949 157 37 roulant
2485 5952 68 37 des

1540 6001 105 34 yeux
1666 5990 91 41 vifs,
1781 5994 175 45 emporté
1977 6000 38 31 et
2037 5996 91 46 déjà
2151 6000 215 46 corpulent.
2389 6002 33 37 Il
2445 6016 107 26 mou-

1542 6047 63 31 rut
1629 6044 295 45 probablement
1949 6046 22 37 à
1994 6049 234 38 trente-huit
2253 6064 81 25 ans.
2362 6054 32 36 Il
2421 6055 86 38 faut
2532 6058 21 36 à

1541 6106 74 35 peu
1641 6096 90 46 près
1756 6109 40 24 se
1823 6098 247 47 représenter
2096 6113 52 24 un
2175 6103 92 37 chef
2291 6105 48 36 de
2365 6106 187 40 bataillon

1541 6147 47 36 de
1624 6148 38 36 la
1698 6150 123 45 garde
1859 6150 276 48 républicaine,
2187 6155 132 38 fusillé
2368 6158 97 39 dans
2516 6163 37 36 la

1541 6199 128 48 plaine
1690 6201 48 36 de
1761 6201 190 40 Grenelle.

1593 6263 80 37 Nul
1706 6264 63 37 n'a
1801 6264 61 38 été
1893 6267 86 46 plus
2012 6275 165 32 souvent
2200 6273 246 44 'représenté.
2481 6276 72 37 Pé-

1541 6316 128 47 rugin,
1699 6315 144 47 Titien,
1876 6318 182 47 S-odoma,
2090 6322 205 46 Memling,
2325 6326 227 45 Delacroix,

1541 6373 37 31 et
1614 6380 73 35 que
1724 6369 172 38 d'autres
1932 6384 142 26 encore
2102 6375 6 35 !
2162 6375 233 48 Espagnols,
2444 6381 107 36 Alle-

1539 6421 150 44 mands,
1713 6421 174 46 Italiens,
1911 6421 203 50 Français,
2139 6425 223 49 Flamands,
2385 6437 89 32 tous
2497 6434 54 37 les

1540 6472 157 37 artistes
1722 6473 95 38 l'ont
1841 6474 135 48 figuré,
2002 6490 52 24 nu
2080 6484 38 31 et
2141 6480 115 46 percé
2279 6481 47 38 de
2351 6484 125 39 traits.
2502 6484 50 41 Et

1540 6525 101 36 voici
1667 6537 85 34 que,
1768 6526 97 36 dans
1881 6539 63 25 ces
1959 6528 163 46 dessins,
2148 6532 25 35 il
2199 6545 22 24 a
2246 6546 74 28 peu
2344 6534 23 37 à
2391 6549 74 28 peu
2490 6550 61 21 ra-

1537 6575 122 48 jeuni.
1679 6578 32 36 Il
1730 6583 58 31 est
1806 6578 152 38 devenu
1976 6593 52 24 un
2046 6580 60 38 bel
2126 6583 156 46 éphèbe,
2300 6587 118 44 grêle,
2438 6589 110 36 fémi-

1541 6629 78 44 nin,
1644 6630 159 46 alangui
1828 6642 71 36 par
1922 6632 34 36 le
1981 6634 184 45 supplice.
2191 6635 55 38 Ce
2269 6645 162 37 martyr,
2457 6642 93 37 c'est

1539 6680 35 38 le
1594 6682 119 46 jeune
1734 6681 171 48 Euryale
1928 6683 101 37 flétri
2052 6697 71 36 par
2144 6688 37 36 la
2202 6696 103 30 mort
2326 6703 150 27 comme
2498 6707 52 24 un

1540 6739 117 41 pavot
1677 6746 71 35 par
1766 6735 37 36 la
1821 6735 115 47 pluie.
1956 6736 177 40 L'armée
2153 6751 23 25 a
2195 6740 134 39 fourni
2348 6742 23 38 à
2388 6742 161 44 l'Eglise

1539 6784 201 50 beaucoup
1770 6786 46 37 de
1847 6787 122 37 saints
1993 6801 8 31 ;
2032 6801 129 26 aucun
2190 6792 116 38 d'eux
2336 6795 62 37 n'a
2428 6809 48 25 eu
2506 6811 42 25 ce

1540 6844 82 31 sort
1648 6838 170 47 singulier
1818 6838 52 47 ;
1899 6852 129 24 aucun
2052 6841 117 38 d'eux
2196 6843 63 37 n'a
2284 6845 117 40 été.si
2428 6861 120 30 popu-

1534 6889 108 45 laire,
1661 6890 32 36 si
1711 6891 251 46 portraituré,
1982 6892 31 36 si
2033 6893 183 47 défiguré.
2238 6895 113 39 Saint
2370 6899 180 39 Maurice

1539 6941 94 37 était
1651 6942 105 36 aussi
1775 6955 52 24 un
1846 6944 126 36 soldat
2002 6957 6 24 :
2029 6945 64 43 qui
2113 6958 40 24 se
2173 6948 131 36 soucie
2322 6950 47 34 de
2387 6952 161 42 peindre

1539 6993 102 38 saint
1660 6994 180 37 Maurice
1863 6995 16 36 ?

1591 7056 106 38 C'est
1718 7069 73 35 que
1813 7059 54 35 les
1888 7059 173 47 peintres
2082 7067 78 38 ont,
2183 7074 49 24 en
2254 7063 146 46 réalité,
2422 7067 126 38 moins

1538 7108 137 38 besoin
1698 7110 48 36 de
1772 7111 123 35 saints
1920 7123 73 32 que
2018 7112 48 37 de
2091 7118 111 38 types
2228 7115 180 39 humains
2434 7118 23 37 à
2483 7121 64 41 qui

1540 7161 46 37 ils
1615 7162 173 36 donnent
1815 7163 67 35 des
1910 7176 111 24 noms
2048 7165 48 36 de
2123 7165 134 39 saints.
2286 7168 33 36 Il
2348 7168 85 38 leur
2461 7170 87 38 faut

1539 7226 52 24 un
1622 7213 149 45 enfant,
1803 7214 46 35 ils
1879 7215 186 43 peignent
2095 7217 67 36 des
2194 7218 102 37 saint
2326 7220 222 47 Jean-Bap-

1540 7265 90 37 tiste
1654 7278 8 32 ;
1690 7277 75 25 une
1792 7265 118 47 jeune
1938 7267 86 44 fille,
2052 7268 46 36 ils
2126 7270 269 46 représentent
2423 7274 125 39 sainte

1541 7316 130 39 Cécile
1697 7330 7 32 ;
1735 7330 53 24 un
1817 7318 235 45 adolescent,
2081 7320 102 37 saint
2210 7321 100 43 Jean
2340 7322 208 48 l'Evangé-

1541 7368 86 38 liste
1652 7381 8 32 ;
1687 7382 52 24 un
1766 7370 154 36 homme
1947 7370 232 47 vigoureux,
2207 7373 102 37 saint
2338 7375 95 37 Paul
2458 7391 9 30 ;
2496 7391 52 24 un

1540 7422 155 43 lutteur,
1723 7421 103 37 saint
1852 7421 236 48 Christophe
2113 7437 8 30 ;
2149 7436 51 24 un
2227 7425 191 46 vieillard,
2446 7429 102 37 saint

1543 7472 135 38 Pierre
1702 7486 8 31 ;
1744 7486 53 24 un
1830 7473 180 41 vieillard
2045 7487 152 33 encore,
2232 7477 98 37 mais
2365 7478 85 47 plus
2483 7481 65 37 dé-

1541 7525 144 36 charné
1710 7531 37 30 et
1756 7525 37 37 ,à
1817 7526 85 46 plus
1928 7526 143 46 longue
2096 7526 129 46 barbe,
2252 7529 103 37 saint
2380 7531 167 45 Jérôme.

1544 7575 107 38 Dans
1673 7582 100 31 cette
1794 7578 99 35 suite
1915 7577 46 37 de
1982 7578 182 45 modèles,
2186 7581 94 35 dont
2301 7594 128 25 aucun
2450 7584 98 37 n'est

1541 7639 90 25 sans
1655 7629 116 36 doute
1795 7628 122 45 fidèle,
1942 7629 102 37 saint
2070 7630 204 39 Sébastien
2298 7646 22 23 a
2345 7634 60 36 été
2429 7636 34 35 le
2488 7636 60 37 bel

1540 7680 153 37 officier
1713 7681 47 35 de
1783 7680 181 46 Saumur,
1986 7682 181 36 et.même
2188 7696 146 34 un-peu
2355 7687 137 37 moins.
2516 7688 32 36 Il

1541 7745 22 24 a
1589 7732 61 36 filé
1675 7745 48 23 en
1748 7732 202 47 longueur.
1977 7734 54 38 Sa
2057 7733 77 37 tête
2160 7741 58 29 est
2242 7736 174 38 devenue
2441 7744 108 33 toute

1541 7784 130 46 petite,
1693 7797 71 23 son
1782 7790 106 31 torse
1908 7785 159 46 parfait,
2089 7797 60 24 ses
2170 7786 151 46 jambes
2343 7790 147 36 minces
2511 7797 39 30 .et

1543 7836 173 46 longues.
1745 7836 32 35 Il
1804 7836 63 36 n'a
1894 7837 108 46 point
2028 7837 48 36 de
2104 7837 118 37 barbe
2249 7842 157 36 encore.
2430 7841 32 36 Il
2490 7842 73 36 est'

1543 7887 365 44 charmant.-Mais,
1938 7893 84 32 tout
2052 7888 47 35 de
2130 7888 135 39 même,
2298 7891 138 39 il-doit
2467 7893 82 44 être

1544 7937 170 38 furieux.
1740 7936 49 44 Et
1812 7939 36 36 la
1872 7939 125 37 sainte
2020 7951 124 25 veuve
2168 7940 63 44 qui
2257 7942 47 36 l'a
2329 7943 122 41 guéri,
2476 7956 72 28 que

1543 7989 173 38 doit-elle
1740 8002 140 35 penser
1903 7990 16 38 ?

2234 8041 161 40 FLYING
2423 8045 73 38 TIB.

2900 388 498 118 Échos

3036 591 221 34 SOMMAIRE
3282 598 8 27 :

2706 653 70 19 —
2803 648 53 38 LE
2881 651 152 38 PROCÈS
3058 656 151 38 WACHÉ
3233 667 48 29 DE
3303 661 89 35 Roo
3417 672 6 24 :
3448 672 92 32 page
3564 672 29 32 4.

2705 711 71 18 —
2803 707 164 39 LETTRES
2995 720 41 28 ET
3060 714 103 37 ARTS
3189 728 6 23 :
3220 730 93 31 page
3336 729 30 32 4,

2802 766 60 45 L'ANNIVERSAIRE
2862 766 76 45 L'ANNIV£RS.~[l~l,'
2938 766 68 45 I~'ANNIVËRSAUU.:
3006 766 12 45 L'
3018 766 56 45 ANNIVERSAIlU:
3074 766 66 45 L'ANNIVERSAIRE
3174 784 6 28 DE
3180 784 12 28 1)1-"
3192 784 8 28 1)~
3200 784 10 28 lJI~
3210 784 11 28 DE
3253 777 46 36 RACINE
3299 777 46 36 RACIN£
3345 777 53 36 RACINE
3399 790 24 22 :
3423 790 38 22 :
3462 789 27 32 page
3489 789 32 32 palle
3521 789 33 32 page
3588 788 28 32 7.7.

2689 834 85 41 ,VWK,VWK
2801 825 8 38 LA
2809 825 8 38 LÀ
2817 825 11 38 I<A
2828 825 11 38 LA:
2839 825 15 38 LA:
2880 827 34 38 SÉANCE
2914 827 34 38 SÉANCL
2948 827 38 38 SÉANCi!
2986 827 40 38 SÉANCE
3048 842 31 32 PUBLIQUE
3079 842 41 32 PUBI,IL)UI,
3120 842 34 32 PUBLIfJUE
3154 842 38 32 PUBLIQUI:;
3192 842 37 32 PUBLIQUE
3253 844 43 30 ANNUELLE-
3296 844 48 30 ANNUHr/[.H
3344 844 52 30 ANNUI:;UI:;
3396 844 54 30 ANNUHr/[.H
3470 846 9 28 DE
3479 846 16 28 Dl,"
3495 846 9 28 DU
3504 846 14 28 DE
3541 836 85 39 I/ACA-i,'ACA-1/ACA-'1/
3626 836 41 39 ACA-I/ACA-

2654 874 25 32 DÉMIE
2679 874 8 32 D
2687 874 8 32 M
2695 874 8 32 1
2703 874 16 32 l~'
2719 874 25 32 DÉMIH
2744 874 31 32 DÉMIE
2796 880 16 28 DES
2812 880 16 28 DIS
2828 880 16 28 D~S
2844 880 20 28 DES
2888 877 41 35 SCIENCES
2929 877 55 35 SCII~NCI,,S
2984 877 36 35 SdUNCHS
3020 877 48 35 SCIENCES
3069 889 20 23 :
3089 889 31 23 :
3121 889 26 33 page
3147 889 32 33 J)age
3179 889 33 33 page
3233 882 30 34 8.8.

2715 1215 177 45 L'heure
2918 1234 81 27 aux
3030 1221 197 44 clochers.

2701 1288 34 35 Il
2759 1301 25 31 y
2807 1301 22 24 a
2852 1302 56 32 eu,
2933 1291 92 43 hier,
3049 1297 234 34 exactement
3307 1296 84 39 cinq
3415 1307 70 24 ans
3508 1309 72 26 que
3602 1298 64 36 fut

2653 1334 105 37 votée
2783 1336 36 35 Ja
2845 1336 45 36 loi
2918 1338 58 43 de
2976 1338 58 43 ia
3034 1338 236 43 séparHtion
3295 1342 65 35 des
3385 1341 150 40 Eglises
3559 1346 36 34 et
3616 1344 50 37 de

2649 1380 122 38 l'Etat
2796 1382 62 44 (19
2882 1383 195 38 décembre
3100 1386 127 43 1905).

2701 1428 101 44 Cela,
2836 1429 89 36 c'est
2958 1431 90 43 déjà
3081 1433 45 35 de
3159 1434 194 36 l'histoire.
3387 1434 102 37 Mais
3521 1436 141 38 sait-on

2648 1486 72 32 que
2748 1476 137 44 depuis
2913 1477 34 36 le
2975 1478 45 35 19
3050 1478 196 38 décembre
3273 1481 108 39 1905,
3411 1482 136 39 depuis
3577 1483 84 40 cinq

2647 1532 80 33 ans,
2749 1522 62 38 les,
2824 1523 175 42 horloges
3021 1525 64 35 des
3106 1526 167 37 clochers
3295 1528 65 34 des
3382 1527 146 40 églises,
3552 1528 108 37 sinon

2646 1566 23 36 à
2692 1568 123 41 Paris,
2838 1570 51 35 du
2911 1570 123 36 moins
3057 1571 94 36 dans
3174 1576 105 33 toute
3301 1574 37 35 la
3360 1574 176 37 banlieue
3557 1576 105 38 pari-

2646 1613 141 45 sienne,
2815 1628 39 23 se
2881 1619 87 33 sont
2995 1617 166 38 arrêtées
3187 1618 23 37 à
3239 1620 64 36 des
3331 1620 135 37 heures
3494 1620 167 38 diverses

2645 1665 36 31 et
2701 1674 71 31 que
2792 1659 120 39 l'Etat
2931 1662 63 37 n'a
3013 1663 141 45 jamais
3174 1665 138 45 chargé
3331 1678 191 32 personne
3542 1669 45 35 de
3607 1668 53 37 les

2644 1711 190 33 remonter
2857 1709 17 36 ?

2693 1754 148 45 Depuis
2866 1768 52 23 un
2944 1757 129 44 lustre,
3100 1758 142 45 l'église
3269 1760 46 36 de
3339 1760 320 43 Bry-sur-Marne

2645 1811 181 34 annonce,
2868 1802 23 35 à
2931 1805 105 34 toute
3077 1804 115 37 heure
3233 1806 51 36 du
3326 1805 101 43 jour,
3469 1806 91 42 qu'il
3603 1811 55 33 est

2644 1847 20 35 5
2696 1848 35 36 h.
2763 1849 59 42 40,
2855 1850 90 35 celle
2978 1851 45 34 de
3054 1850 393 45 Nogent-sur-Marne
3478 1854 91 42 qu'il
3603 1858 53 33 est

2644 1894 21 35 7
2684 1894 35 35 h.
2742 1895 58 43 10,
2824 1896 90 36 celle
2935 1897 52 35 du
3008 1896 170 38 Ferreux
3200 1899 91 44 qu'il
3313 1903 56 32 est
3390 1900 150 44 minuit,
3563 1903 93 34 etc...

2693 1940 198 37 Certaines
2913 1943 286 45 municipalités
3222 1948 66 33 ont
3312 1946 159 36 interdit
3495 1948 53 35 les
3572 1960 86 23 son-

2643 1987 120 36 neries
2785 1989 45 35 de
2853 1989 156 41 cloches,
3032 1990 32 35 si
3088 1991 111 36 utiles
3222 2004 75 23 aux
3319 1993 244 37 travailleurs
3585 2007 72 27 que

2635 2032 28 35 V
2665 2034 171 44 Angélus
2854 2035 189 37 réveillait
3061 2040 47 40 et,
3127 2039 95 35 dans
3239 2038 54 36 les
3311 2039 139 41 petites
3464 2040 110 36 -villes
3592 2041 65 40 qui

2640 2080 252 37 environnent
2919 2082 123 44 Paris,
3069 2095 52 25 on
3121 2095 70 25 no
3217 2085 131 44 voyait
3373 2086 143 37 l'heure
3541 2088 114 41 qu'au

2640 2128 147 35 clocher
2820 2129 46 37 de
2900 2128 152 43 l'église.
3093 2130 162 37 Passons
3290 2144 65 23 sur
3389 2133 53 36 les
3476 2133 144 37 cloches
3645 2146 7 28 ;

2640 2173 87 36 elles
2766 2174 141 37 tintent
2945 2178 85 33 tout
3069 2176 45 37 de
3152 2177 130 37 même.
3322 2178 101 36 Mais
3463 2181 190 40 pourquoi

2640 2219 129 45 l'Etat,
2792 2221 64 44 qui
2877 2234 23 23 a
2920 2222 53 35 les
2993 2221 146 44 églises,
3160 2236 48 24 ne
3227 2224 123 37 fait-il
3371 2237 72 31 pas
3464 2230 191 34 remonter

2639 2267 99 36 leurs
2766 2267 176 45 horloges
2964 2268 17 36 ?
3010 2269 55 36 La
3094 2270 175 43 dépense:
3288 2283 47 24 ne
3363 2271 191 43 grèverait
3583 2285 71 30 pas

2639 2314 195 44 beaucoup
2858 2314 33 36 le
2913 2315 143 44 budget
3079 2317 65 36 des
3166 2317 129 36 cultes.

2699 2422 75 44 Les
2800 2426 230 51 conquêtes
3057 2424 239 46 féministes.

2685 2495 110 36 Trois
2813 2496 136 44 jeunes
2966 2497 95 36 filles
3079 2501 140 37 seront,
3239 2510 47 25 en
3303 2499 107 43 1911,
3430 2500 223 36 candidates

2636 2541 21 36 à
2675 2542 251 46 l'agrégation
2948 2544 46 36 de
3012 2544 258 46 l'Université,
3290 2549 36 33 et
3345 2549 125 33 toutes
3489 2547 95 36 trois
3601 2567 52 5 —

2636 2600 141 25 comme
2807 2590 33 35 si
2870 2591 195 42 l'histoire,
3097 2593 53 35 les
3180 2593 132 36 lettres
3343 2596 36 33 et
3410 2595 53 34 les
3493 2594 159 43 langues

2637 2635 171 37 vivantes
2842 2650 47 23 11e
2922 2638 83 36 leur
3036 2640 225 36 semblaient
3294 2640 113 42 point
3440 2641 134 43 dignes
3607 2642 46 37 de

2636 2683 100 36 leurs
2759 2684 131 37 études
2910 2705 53 25 _—
2985 2685 251 38 solliciteront
3261 2688 34 35 le
3319 2687 90 37 titre
3434 2688 218 38 d'agrégées

2635 2729 45 38 de
2698 2731 253 46 philosophie.

2686 2778 70 36 Ces
2778 2779 136 44 jeunes
2936 2779 372 47 métaphysiciennes
3330 2785 87 33 sont
3440 2782 113 37 Mlles
3574 2784 76 35 Im-

2632 2825 94 44 bert,
2744 2826 224 45 Rosenberg
2985 2830 37 33 et
3040 2827 148 37 Rozier.
3208 2828 63 43 Et,
3289 2829 155 36 suivant
3461 2831 53 35 les
3532 2831 119 43 règle-

2635 2876 121 32 ments
2774 2873 300 46 universitaires,
3094 2876 89 35 elles
3201 2878 103 43 vont,
3325 2888 45 24 en
3389 2877 153 45 janvier
3561 2890 89 32 pro-

2633 2921 123 38 chain,
2776 2921 102 35 faire
2897 2933 52 24 un
2968 2923 108 43 stage
3096 2922 90 36 d'un
3206 2922 95 36 mois
3321 2923 96 36 dans
3438 2937 74 23 une
3532 2925 118 37 classe

2634 2966 44 37 de
2698 2967 245 45 philosophie
2964 2968 91 36 d'un
3076 2969 124 44 grand
3222 2970 104 45 lycée
3347 2970 183 46 parisien.

2684 3013 101 37 C'est
2823 3014 99 37 ainsi
2959 3028 73 32 que
3069 3016 54 36 les
3160 3017 183 44 potaches
3381 3018 46 36 de
3464 3019 185 37 Louis-le-

2635 3060 132 37 Grand
2800 3065 37 32 et
2871 3062 46 36 de
2953 3062 157 45 Carnot,
3145 3063 114 45 après
3294 3065 53 35 les
3379 3077 185 26 vacances
3598 3068 50 36 du

2634 3109 134 35 nouvel
2812 3121 60 30 an,
2917 3112 130 35 seront
3088 3110 129 36 initiés
3261 3124 75 23 aux
3379 3113 182 43 systèmes
3604 3115 46 36 de

2635 3155 107 36 Kant
2766 3157 37 35 et
2828 3155 46 37 de
2900 3155 174 38 Leibnitz
3099 3169 75 31 par
3199 3157 46 38 de
3270 3158 112 44 jolies
3408 3162 37 33 et
3469 3164 179 32 savantes

2632 3201 134 46 jeunes
2794 3201 171 39 femmes.

2691 3311 58 46 Le
2783 3312 154 45 Musée
2968 3313 132 46 Ziem.

2679 3385 60 37 En
2769 3386 149 37 faisant
2948 3388 224 44 construire,
3202 3388 23 37 à
3254 3389 226 44 Martigues,
3511 3389 28 37 il
3568 3401 25 32 y
3625 3402 22 24 a

2631 3432 202 45 cinquante
2859 3447 80 32 ans,
2964 3447 52 24 un
3042 3436 133 36 atelier
3200 3436 87 36 d'où
3311 3439 87 33 sont
3423 3437 114 36 sortis
3562 3440 85 33 tant

2630 3480 44 36 de
2694 3480 303 46 chefs-d'œuvre,
3020 3482 105 36 Ziem
3145 3496 23 23 a
3186 3483 77 36 fait
3284 3484 46 35 de
3350 3486 96 34 cette
3468 3484 179 43 pittores-

2630 3539 69 32 que
2718 3527 90 37 ville
2828 3529 46 35 de
2894 3528 186 40 pêcheurs
3100 3542 51 23 un
3172 3531 65 35 des
3258 3533 146 33 centres
3427 3531 220 44 artistiques

2631 3574 50 35 les
2706 3575 88 44 plus
2819 3575 235 45 fréquentés.
3080 3577 34 35 Il
3140 3577 43 35 fit
3206 3577 100 45 plus.
3333 3577 40 36 lf
3393 3578 43 35 fit
3461 3578 74 36 don
3562 3578 22 36 à
3608 3579 37 36 la

2637 3622 132 36 Venise
2796 3624 50 34 dtt
2870 3624 110 35 Nord
3006 3623 113 37 d'une
3145 3625 46 35 de
3216 3636 59 24 ses
3301 3625 88 43 plus
3416 3625 230 36 admirables

2630 3668 118 44 toiles,
2774 3672 141 41 posant
2941 3669 110 45 ainsi,
3077 3682 100 33 pour
3203 3671 99 35 ainsi
3327 3672 142 43 parler,
3496 3672 37 36 la
3559 3685 86 30 pre-

2631 3714 111 37 mière
2774 3716 128 44 pierre
2934 3716 90 36 d'un
3055 3717 127 36 musée
3213 3718 66 44 qui
3310 3719 227 43 grouperait
3569 3731 75 24 non

2627 3763 206 36 seulement
2859 3764 53 35 les
2938 3776 147 24 œuvres
3111 3765 46 35 de
3182 3767 87 33 tous
3296 3765 53 35 les
3376 3765 152 36 artistes
3555 3777 89 33 pro-

2630 3821 179 33 vençaux,
2837 3810 96 36 mais
2960 3822 135 24 encore
3122 3812 65 36 des
3214 3811 171 45 peintres
3411 3812 66 44 qui
3503 3813 139 36 aiment

2628 3859 30 33 et
2689 3856 248 45 fréquentent
2967 3857 224 44 Martigues.

2676 3903 52 37 Le
2753 3903 132 37 Musée
2912 3903 105 37 Ziem
3043 3907 56 33 est
3124 3905 250 44 aujourd'hui
3400 3905 83 37 créé
3519 3919 7 23 :
3555 3906 89 37 c'est

2641 3961 37 24 m
2705 3950 128 37 musée
2860 3949 212 46 municipal
3101 3952 137 44 auquel
3268 3952 151 45 l'appui
3449 3954 45 36 de
3523 3953 120 36 l'Etat

2630 4000 51 33 ast
2700 3997 140 44 acquis.
2862 3996 122 37 Grâce
3002 4010 76 27 aux
3095 3998 181 45 précieux
3293 4011 184 25 concours
3495 4001 45 36 de
3559 4001 85 42 plur

2628 4043 119 36 sieurs
2767 4044 183 44 peintres,
2974 4043 154 38 l'œuvre
3149 4048 56 34 est
3227 4057 44 24 en
3293 4046 125 36 bonne
3440 4047 95 36 voie.
3559 4047 84 37 Elle

2639 4090 82 37 l'est
2751 4102 72 32 pas
2854 4103 135 24 encore
3018 4091 185 45 parfaite.
3236 4092 101 37 Tous
3368 4094 54 35 les
3451 4093 96 37 amis
3578 4095 65 35 des

2636 4139 69 34 irts
2744 4136 155 41 doivent
2937 4137 235 38 s'intéresser
3209 4138 23 36 à
3270 4142 97 34 cette
3405 4140 237 45 intelligente

2642 4184 167 40 entative
2839 4185 46 35 de
2913 4185 336 36 décentralisation
3279 4186 62 45 qui
3375 4199 44 24 ne
3448 4191 93 40 peut
3570 4200 72 31 que

2626 4230 217 38 contribuer
2866 4230 23 37 à
2910 4232 37 36 la
2970 4231 121 45 gloire
3112 4233 46 36 de
3181 4235 108 34 notre
3312 4233 101 37 école
3434 4233 194 45 française

2685 4334 57 45 Le
2764 4335 515 54 polytechnicien-arpète.

2671 4408 52 37 Le
2766 4412 137 33 savant
2947 4409 206 45 Regnault,
3198 4409 93 36 dont
3335 4421 48 24 on
3429 4423 22 23 a
3494 4410 145 36 célébré

2624 4455 31 37 le
2677 4455 227 42 centenaire,
2929 4459 153 41 connut,
3106 4456 22 36 à
3151 4468 58 24 ses
3232 4456 136 37 débuts
3389 4457 104 36 dans'
3507 4458 38 35 la
3566 4457 71 45 vie,

2625 4515 69 24 une
2719 4503 221 36 médiocrité
2966 4503 146 36 voisine
3139 4504 46 35 de
3210 4504 37 35 la
3273 4504 146 36 misère;
3446 4504 129 45 Après
3600 4505 38 35 la

2624 4553 96 33 mort
2745 4551 46 35 de
2816 4562 67 24 son
2910 4550 102 45 père,
3039 4550 64 36 tué
3129 4550 23 36 à
3176 4550 119 37 Vilna
3320 4552 172 44 pendant
3518 4552 37 35 la
3581 4564 56 24 re-

2623 4597 112 37 traite
2756 4597 46 36 de
2823 4597 148 45 Russie,
2994 4609 74 24 une
3089 4609 190 33 personne
3300 4597 65 46 qui
3387 4598 250 40 s'intéressait

2622 4657 47 24 au
2699 4643 116 46 jeune
2843 4644 177 45 orphelin
3052 4645 33 36 le
3115 4645 113 45 plaça
3256 4645 96 35 dans
3383 4658 50 23 un
3462 4646 172 45 magasin

2623 4692 42 36 le
2699 4691 245 45 nouveautés,
2981 4692 49 36 où
3065 4704 49 24 on
3148 4691 206 46 l'employa
3388 4692 23 36 à
3445 4692 104 37 faire
3581 4693 54 36 les

2621 4751 160 24 courses.

2668 4786 52 36 Le
2738 4786 117 45 jeune
2873 4786 161 45 homme,
3053 4786 174 45 pendant
3246 4798 59 24 ses
3323 4799 106 24 rares
3448 4790 186 34 moments

2621 4833 43 37 de
2696 4833 118 45 loisir,
2848 4833 240 45 fréquentait
3122 4834 54 36 les
3208 4832 288 47 bibliothèques.
3534 4835 99 37 C'est

2622 4880 33 36 !h
2680 4880 92 45 qu'il
2797 4880 81 45 prit
2904 4881 33 36 le
2962 4880 93 45 goût
3080 4881 65 36 des
3170 4880 165 37 sciences
3360 4881 48 36 où
3434 4882 87 43 plus
3547 4882 87 36 tard

2620 4927 23 35 il
2680 4927 128 37 devait
2843 4928 171 36 exceller.
3054 4926 172 38 Soutenu
3261 4939 74 33 par
3371 4941 74 23 une
3480 4929 153 36 volonté

2617 4978 267 42 surprenante,
2918 4986 89 24 sans
3040 4974 250 37 abandonner
3321 4987 67 24 son
3423 4975 133 37 métier
3587 4977 46 36 de

2618 5021 154 36 commis
2796 5022 46 36 de
2866 5021 186 45 magasin,
3077 5021 26 36 il
3128 5033 40 25 se
3192 5020 170 48 prépara
3386 5022 23 36 à
3432 5023 200 45 Polytech-

2619 5068 113 46 nique
2755 5081 45 24 en
2825 5069 173 36 donnant
3023 5068 65 37 des
3111 5069 138 44 leçons,
3274 5072 37 33 et
3335 5069 66 37 fut
3423 5081 89 33 reçu
3536 5070 96 37 dans

2619 5117 51 36 les
2696 5115 196 46 premiers.

2666 5163 145 37 L'école
2843 5162 94 37 était
2968 5163 102 37 alors
3100 5162 23 37 à
3154 5163 173 46 l'apogée
3357 5163 45 37 de
3433 5176 42 24 sa
3505 5177 126 33 popu-

2617 5210 130 43 larité;
2778 5222 67 26 son
2876 5210 195 36 uniforme
3099 5210 156 37 excitait
3283 5211 35 36 le
3347 5212 87 43 plus
3464 5224 76 32 pur
3568 5225 62 23 en-

2617 5257 251 37 thousiasme..
2882 5257 195 45 Regnault
3099 5270 48 23 ne
3170 5261 142 33 connut
3336 5258 140 45 jamais
3499 5259 131 36 triom-

2619 5305 72 43 phe
2718 5304 206 36 semblable
2951 5303 23 37 à
3001 5304 97 37 celui
3124 5305 65 44 qui
3217 5304 217 37 l'attendait
3462 5306 86 36 chez
3577 5307 53 35 les

2616 5352 154 36 clientes
2796 5351 45 36 de
2864 5363 69 24 son
2960 5355 141 41 patron
3126 5351 170 45 lorsqu'il
3323 5352 76 36 alla
3422 5352 83 37 leur
3528 5353 102 37 faire

2615 5411 42 24 sa
2692 5398 173 37 dernière
2899 5397 196 46 livraison,
3131 5409 46 26 en
3212 5398 194 37 uniforme
3441 5400 46 36 de
3519 5401 110 45 poly-

2616 5445 221 37 technicien.

2666 5493 52 36 Ce
2743 5492 76 45 fut,
2846 5492 45 36 de
2915 5504 69 24 son
3010 5505 146 33 propre
3180 5505 106 33 aveu,
3312 5504 43 25 sa
3380 5494 188 45 première
3593 5498 36 34 et

2614 5552 42 24 sa
2675 5540 89 44 plus
2784 5539 145 45 grande
2948 5539 244 37 satisfaction
3214 5540 346 47 d'amour-propre.

2672 5638 41 43 A
2742 5653 155 37 propos
2920 5637 208 44 d'huîtres.

2665 5709 107 37 Nous
2800 5721 162 25 sommes
2989 5722 46 24 en
3065 5709 127 45 pleine
3220 5710 128 37 saison
3376 5711 66 37 des
3469 5711 157 38 huîtres.

2614 5757 69 37 Les
2715 5756 154 37 friands
2902 5756 46 37 de
2980 5768 40 25 ce
3052 5758 222 44 mollusque,
3308 5758 53 36 les
3392 5758 233 46 fanatiques,

2613 5807 91 33 vont
2729 5815 75 25 aux
2830 5803 135 36 Halles
2990 5815 50 24 au
3065 5804 98 43 petit
3187 5804 102 45 jour,
3314 5804 23 36 à
3362 5805 174 37 l'arrivée
3561 5806 66 36 des

2614 5850 121 37 trains
2763 5850 45 36 de
2832 5850 137 36 marée.
2998 5850 151 37 Défunt
3175 5851 34 36 le
3234 5852 58 35 roi
3318 5851 122 37 Milan
3466 5865 26 32 y
3517 5853 109 36 allait

2611 5899 172 37 souvent,
2814 5908 90 24 avec
2932 5896 65 36 des
3026 5897 107 45 amis,
3163 5910 44 24 en
3237 5901 150 34 sortant
3415 5899 51 36 du
3495 5899 129 36 cercle.

2613 5945 34 34 Il
2670 5943 136 37 faisait
2830 5942 131 37 ouvrir
2984 5956 74 23 une
3081 5945 201 36 bourriche
3304 5948 37 33 et
3364 5945 77 37 s'en
3465 5946 160 37 donnait

2612 5991 22 36 à
2663 6003 101 24 cœur
2792 5990 89 44 joie.
2912 5990 31 36 Il
2976 5990 43 36 fit
3046 5991 130 44 même,
3205 6004 52 23 un
3286 5992 101 44 jour,
3416 6002 51 26 un
3496 5992 24 36 à
3548 6006 77 31 peu

2615 6038 86 44 près
2732 6049 72 33 que
2834 6048 58 25 ses
2921 6036 114 37 vieux
3065 6048 260 36 compagnons
3355 6039 176 45 répètent
3562 6053 62 24 en-

2612 6096 95 25 core.

2663 6131 153 37 Comme
2842 6130 28 35 il
2898 6130 93 36 était
3020 6143 46 24 en
3092 6132 109 37 habit
3226 6133 48 40 de
3300 6132 132 46 soirée,
3461 6134 37 36 la
3524 6146 99 25 mar-

2612 6178 156 45 chande,
2808 6177 277 46 aimablement,
3125 6192 99 32 pour
3263 6180 92 46 qu'il
3392 6193 48 24 no
3477 6181 57 46 s'y
3571 6182 53 36 fit

3728 357 110 42 point
3868 359 44 36 de
3941 362 138 45 taches,
4108 365 54 36 lui
4190 368 136 35 tendit
4342 382 50 22 un
4421 371 148 36 tablier.
4598 372 52 35 Le
4676 373 58 34 roi

3725 414 39 24 se
3782 406 34 33 le
3834 416 101 25 noua
3954 412 138 33 autour
4111 412 51 35 du
4180 425 70 24 cou
4268 418 36 32 et
4324 414 55 36 dit
4404 428 7 23 :

3774 479 49 6 —
3849 461 122 39 Milan
3996 466 45 37 de
4050 471 2 4 .'
4066 472 179 39 cretonne
4269 472 7 35 !

3776 551 32 8 ...
3833 525 100 40 C'est
3954 529 177 45 toujours
4152 533 23 35 à
4197 546 145 28 propos
4364 537 194 37 d'huîtres,
4581 541 36 33 et
4638 538 97 36 dans

3727 573 33 32 le
3782 574 218 37 restaurant
4025 577 45 36 de
4093 578 38 36 la
4152 580 153 37 Maison
4329 584 134 34 Dorée,
4486 584 248 35 aujourd'hui

3726 617 145 37 bureau
3907 619 46 37 de
3987 626 121 42 poste,
4143 626 129 42 qu'eut
4305 626 75 38 lieu
4417 640 72 26 une
4524 630 109 37 scène
4667 631 65 37 qui

3727 674 132 25 amusa
3895 667 34 35 le
3965 668 113 36 Paris
4115 669 151 44 d'alors,
4304 673 229 40 c'est-à-dire
4571 677 161 36 l'espace

3727 711 166 43 compris
3912 717 106 33 entre
4036 716 38 35 là
4092 728 68 30 rue
4179 718 148 45 Drouot
4346 722 37 34 et
4401 721 38 36 la
4457 722 224 38 Madeleine.

3776 756 152 47 Barbey
3949 759 249 48 d'Aurevilly,
4221 765 173 38 arrivant
4416 780 98 27 pour
4536 770 194 37 déjeuner,

3726 813 47 24 ne
3797 806 168 36 trouvait
3990 809 88 42 plus
4103 821 73 25 une
4200 811 109 41 place
4332 812 46 36 de
4402 814 105 37 libre.
4533 816 36 36 Il
4594 817 137 35 avisait

3727 851 223 43 cependant,
3995 853 95 36 dans
4132 868 52 23 un
4228 858 96 39 coin,
4368 872 73 24 une
4483 863 102 34 table
4628 875 103 21 assez

3725 896 156 44 grande,
3910 897 140 39 devant
4077 901 174 42 laquelle,
4266 905 94 36 était
4388 907 94 35 assis
4511 909 33 34 le
4571 910 161 33 critique

3726 942 45 35 de
3806 943 256 39 Pontmartin.
4099 948 180 37 L'auteur
4314 951 65 36 des,
4413 955 245 34 Diaboliques
4695 960 37 27 et

3724 988 163 37 Fauteur
3918 991 65 37 des
4012 994 146 37 Lundis
4188 995 142 38 étaient
4360 998 22 35 à
4412 1003 185 30 couteaux
4627 1003 104 32 tirés.

3724 1033 245 49 Néanmoins,
3993 1039 155 44 Barbey
4169 1042 232 41 s'approcha
4423 1045 45 36 de
4491 1058 68 25 son
4584 1050 149 33 ennemi

3724 1083 47 41 èt,
3795 1082 34 35 le
3848 1084 156 36 saluant
4027 1087 293 38 courtoisement
4344 1102 7 23 :

3758 1137 195 40 '—.Vous
3983 1137 254 51 m'obligeriez
4270 1147 225 41 infiniment,
4529 1153 201 35 monsieur,

3699 1196 69 28 ..en
3800 1187 267 41 in'autorisant,
4091 1190 29 38 .à
4151 1193 167 40 prendre
4349 1207 52 23 un
4432 1196 101 36 siège
4564 1200 90 33 près
4686 1201 45 29 de

3722 1243 93 24 vous
3837 1232 25 36 t

3767 1280 125 51 .—.Je
3914 1285 177 42 regrette,
4115 1285 203 46 monsieur,
4342 1287 181 44 répondit
4545 1291 45 36 de
4613 1293 117 37 Pont-

3719 1329 277 51 tii^rtin,^mais
4019 1329 40 44 je
4083 1340 137 36 mange
4243 1333 179 45 toujours
4445 1336 91 36 seul.

3727 1420 14 5 ...
3767 1381 128 47 Alors,
3935 1385 204 45 désignant
4178 1401 89 24 avec
4306 1402 42 25 sa
4385 1392 139 37 badine
4562 1395 37 36 la
4638 1396 90 36 dou-

3718 1440 108 25 zaine
3856 1431 185 37 d'huîtres
4072 1438 175 33 ouvertes
4278 1448 65 25 sur
4373 1438 38 36 la
4441 1440 102 36 table
4575 1442 51 32 du
4657 1444 71 32 cri-

3718 1475 104 44 tique
3846 1488 7 24 :

3840 1535 221 46 Pourtant,.,
4078 1538 203 46 monsieur,
4316 1554 94 25 vous
4444 1542 78 39 êtes
4555 1546 115 38 treize
4704 1548 23 36 à

3706 1583 111 33 -table
3817 1583 32 33 !

3775 1688 60 44 En
3868 1704 178 39 passant.

3762 1760 184 38 Recueilli
3972 1776 49 24 au
4045 1776 111 25 cours
4181 1766 45 37 de
4250 1768 234 37 l'allocution
4509 1773 215 34 prononcée

3713 1817 73 32 par
3804 1808 34 36 le
3855 1806 157 48 délégué
4029 1811 51 36 du
4099 1812 152 42 Collège
4269 1815 45 36 de
4331 1815 160 40 France,
4510 1831 215 24 successeur

3712 1853 46 35 de
3779 1853 193 46 Regnault
3994 1857 22 36 à
4037 1858 38 35 la
4096 1859 127 37 chaire
4244 1861 46 36 de
4312 1862 206 43 physique;
4543 1865 182 34 l'orateur

3712 1904 156 34 raconte
3886 1903 40 37 la.
3941 1903 61 36 vie
4021 1904 51 37 du
4091 1909 137 33 savant
4247 1919 49 25 au
4317 1909 152 45 Collège
4489 1912 46 36 de
4553 1913 149 37 France
4713 1928 8 23 :

3767 1960 19 21 «
3822 1976 32 7 ...
3888 1949 70 37 Les
3990 1951 251 38 laboratoires
4273 1955 51 36 du
4358 1955 152 42 Collège
4541 1959 182 34 n'étaient

3711 2004 82 33 pas,
3818 1995 111 45 alors,
3953 1998 198 45 beaucoup
4174 1999 127 37 mieux
4323 2004 196 41 organisés
4541 2007 112 38 qu'ils
4674 2020 49 25 ne

3712 2044 32 31 le
3765 2045 85 31 sont
3871 2044 275 37 maintenant...
4171 2059 21 22 »

3763 2086 53 36 M.
3844 2087 320 47 Maurice-Faure
4190 2105 23 24 a
4237 2094 141 39 souri...
4585 2127 21 3 ...

3770 2201 310 56 Susceptibilité.

3763 2274 99 38 Tous
3897 2277 68 46 les^
3984 2278 195 39 Parisiens
4213 2282 242 39 connaissent
4489 2297 60 26 ces
4583 2286 141 37 petites

3711 2321 181 44 figurines
3909 2324 238 47 métalliques
4164 2328 93 37 dont
4274 2329 53 37 les
4345 2330 218 38 chauffeurs
4581 2333 140 37 aiment

3709 2378 23 24 a
3755 2379 112 26 orner
3889 2370 37 36 la
3948 2372 128 43 partie
4096 2374 224 42 supérieure
4343 2377 51 36 du
4417 2382 114 34 capot
4554 2380 46 36 de
4622 2380 100 36 leurs

3709 2415 179 36 voitures.
3912 2417 118 37 L'une
4053 2419 128 38 d'elles
4204 2422 219 38 représente
4447 2437 50 23 un
4520 2429 114 31 agent
4656 2427 64 34 qui

3710 2459 79 38 lève
3816 2473 68 24 son
3912 2463 117 37 bâton
4058 2466 121 37 blanc.
4208 2467 80 37 Nos
4315 2469 135 37 braves
4477 2475 171 33 sergents
4676 2474 45 32 de

3709 2507 88 36 ville
3816 2512 87 33 sont
3923 2510 53 36 les
3995 2513 186 40 premiers
4201 2514 23 36 à
4243 2515 78 37 rire
4340 2517 46 35 de
4406 2520 96 34 cette
4521 2518 200 37 innocente

3709 2554 259 43 plaisanterie.

3759 2612 64 45 01',
3842 2615 69 37 elle
3928 2615 159 38 séduisit
4104 2630 52 25 un
4173 2618 104 38 riche
4293 2620 176 38 habitant
4487 2623 47 35 de
4550 2623 169 40 Munich,

3709 2671 123 25 connu
3856 2662 45 35 de
3925 2665 85 33 tous
4035 2664 53 35 les
4112 2669 134 40 agents
4270 2668 46 35 de
4338 2668 124 39 police
4486 2670 46 36 de
4555 2670 37 37 la
4616 2671 104 38 capi-

3709 2707 74 35 tale
3816 2708 200 38 bavaroise
4049 2723 100 32 pour
4180 2713 34 35 le
4246 2713 144 44 mépris
4425 2716 171 39 profond
4628 2718 90 39 qu'il

3708 2756 147 35 montre
3882 2756 64 35 des
3972 2759 321 36 contraventions.
4320 2761 57 36 De
4401 2764 131 34 retour
4557 2764 95 37 dans
4678 2777 40 24 sa

3708 2800 123 37 bonne
3854 2802 72 36 cité
3949 2803 65 36 des
4036 2805 115 36 bords
4176 2806 45 35 de
4244 2806 125 42 l'Isar,
4392 2807 28 36 il
4443 2808 102 37 n'eut
4568 2810 82 35 rien
4674 2812 46 34 de

3708 2847 87 43 plus
3813 2849 130 42 pressé
3960 2862 72 32 que
4050 2852 45 35 de
4113 2852 131 44 placer
4260 2865 67 24 sur
4344 2854 143 37 l'avant
4505 2856 46 37 de
4567 2869 68 24 son
4654 2870 66 24 au-

3707 2895 178 36 iomobile
3909 2908 73 24 une
4005 2900 181 35 statuette
4209 2899 266 44 représentant
4499 2915 49 23 un
4572 2905 148 34 sehuts-

3708 2953 114 23 mann
3843 2942 211 38 munichois
4076 2944 23 36 à
4119 2946 38 35 la
4177 2945 122 43 figure
4320 2950 36 34 et
4378 2959 49 26 au
4447 2952 104 38 geste
4572 2950 146 36 sévères

3706 2989 36 34 et
3760 2989 223 43 expressifs.

3755 3045 81 37 Mal
3862 3047 54 36 lui
3941 3059 46 25 en
4012 3048 92 45 prit.
4132 3050 77 37 Dès
4233 3063 44 25 sa
4300 3052 188 42 première
4513 3054 127 42 sortie,
4665 3068 50 25 un

3706 3096 125 41 agent,
3863 3095 217 44 courroucé,
4113 3097 129 37 arrêta
4273 3099 37 36 la
4341 3099 148 38 voiture
4521 3104 36 34 et
4588 3102 126 38 dressa

3707 3139 280 44 procès-verbal
4018 3142 23 36 à
4070 3154 67 25 son
4169 3145 260 44 propriétaire
4459 3159 100 30 pour
4588 3149 129 40 injure

3705 3198 133 25 envers
3861 3200 51 23 un
3935 3191 267 41 représentant
4225 3192 45 36 de
4293 3192 202 38 l'autorité.
4521 3194 50 37 Et
4595 3188 41 44 le
4650 3197 67 36 tri-

3705 3234 116 40 bunal
3853 3246 23 24 a
3907 3236 209 36 condamné
4148 3238 35 35 le
4214 3237 193 40 facétieux
4439 3240 224 44 délinquant
4694 3243 20 35 à

3704 3283 187 41 quarante
3920 3283 110 35 mark
4061 3283 197 38 d'amende
4289 3296 49 26 ou
4368 3289 134 38 quatre
4531 3287 110 41 jours
4671 3290 45 37 de

3706 3327 144 44 prison,
3871 3339 49 25 au
3940 3329 120 36 choix.

3755 3373 60 38 On
3834 3386 48 25 ne
3901 3375 140 38 badine
4060 3388 73 33 pas
4152 3376 24 37 à
4195 3376 169 40 Munich.

3763 3489 76 45 Les
3867 3490 262 46 Marchands
4154 3492 54 44 de
4235 3493 205 46 bonheur.

3751 3564 140 36 Trente
3916 3564 102 38 mille
4043 3566 171 44 poupées
4238 3567 46 36 de
4308 3569 124 35 toutes
4456 3568 125 38 tailles
4606 3572 36 34 et
4667 3570 46 37 de

3703 3613 85 33 tous
3814 3614 198 42 costumes,
4038 3612 102 36 voilà
4166 3614 34 35 le
4225 3615 189 44 spectacle
4440 3628 72 31 que
4538 3616 176 44 présente

3702 3670 45 23 en
3777 3670 40 24 ce
3845 3662 178 41 moment,
4052 3659 23 36 à
4102 3660 181 45 Londres,
4312 3661 207 39 l'immense
4547 3664 92 37 salle
4668 3665 46 37 de

3700 3704 163 37 l'Albert
3883 3706 106 36 Hall.

3751 3752 51 36 Ce
3825 3756 87 32 sont
3934 3753 54 36 les
4012 3753 138 43 jouets,
4174 3756 225 37 rassemblés
4423 3769 74 28 par
4520 3758 191 41 souscrip-

3701 3798 92 45 tion,
3826 3811 66 24 sur
3923 3800 218 38 l'initiative
4173 3802 50 36 du
4255 3802 157 44 journal
4447 3807 132 39 Truth,
4612 3818 101 28 pour

3698 3845 80 37 être
3800 3892 7 1 _
3821 3846 206 37 distribués
4072 3860 75 24 aux
4191 3850 207 40 orphelins,
4444 3851 159 37 enfants
4646 3852 65 37 des

3699 3892 185 46 hospices,
3928 3894 244 38 workhouses
4217 3900 36 34 et
4299 3900 127 34 autres
4470 3898 240 38 institutions

3699 3940 239 37 charitables.
3970 3942 97 46 Les.
4067 3942 176 46 poupées
4273 3945 121 35 seules
4423 3949 93 34 sont.
4540 3946 170 37 achetées

3700 3998 71 33 par
3801 3987 53 36 les
3883 3987 104 37 soins
4015 3988 46 37 de
4089 3988 164 38 l'œuvre.
4284 3990 102 37 Elles
4415 3995 86 33 sont
4529 3992 182 38 habillées

3699 4046 72 32 par
3804 4034 64 36 des
3901 4034 129 44 dames
4063 4039 35 33 et
4125 4036 140 46 jgjiujçs
4296 4038 96 36 filles
4425 4038 66 45 qui
4522 4039 188 38 s?intéres-

3697 4083 84 33 sent
3802 4093 74 24 aux
3897 4082 159 36 enfants
4077 4091 178 37 pauvres.;.:

3746 4128 36 35 A
3813 4140 60 24 ces
3902 4128 129 45 jouets
4060 4136 87 30 soirt
4174 4130 142 37 réunis,
4338 4132 66 36 des
4432 4131 209 40 friandises
4673 4138 34 33 et

3697 4175 405 43 bonpons,Jl.<:--toutes
4131 4180 134 37 sortes,
4283 4181 47 40 et,
4362 4179 112 41 dans-,
4488 4193 74 27 une
4590 4181 119 39 caisse

3697 4221 46 37 de
3781 4234 119 28 verre,
3943 4223 130 44 11,000
4110 4224 135 43 ,pièc«s.
4280 4225 46 36 de
4349 4227 36 34 M
4407 4239 138 28 -pence
4585 4233 129 32 toutes:-

3687 4265 107 50 'neuf
3797 4281 50 25 es.
3883 4267 101 39 C'est
4016 4271 34 35 le
4082 4271 81 41 legs
4196 4271 88 36 d'un
4317 4273 136 39 ancien
4488 4274 161 41 députe
4649 4274 70 41 de

3697 4314 202 46 Wfitdsor,:
3921 4316 54 36 sir
4005 4317 111 38 Tress
4137 4318 148 45 _Barry,
4316 4319 76 43 qui;
4424 4320 171 43 pendant
4625 4322 79 36 dix-

3696 4362 86 46 huit;!
3815 4375 80 32 ans,'
3932 4375 147 33 envoya
4115 4377 51 23 un
4201 4364 141 46 chèque
4377 4366 22 40 4
4435 4368 190 39 convertir
4660 4382 43 23 en

3697 4409 138 45 petites
3870 4410 125 45 pièces
4031 4411 187 37 blanches.
4253 4412 149 43 Depuis
4435 4426 42 25 sa
4510 4418 111 39 mort,
4657 4428 47 24 on

3693 4468 23 24 a
3738 4456 237 44 pieusement
3997 4457 178 47 respecté
4189 4461 58 34 cet.
4270 4471 134 33 usage.

3746 4504 98 35 Tout
3868 4504 79 35 cela
3969 4504 59 35 ira
4051 4508 213 40 poi-ter,l"j
4276 4519 79 30 :peu
4379 4507 45 37 de
4446 4508 90 43 joie,
4561 4509 144 38 donner

3696 4563 50 23 un
3780 4563 76 32 peu
3888 4550 196 37 d'illusion
4114 4551 22 36 à
4168 4552 46 37 de
4246 4565 166 30 pauvres
4446 4556 116 42 petits
4595 4557 108 37 êtres.

3695 4597 50 36 Et
3773 4597 103 36 voilà
3905 4598 65 35 des
4004 4610 19 22 «
4055 4598 228 38 marchands
4312 4600 45 37 de
4386 4601 171 38 bonheur
4587 4616 22 21 »
4639 4605 65 40 qui

3691 4644 181 36 n'auront
3892 4656 72 33 pas
3984 4644 46 37 de
4050 4645 213 45 déception.

4036 4768 315 31 INFORMATIONS

3737 4877 120 37 Lever
3880 4882 50 30 dit
3951 4878 106 36 soleil
4075 4890 10 23 :
4112 4887 19 34 7
4155 4879 33 34 h.
4213 4888 50 35 52.
4290 4878 169 38 Coucher
4476 4893 11 24 :
4513 4890 19 35 5
4557 4881 32 40 h.
4615 4892 29 34 3.

3737 5002 52 38 Le
3807 5002 158 38 numéro
3987 5003 45 37 de
4052 5003 96 38 Noël
4169 5004 46 38 de
4234 5007 80 36 Nos
4333 5007 156 37 Loisirs.

3736 5063 56 35 La
3818 5062 127 38 Vcuve
3967 5065 167 40 Joyeuse
4158 5066 57 34 est
4238 5064 272 38 certainement
4533 5066 37 36 la
4593 5066 107 43 pièce

3687 5108 66 44 qui
3785 5121 22 23 a
3839 5121 46 25 en
3918 5109 34 36 le
3984 5110 89 42 plus
4105 5110 47 36 de
4184 5111 128 37 succès
4345 5112 136 44 depuis
4513 5113 87 37 bien
4634 5114 65 37 des

3688 5155 150 37 années.
3871 5156 56 38 La
3956 5157 104 36 valse
4091 5160 132 34 Heure
4254 5160 170 40 Exquise
4455 5163 56 33 est
4543 5160 156 43 aujour-

3687 5202 104 37 d'hui
3818 5203 155 37 célèbre.
4001 5204 118 36 Aussi
4147 5208 115 33 est-ce
4289 5218 74 24 une
4389 5207 124 36 bonne
4541 5209 157 36 fortune

3687 5262 100 31 pour
3805 5252 79 34 Nos
3905 5252 144 35 Loisirs
4069 5264 73 31 que
4162 5251 84 37 d'en
4267 5252 107 36 avoir
4395 5254 130 43 acquis
4545 5255 33 35 le
4598 5255 99 36 droit

3686 5296 46 36 de
3770 5297 273 45 reproduction
4082 5298 96 36 dans
4216 5311 67 24 son
4322 5300 98 36 beau
4457 5301 157 36 numéro
4652 5301 45 37 de

3686 5343 107 45 Noël,
3828 5344 66 45 qui
3928 5345 131 44 paraît
4093 5345 259 45 aujourd'hui.
4387 5347 55 36 La
4475 5351 221 33 couverture

3686 5391 46 36 de
3754 5403 40 24 ce
3817 5391 232 45 magnifique
4072 5392 197 45 magazine
4292 5396 56 34 est
4371 5406 74 24 une
4466 5394 93 45 jolie
4581 5407 115 32 aqua-

3684 5439 91 35 relle
3806 5438 66 45 qui
3900 5438 134 37 mérite
4066 5439 117 36 d'être
4214 5439 190 46 découpée
4435 5444 36 32 et
4501 5441 192 37 encadrée.

3734 5485 52 36 Le
3824 5487 102 34 texte
3963 5488 37 33 et
4037 5486 53 35 les
4129 5486 146 36 dessins
4313 5499 46 23 en
4397 5488 172 35 couleurs
4607 5492 86 32 sont

3683 5532 129 45 signés
3848 5532 46 36 de
3930 5544 108 24 noms
4077 5544 154 25 connus.
4270 5533 52 36 Le
4358 5534 88 43 plus
4483 5535 210 35 extraordi-

3684 5579 119 44 naire,
3834 5578 90 37 c'est
3954 5579 116 45 qu'un
4102 5580 51 35 tel
4184 5579 206 45 magazine,
4422 5580 176 44 imprimé
4628 5593 66 25 sur

3683 5627 46 35 52
3759 5637 119 34 pages
3907 5625 45 36 de
3980 5627 97 35 beau
4106 5625 138 46 papier
4272 5626 115 45 glacé,
4416 5626 129 45 puisse
4572 5628 120 38 n'être

3683 5673 128 37 vendu
3837 5685 72 33 que
3935 5673 47 36 15
4010 5672 189 38 centimes.

3880 5796 286 37 NOUVELLE
4193 5795 34 35 A
4255 5795 68 36 LA
4350 5796 143 36 MAIN

3733 5895 102 37 Salle
3869 5893 237 45 Chauchard,
4139 5905 49 25 au
4218 5893 160 46 Louvre,
4412 5894 140 39 devant
4584 5898 106 36 VAn-

3679 5944 118 43 gelus.

3730 6010 49 4 —
3806 5989 52 37 Ce
3884 5989 152 36 tableau
4063 5990 55 35 est
4143 5987 334 47 méconnaissable,
4504 5992 86 36 tant
4614 5990 28 37 il
4669 6004 23 24 a

3680 6035 58 37 été
3766 6035 137 46 gratté,
3933 6035 161 45 repeint,
4123 6034 185 37 reverni...

3670 6102 9 11 ~~
3727 6103 50 4 —
3803 6083 63 36 Un
3897 6082 111 40 c'raiii
4041 6082 44 36 de
4115 6080 124 38 Millet
4270 6082 118 38 ferait
4420 6083 127 38 mieux
4577 6087 111 35 notre

3683 6129 136 37 affaire
3843 6130 7 35 !

4525 6177 109 38 Fun.

2998 6320 232 52 UNE
3316 6312 630 64 VERITABLE
4028 6322 276 54 AMIE

4167 8043 153 40 (Extrait
4356 8043 49 31 du
4440 8043 155 38 Punch.)

2737 7702 59 38 LA
2808 7710 253 29 "MAÎTRESSE
3087 7711 54 28 DE
3159 7711 180 30 :MAI!SON.
3366 7703 250 39 ■—Je-suis
3647 7703 172 39 désolée
3857 7702 293 46 cVapprendre
4186 7714 85 35 que
4307 7714 107 27 vous
4454 7702 87 39 êtes
4577 7703 71 46 fâ-

2635 7753 106 39 chée
2762 7765 105 27 acec
2908 7752 251 50 Gladys.
3579 7747 34 44 *.

2738 7820 59 37 LA
2821 7828 140 29 BONNE
2985 7819 290 40 AMIE;—Ma
3301 7821 292 46 chérie',.c'est
3615 7821 27 37 à
3673 7833 132 27 cause
3848 7821 52 38 de
3942 7833 119 26 vous.
4103 7820 95 39 Elle
4241 7820 131 38 disait
4413 7832 86 37 que
4538 7833 109 27 vous

2634 7872 137 38 CH'ie:;.
2792 7871 129 44 l'âme,
2958 7870 141 48 bas::¡e,
3133 7883 84 38 que
3250 7884 108 26 vous
3394 7873 108 37 étiez
3534 7874 171 46 fausse,
3740 7885 84 35 que
3860 7885 107 25 cous
4002 7873 165 47 flirtiez
4201 7872 52 38 de
4287 7874 137 46 façon
4458 7874 188 38 scanda-

2635 7923 122 37 leuse
2792 7932 105 27 £H'C,C
2931 7921 213 48 Jacques,'
3170 7919 267 51 n'importar
3465 7925 111 36 niais
3613 7925 153 46 quand
3796 7925 81 37 elle
3907 7937 26 24 a
3962 7924 186 47 a/lil'll/é
4178 7936 84 35 que
4292 7935 108 25 vous
4430 7935 110 26 vous
4568 7925 77 39 ha-

2638 7973 281 40 billiez''chez
2949 7985 85 27 une
3061 7975 136 49 pelité
3225 7976 245 38 cdulitrière
3500 7975 52 38 de
3581 7969 208 56 quartier:
3809 7976 45 50 je
3878 7976 87 38 n'ai
3984 7987 82 38 pas
4085 7987 63 38 pu
4169 7988 70 26 me
4262 7975 209 38 contenir.

4798 380 256 108 Une
5090 388 544 110 Histoire

5166 546 160 100 de
5400 540 392 110 Chien

4837 746 51 6 —
4920 724 101 53 Moi,
5054 728 77 51 j'ai
5166 733 152 40 acheté
5352 747 60 27 un
5448 736 148 42 chien!
5634 743 153 36 s'écria

4784 777 45 37 la
4855 777 133 48 petite
5016 784 207 40 madame
5252 786 163 47 Chotte,
5444 798 55 30 en
5528 794 177 39 sautant
5734 798 51 35 de

4786 831 44 34 la
4871 835 240 42 passerelle
5154 846 76 29 sur
5270 838 40 38 le
5352 841 107 40 pont
5502 842 52 39 de
5595 845 189 36 Yile-de-

4786 880 181 39 France.

4839 930 52 39 Et
4924 933 87 38 l'on
5047 936 265 52 s'empressa
5347 944 157 39 autour
5539 948 137 40 d'elle,
5712 962 74 26 car

4786 986 82 34 elle
4895 986 104 38 était
5023 988 44 38 la
5090 989 101 48 plus
5217 994 105 45 jolie
5348 996 52 39 de
5426 997 140 40 toutes
5592 1000 63 39 les
5683 1014 101 27 pas-

4788 1044 190 40 sagères,
5005 1039 107 38 cette
5136 1044 244 47 mignonne
5406 1050 166 39 mariée
5598 1054 74 37 qui
5699 1056 101 35 fai-,

4787 1089 86 36 sait
4899 1098 80 28 son
5006 1101 168 40 voyage
5199 1098 52 37 de
5279 1110 130 29 noces
5437 1112 55 28 en
5520 1103 198 38 Norvège
5746 1108 39 33 et

4789 1148 26 27 n
4834 1139 117 39 avait
4973 1151 81 38 pas
5077 1143 125 50 vingt
5224 1158 92 31 ans.

4836 1212 52 5 —
4908 1191 92 60 Oui,
5000 1191 112 60 j'ai
5141 1198 149 40 acheté
5316 1214 59 27 un
5403 1205 150 39 chien!

4836 1241 59 39 Le
4918 1244 127 48 mari,
5070 1247 75 48 qui
5170 1249 172 51 suivait,
5366 1253 101 48 déjà
5491 1258 181 40 habitué
5698 1272 87 29 aux

4788 1299 121 34 mille
4946 1299 234 38 fantaisies
5217 1301 51 39 de
5304 1304 45 39 la
5382 1310 130 36 petite
5548 1322 235 27 personne,

4784 1347 184 38 écartait
4988 1347 64 39 les
5075 1349 103 40 bras
5201 1363 54 28 en
5280 1358 233 42 souriant...

4833 1420 53 6 —
4914 1397 93 47 Que
5034 1401 284 44 voulez-vous
5331 1406 8 39 !
5370 1406 92 45 Elle
5491 1425 24 28 a
5543 1416 149 39 acheté
5722 1429 60 26 un

4784 1454 168 35 chien...

4832 1523 53 6 —
4913 1501 67 40 Où
5013 1504 120 40 est-il
5155 1506 19 39 ?

4830 1576 53 6 —
4906 1552 64 41 On
4996 1566 55 28 va
5075 1568 69 28 me
5167 1558 253 43 l'apporter,
5445 1566 181 41 dit-elle,
5651 1576 134 26 avant

4784 1605 36 37 le
4845 1606 158 49 départ
5028 1608 57 38 du
5112 1609 172 42 bateau.

4830 1678 53 7 —
4912 1657 129 40 Est-il
5069 1660 114 41 beau
5204 1663 19 38 ?

4832 1708 94 39 Elle
4956 1712 189 48 regarda
5172 1714 352 48 l'interrogateur
5554 1724 40 38 et
5621 1726 63 36 lui
5713 1729 67 33 ré-

4780 1760 155 47 pondit
4970 1773 8 27 :
5014 1777 19 21 «
5064 1763 61 49 Ça
5151 1765 174 50 dépend
5351 1770 76 39 des
5457 1774 125 41 goûts
5613 1791 36 24 »,
5677 1779 103 36 d'un

4781 1813 65 36 air
4869 1816 75 44 qui
4968 1819 168 36 voulait
5158 1820 93 37 dire
5283 1831 8 26 :
5323 1835 19 21 «
5368 1821 35 38 Il
5428 1834 55 28 ne
5506 1836 107 24 vous
5638 1829 143 35 plaira

4781 1862 319 44 certainement
5141 1879 95 38 pas,
5278 1882 132 38 parce
5451 1886 83 36 que
5575 1888 109 31 vous
5725 1893 54 29 ne

4780 1925 129 28 savez
4933 1927 81 38 pas
5040 1929 48 28 ce
5113 1921 73 48 qui
5213 1923 65 38 est
5301 1924 125 40 beau.
5456 1943 19 19 »

4830 1966 53 59 Et
5049 1971 218 52 s'appuya
5308 1986 56 28 au
5406 1978 275 47 bastingage,
5724 1996 53 29 en

4781 2023 229 37 attendant
5031 2023 130 48 qu'on
5182 2025 63 39 lui
5267 2030 180 39 amenât
5467 2042 79 29 son
5569 2034 141 41 chien.

4784 2122 206 55 ,„,Sm\ce
5016 2126 160 42 bateau
5202 2131 52 38 de
5281 2132 217 45 touristes,
5525 2136 141 41 c'était
5693 2152 85 25 une

4779 2175 100 48 fête,
4929 2175 25 40 à
5002 2178 170 50 chaque
5220 2184 157 45 escale,
5428 2198 54 28 au
5534 2191 145 38 retour
5726 2194 52 35 de

4778 2227 263 42 l'excursion
5064 2230 26 39 à
5109 2232 125 40 terre.
5256 2235 180 41 Chacun
5457 2243 197 34 revenait
5674 2255 105 25 avec

4706 2300 18 23 s
4778 2278 76 39 des
4875 2281 232 49 emplettes
5129 2284 40 39 et
5192 2285 199 42 chacune
5412 2291 192 43 espérait
5625 2305 155 25 causer

4707 2337 14 33 t
4779 2341 58 27 un
4866 2332 108 49 petit
5001 2333 120 50 dépit
5149 2335 26 39 à
5204 2337 211 46 chacune,
5445 2342 84 40 soit
5555 2356 82 29 par
5664 2347 114 38 l'im-

4706 2393 16 24 s
4778 2383 208 47 portance
5010 2385 77 39 des
5111 2387 151 41 achats
5287 2401 55 28 ou
5365 2403 81 32 par
5467 2394 96 40 leur
5585 2398 193 34 extrême

4709 2440 11 22 i
4777 2433 85 39 bon
4897 2437 192 39 marché.
5124 2439 35 38 Il
5192 2452 29 36 y
5254 2442 117 40 avait
5405 2445 75 40 des
5514 2447 153 41 dames
5702 2452 75 36 qui

4706 2486 15 24 s
4780 2488 300 47 rapportaient
5110 2491 76 38 des
5216 2493 225 51 dentelles,
5472 2498 74 39 des
5578 2501 127 43 soies,
5733 2504 46 40 je

4779 2548 51 28 ne
4858 2542 89 36 sais
4974 2544 101 45 plus
5103 2544 115 47 quoi,
5246 2547 202 46 acquises
5475 2549 24 39 à
5527 2563 58 27 un
5612 2554 100 39 prix
5739 2556 37 37 si

4777 2591 91 46 bas,
4901 2591 36 38 si
4968 2592 94 49 bas,
5095 2595 182 48 qu'elles
5309 2609 54 28 en
5396 2602 297 42 rougissaient
5724 2608 53 35 de

4711 2653 8 16 '
4778 2642 167 49 plaisir,
4980 2654 172 32 comme
5187 2648 36 39 si
5257 2650 106 39 elles
5396 2652 64 39 les
5495 2657 176 38 avaient
5702 2670 75 25 vo-

4708 2719 10 35 I
4778 2693 100 40 lées.

4708 2777 10 24 ,
4824 2768 54 6 —
4906 2747 137 41 Chère
5084 2752 221 49 madame,
5348 2766 52 36 ça
5438 2758 117 44 vaut,
5598 2771 56 29 au
5695 2762 80 40 bas

4706 2823 14 25 3
4776 2800 102 46 mot,
4907 2802 99 37 cent
5032 2803 166 39 francs.
5226 2805 192 42 Devinez
5445 2819 48 30 ce
5521 2816 84 33 que
5631 2813 45 39 je
5703 2815 74 34 l'ai

4706 2880 14 6 -
4774 2850 126 50 payé.

4823 2925 53 6 —
4904 2904 51 39 Je
4982 2916 54 28 ne
5063 2906 90 40 sais
5178 2920 94 38 pas.

4706 2964 12 24 3
4823 2978 53 6 —
4904 2956 253 43 Devinez!...
5201 2960 79 40 Six
5323 2963 214 43 francs!...
5582 2968 52 38 Et
5674 2970 102 38 c'est

4776 3006 81 40 fait
4886 3007 26 41 à
4941 3009 45 39 la
5014 3011 162 40 main...
5206 3012 35 40 Il
5270 3026 29 31 y
5329 3026 25 28 a
5382 3016 44 39 là
5454 3019 216 41 peut-être
5701 3023 74 32 dix

4706 3069 9 23 I
4772 3059 125 48 jours
4924 3061 52 39 de
5000 3062 171 41 travail.

4706 3116 12 59 [
4822 3135 53 5 —
4903 3112 112 45 C'est
5046 3115 258 43 admirable.

4706 3179 11 40 ^
4825 3162 52 41 Et
4909 3175 71 30 ces
5014 3167 167 49 dames,
5215 3171 75 47 qui
5324 3171 163 42 étaient
5517 3175 153 44 toutes,
5704 3190 67 29 ce-

4774 3217 210 49 pendant,
5010 3219 87 40 très
5122 3221 269 43 charitables
5415 3227 43 38 et
5481 3227 88 41 très
5595 3230 181 41 bonnes.

4706 3302 10 13 3
4777 3278 51 29 ne
4864 3280 45 28 se
4944 3270 227 42 doutaient
5218 3275 129 49 alors,
5394 3289 81 35 pas
5523 3281 101 43 plus
5674 3283 100 41 qu'à

4776 3322 122 38 Paris
4924 3324 274 49 lorsqu'elles
5223 3330 302 44 rapportaient
5550 3333 75 39 des
5656 3349 19 20 «
5703 3345 71 29 oc-

4773 3372 176 40 casions
4997 3390 20 20 »
5066 3377 384 52 extraordinaires,
5496 3394 96 35 que,
5637 3397 136 32 payer

4773 3436 86 28 une
4886 3427 131 39 chose
5044 3429 264 42 au-dessous
5336 3432 52 40 de
5414 3445 50 28 sa
5486 3436 166 45 valeur,
5680 3440 93 34 cela

4775 3479 239 39 ressemble
5054 3479 232 51 beaucoup
5328 3482 26 41 à
5395 3496 86 29 une
5523 3490 249 40 complicité

4771 3529 161 40 de-vol.

4822 3582 121 40 Dans
4969 3594 60 29 un
5055 3585 112 49 coin,
5191 3587 58 39 M.
5276 3587 162 49 Chotte,
5463 3601 172 31 comme
5660 3604 110 30 nous

4771 3634 275 51 l'appelions,
5072 3636 216 43 racontait
5311 3640 241 43 l'aventure
5584 3655 9 28 :

4818 3710 53 4 —
4898 3687 121 40 Nous
5051 3700 112 29 nous
5194 3691 141 40 étions
5367 3694 162 40 arrêtés
5561 3697 105 39 chez
5695 3699 73 40 des

4768 3749 211 40 paysans,
5004 3740 56 40 où
5088 3741 149 41 Chotte
5265 3744 118 40 avait
5407 3747 134 39 voulu
5567 3750 120 39 boire
5712 3752 54 38 du

4768 3790 115 41 lait...
4920 3792 121 40 Vous
5080 3793 183 41 devinez
5299 3797 45 39 la
5380 3797 215 42 difficulté
5634 3802 52 39 de
5724 3814 42 28 se

4770 3843 112 40 faire
4905 3846 291 49 comprendre
5208 3847 8 39 .'
5244 3847 321 44 Croiriez-vous
5590 3863 84 35 que
5698 3865 68 29 ces

4768 3896 177 48 gens-là
4980 3908 55 28 ne
5070 3899 175 48 parlent
5279 3901 47 39 ni
5361 3901 212 48 français,
5607 3905 47 39 ni
5690 3917 71 28 an-

4768 3948 125 49 glais,
4918 3948 45 39 ni
4989 3950 265 41 allemand...

4792 4013 30 15 .
4822 4013 46 15 -
4896 4000 86 39 Oh!'
5015 4011 71 30 ces
5115 4003 295 51 Norvégiens!

4816 4074 53 6 —
4895 4052 123 40 Nous
5054 4053 141 41 étions
5231 4057 140 43 assis,
5392 4058 375 48 tranquillement,

4768 4104 175 50 lorsque
4972 4106 92 38 tout
5092 4106 25 39 à
5148 4117 125 36 coup,
5304 4110 103 38 sorti
5438 4110 53 40 de
5518 4111 14 45 j
5541 4123 22 28 e
5594 4120 56 32 ne
5662 4115 106 39 'sais

4767 4154 110 50 d'où,
4915 4158 67 38 cet
5017 4157 203 42 imbécile
5256 4161 52 38 de
5345 4162 128 39 chien
5510 4164 94 39 vint
5639 4173 129 40 poser

4711 4218 20 44 •;
4753 4216 64 42 :sa'
4946 4218 79 30 sur
5045 4211 208 49 lê-genOu
5268 4213 64 40 'de
5355 4213 162 41 Chotte.

4806 4256 101 44 ;De&
4924 4262 108 51 'cris
5032 4262 36 51 ¡
5068 4262 361 51 Finterro'ID'pirent'
5429 4262 37 51 :

4812 4335 53 5 —
4882 4313 284 40 -Guillaume!
5195 4315 273 42 Guillaume!
5496 4319 106 41 Mon
5627 4322 134 41 mari!

4764 4364 65 40 Où
4851 4365 66 39 est
4938 4377 104 28 mon
5067 4368 113 38 mari
5203 4368 18 38 ?

4815 4416 151 40 C'était
5013 4419 121 39 Mme
5185 4420 149 40 Chotte
5385 4422 253 43 elle-même
5689 4427 76 44 qui

4768 4469 168 39 fendait
4978 4471 64 38 les
5087 4482 203 39 groupes,
5335 4474 41 38 et
5419 4475 128 40 criait
5593 4492 19 20 «
5659 4489 105 28 mon

4766 4522 110 39 mari
4903 4537 19 20 »
4952 4533 104 28 avec
5081 4524 107 39 cette
5213 4525 246 40 intonation
5484 4529 280 46 particulière

4764 4573 50 39 de
4853 4575 131 38 celles
5024 4575 75 50 qui
5136 4576 122 40 n'ont
5292 4588 82 39 pas
5412 4589 157 31 encore
5606 4580 156 41 l'habi-

4764 4626 111 39 tude.

4810 4701 53 5 —
4891 4679 51 39 Je
4968 4679 94 40 suis
5088 4680 69 39 ici.
5184 4680 112 52 Qu'y
5320 4682 132 49 a-t-il,
5478 4695 75 28 ma
5579 4685 144 40 chérie
5744 4687 15 37 1

4810 4753 53 6 —
4891 4730 102 40 S'ils
5023 4732 183 40 allaient
5235 4744 55 29 ne
5317 4745 83 39 pas
5428 4746 71 29 me
5526 4736 230 41 l'amener!

4809 4805 53 6 —
4890 4783 99 39 Sois
5019 4784 250 50 tranquille.

4809 4858 53 5 —
4890 4835 51 40 Je
4974 4847 54 28 ne
5061 4837 93 39 suis
5185 4848 81 39 pas
5297 4838 237 50 tranquille
5565 4840 59 40 du
5655 4840 102 41 tout.

4759 4887 51 40 Je
4831 4887 40 40 te
4892 4888 67 38 dis
4981 4888 130 50 qu'ils
5133 4899 54 29 ne
5207 4889 291 42 l'amèneront
5516 4903 93 39 pas.

4808 4961 53 7 —
4888 4940 116 39 Mais
5030 4940 57 39 si!

4807 5013 53 7 —
4886 4992 66 39 Tu
4979 4992 83 39 t'en
5089 5003 195 40 moques,
5308 4993 84 41 toi..

4807 5066 52 6 —
4886 5044 116 39 Mais
5033 5055 100 28 non.

4806 5118 52 6 —
4886 5096 51 39 Je
4962 5107 114 28 veux
5100 5106 106 29 mon
5233 5096 141 41 chien.

4805 5170 52 6 —
4885 5149 64 38 Tu
4980 5148 175 39 l'auras.

4804 5223 52 4 —
4884 5200 198 49 Quelque
5127 5200 131 40 chose
5302 5213 72 28 me
5418 5202 63 40 dit
5526 5215 83 39 que
5654 5215 101 30 non.

4754 5251 170 40 Sais-tu
4951 5262 47 29 ce
5023 5262 84 40 que
5131 5252 47 40 tu
5203 5253 174 41 devrais
5404 5255 114 40 faire
5539 5257 19 38 ?

4802 5326 52 5 —
4882 5304 110 38 Non.

4801 5378 52 5 —
4880 5356 67 38 Tu
4974 5357 175 39 devrais
5179 5358 109 40 aller
5313 5360 41 38 le
5381 5359 220 40 chercher.

4801 5430 52 5 —
4881 5408 67 39 Et.
4965 5409 102 49 puis
5099 5410 46 49 je
5179 5421 71 28 me
5283 5412 214 48 perdrais,
5531 5412 41 40 et
5603 5413 41 39 le
5676 5414 78 39 ba-

4751 5459 100 39 teau
4876 5461 254 49 repartirait
5156 5473 105 28 sans
5289 5463 109 39 moi!

4802 5512 35 38 Il
4865 5524 28 38 y
4920 5513 84 48 eut,
5033 5513 26 39 à
5086 5524 48 29 ce
5161 5515 211 48 moment,
5401 5516 212 50 quelques
5642 5518 111 48 phy-

4751 5564 242 40 sionomies
5030 5567 274 38 masculines
5340 5568 74 48 qui
5450 5579 56 28 ne
5542 5570 213 47 parurent

4752 5627 78 38 pas
4863 5617 249 39 autrement
5140 5618 216 50 effrayées
5386 5630 81 39 par
5494 5620 258 40 l'évocation

4750 5668 51 39 de
4825 5669 108 39 cette
4955 5669 278 40 éventualité.

4801 5721 116 38 Mais
4947 5721 121 40 Mme
5099 5722 149 39 Chotte
5277 5722 105 40 était
5409 5723 86 39 très
5525 5723 144 51 éprise
5700 5725 51 39 de

4750 5783 79 28 son
4861 5773 127 48 mari,
5018 5773 42 39 et
5087 5773 44 39 la
5160 5774 247 49 possibilité
5437 5775 98 39 d'en
5565 5776 88 39 être
5683 5776 66 39 sé-

4748 5824 132 50 parée
4905 5825 63 38 lui
4996 5825 190 49 apparut
5211 5825 212 50 tragique.

4798 5900 53 5 —
4880 5876 85 39 Oh!
5012 5887 105 28 mon
5163 5877 132 47 chéri,
5337 5878 154 39 fit-elle
5533 5889 54 29 en
5631 5879 114 50 s'ap-

4748 5929 171 50 puyant
4952 5939 77 28 sur
5061 5928 189 49 l'épaule
5283 5929 51 38 de
5368 5930 57 38 M.
5460 5930 148 38 Chotte
5643 5942 104 27 avec

4750 5992 83 27 une
4854 5981 227 38 tendresse
5102 5991 84 38 que
5206 5980 75 38 des
5302 5981 152 38 dames
5474 5982 41 38 et
5534 5981 75 39 des
5630 5994 116 28 mes-

4747 6033 141 39 sieurs
4940 6032 251 39 trouvèrent
5241 6043 58 27 un
5349 6043 86 38 peu
5486 6032 260 51 choquante,

4744 6096 114 39 pour
4882 6084 254 39 différentes
5161 6083 186 38 raisons.

4794 6160 53 5 —
4873 6136 59 39 Le
4953 6134 132 40 voici!
5109 6135 59 38 Le
5190 6134 132 39 voici!

4794 6211 53 6 —
4875 6188 66 38 Où
4963 6188 19 38 ?

4794 6263 52 6 —
4873 6239 81 40 Là!
4982 6238 81 40 Là!
5093 6237 86 40 Sur
5203 6238 41 40 le
5270 6238 143 50 quai...

4793 6315 52 6 —
4874 6291 65 39 Où
4962 6291 18 35 ?

4792 6366 53 7 —
4873 6341 198 41 Derrière
5097 6341 40 39 le
5165 6342 230 40 monsieur
5421 6344 75 50 qui
5523 6356 26 28 a
5574 6345 76 40 des
5676 6347 67 38 lu-

4744 6396 176 39 nettes...
4941 6394 66 38 Tu
5030 6404 56 28 ne
5107 6394 94 39 vois
5222 6405 120 37 pas...
5363 6395 119 40 Avec
5504 6408 86 28 une
5612 6398 131 48 petite

4740 6448 128 39 fille...
4894 6445 127 39 Est-il
5046 6445 140 50 joli!...
5204 6446 110 47 Non,
5330 6447 112 39 mais
5460 6449 119 38 est-il
5607 6449 78 49 joli
5698 6450 47 37 !...

4793 6499 94 38 Elle
4923 6498 40 38 le
4999 6497 211 39 montrait
5245 6498 25 39 à
5304 6499 91 39 tout
5430 6500 40 38 le
5506 6501 161 38 monde
5702 6502 40 37 et

4740 6549 257 50 s'apprêtait
5020 6549 26 38 à
5071 6550 109 39 aller
5202 6550 243 39 au-devant
5467 6551 52 39 de
5542 6552 45 38 la
5609 6552 130 49 petite

4740 6603 88 38 fille
4850 6601 75 50 qui
4949 6601 325 48 parlementait,
5297 6613 56 27 au
5374 6602 101 49 pied
5499 6603 52 38 de
5573 6603 43 38 la
5636 6614 101 37 pas-

4740 6653 169 47 serelle,
4946 6652 256 50 lorsqu'une
5240 6653 121 49 pluie
5399 6653 254 39 diluvienne
5688 6676 51 4 —

4740 6704 312 49 norvégienne,
5080 6715 111 38 pour
5216 6705 151 39 mieux
5392 6704 92 40 dire
5509 6727 52 9 —
5584 6715 46 27 se
5656 6704 80 39 mit

4739 6757 26 40 à
4788 6756 243 40 descendre
5057 6756 58 39 du
5142 6756 81 39 ciel
5250 6756 91 39 tout
5364 6755 173 50 proche.

4788 6809 124 38 Mme
4946 6807 150 39 Chotte
5130 6818 135 37 passa
5298 6817 76 29 sur
5404 6807 40 38 le
5479 6805 105 50 pont
5618 6805 115 39 infé-

4738 6860 131 48 rieur,
4900 6858 54 40 où
4986 6859 86 38 l'on
5104 6858 104 39 était
5239 6858 24 39 à
5293 6869 85 38 peu
5408 6856 101 50 près
5540 6856 26 38 à
5595 6856 139 49 l'abri,

4737 6913 41 38 et
4806 6911 55 47 là,
4889 6911 83 38 elle
5000 6910 184 39 attendit
5211 6920 84 38 que
5321 6909 64 37 les
5412 6907 196 39 derniers
5638 6908 94 39 tou-

4737 6963 145 46 ristes,
4907 6973 103 28 sous
5035 6962 119 38 leurs
5178 6959 269 51 parapluies,
5471 6959 269 48 permissent

4737 7015 118 40 enfin
4877 7014 24 38 à
4921 7015 44 38 la
4984 7013 131 49 petite
5135 7013 52 38 de
5206 7010 171 40 monter
5396 7009 24 38 à
5439 7010 120 39 bord.

4787 7066 55 38 M.
4865 7065 151 39 Chotte
5036 7063 218 40 racontait
5272 7060 213 40 l'histoire
5508 7061 25 40 à
5553 7063 53 39 de
5628 7075 110 29 nou-

4735 7129 142 29 veaux
4902 7117 228 39 auditeurs
5154 7126 8 26 :

4783 7193 53 5 —
4867 7169 73 39 Cet
4972 7166 199 41 imbécile
5203 7165 52 38 de
5286 7163 168 40 chien...
5487 7165 153 42 Chotte
5672 7169 66 39 fut

4734 7221 134 47 ravie,
4898 7232 88 27 aux
5015 7228 149 39 anges,
5193 7226 133 37 parce
5356 7216 104 49 qu'il
5490 7220 155 39 voulut
5674 7222 63 38 lui

4733 7273 149 39 lécher
4916 7272 44 39 la
4993 7270 149 49 figure.
5178 7267 94 39 Elle
5307 7267 157 41 décida
5499 7281 85 38 que
5620 7283 112 27 nous

4733 7324 278 40 achèterions
5052 7322 39 37 le
5133 7318 142 40 chien.
5320 7333 18 21 «
5385 7320 135 47 Qu'en
5565 7323 170 39 ferons-

4734 7387 123 35 nous,
4889 7375 24 39 à
4945 7372 137 46 Paris,
5111 7371 111 38 dans
5254 7371 126 40 notre
5411 7375 323 47 appartement,

4732 7438 78 29 rue
4837 7427 52 39 de
4917 7427 145 45 Prony
5082 7422 20 38 ?
5127 7436 19 21 »
5177 7421 90 39 Elle
5295 7422 207 50 répondit
5526 7436 9 28 :
5566 7440 19 21 «
5614 7426 119 39 Nous

4730 7480 122 38 irons
4882 7475 172 41 habiter
5083 7474 43 37 la
5154 7483 260 40 campagne.
5443 7476 116 39 Avec
5587 7477 146 47 l'auto,

4730 7526 335 45 déclara-t-elle,
5090 7524 28 39 il
5146 7524 71 50 n'y
5242 7535 25 28 a
5293 7527 101 47 plus
5418 7528 53 38 de
5495 7528 236 46 distances,

4730 7582 41 40 et
4789 7592 51 37 ça
4858 7581 40 39 te
4918 7579 93 38 fera
5029 7576 192 48 prendre
5240 7576 99 40 l'air
5355 7593 60 25 »...
5432 7579 90 39 Elle
5541 7590 54 28 en
5615 7580 118 38 offrit

4728 7633 126 48 vingt
4877 7637 259 37 couronnes,
5160 7627 101 50 puis
5287 7630 253 48 cinquante,
5563 7631 42 38 et
5628 7630 103 38 c'est

4729 7685 25 39 à
4772 7684 99 39 cent
4890 7679 245 41 seulement
5153 7690 84 38 que
5258 7692 111 28 nous
5389 7692 137 28 avons
5545 7694 60 37 pu
5624 7681 106 39 trai-

4729 7737 75 38 ter,
4844 7733 128 49 grâce
5012 7730 24 38 à
5075 7730 288 51 l'obligeance
5402 7732 103 40 d'un
5545 7732 183 49 passant

4727 7786 75 51 qui
4825 7782 152 42 voulut
5000 7782 103 40 bien
5129 7794 112 28 nous
5267 7784 142 39 servir
5432 7784 295 48 d'interprète.

4726 7840 34 37 Il
4788 7850 27 37 y
4840 7849 33 25 a.
4890 7836 209 48 des.gens.
5099 7836 105 48 qui
5234 7836 120 38 n'ont
5379 7836 97 38 rien
5504 7835 24 38 à
5553 7835 121 38 faire.

4776 7912 50 4 ~
4851 7888 56 37 Le
4933 7885 116 39 voilà
5074 7886 8 37 !
5110 7887 57 37 Le
5193 7887 117 39 voilà
5334 7886 8 38 !

4776 7941 55 37 Le
4856 7937 177 39 dernier
5056 7938 185 39 touriste
5266 7938 122 38 étant
5411 7939 52 37 de
5486 7937 161 46 retour,
5672 7948 53 26 on

4724 7990 137 40 laissa
4881 7988 174 39 monter
5074 7990 44 38 la
5140 7989 134 49 petite
5296 7988 307 50 Norvégienne
5624 7988 41 37 ef,
5687 7988 38 36 Je

4726 8041 140 41 chien,
4887 8050 60 28 'Un
4970 8050 102 33 gros
5095 8041 128 38 chien
5244 8040 135 43 jaune
5400 8040 25 37 à
5445 8040 112 43 poils
5579 8039 145 38 raides
