6287 8677
716 466 486 82 L'aviateur
1264 468 396 98 Sopwith
1724 472 150 94 qui
1930 496 48 54 a
2036 468 382 80 traversé
2482 466 82 80 la
2628 466 376 80 Manche

650 3945 247 20 ......
1248 3956 27 2 -.
1284 3958 318 48 SOPWITH
1654 3958 248 46 AVANT
1954 3960 134 44 SON
2140 3952 274 54 DÉPART

589 4027 200 56 Engagé
820 4028 120 46 dans
978 4030 46 45 le
1056 4029 117 44 Prix
1204 4028 68 45 du
1306 4029 160 46 Baron
1506 4029 61 45 de
1613 4029 184 52 Forest,
1843 4029 272 56 l'aviateur
2135 4030 188 54 anglais
2364 4029 227 53 Sopwith
2637 4031 181 52 partait
2857 4028 263 49 dimanche

588 4097 366 55 d'Eastchurch,
987 4098 179 55 passait
1188 4098 256 47 au-dessus
1476 4098 61 46 de
1564 4099 229 46 Douvres
1832 4105 49 39 et
1910 4100 128 45 filait
2064 4115 82 38 sur
2182 4100 176 45 Calais.
2382 4099 160 54 Après
2565 4101 139 45 avoir
2730 4101 113 45 volé
2864 4101 255 46 au-dessus

592 4167 61 55 de
653 4167 165 55 'cette
838 4169 132 53 ville,
1003 4170 37 46 il
1070 4169 269 47 remontait
1371 4183 110 32 vers
1506 4169 46 45 la
1579 4170 239 54 Belgique
1849 4176 50 40 et
1932 4172 290 46 atterrissait
2251 4171 110 52 près
2393 4170 60 46 de
2477 4170 280 48 Beaumont
2777 4185 61 32 en
2868 4171 250 56 Belgique,

871 4253 20 33 r
993 4241 24 47 C
1075 4238 225 54 Sopwith
1328 4239 200 53 pilotait
1561 4254 68 31 un
1660 4240 220 54 appareil
1912 4241 63 45 de
2006 4241 344 46 construction
2376 4241 229 56 anglaise.

3636 464 122 80 La
3830 466 206 78 Fête
4102 466 108 78 de
4280 466 542 98 l'Empereur
4892 468 110 82 de
5072 470 306 80 Russie

3644 3964 88 46 LA
3764 3956 402 54 CÉRÉMONIE
4190 3964 48 46 A
4276 3958 292 52 L'ÉGLISE
4600 3964 206 46 RUSSE
4838 3964 90 44 DE
4960 3962 88 46 LA
5082 3962 132 46 RUE
5246 3962 188 48 DARU

3311 4035 76 45 Un
3431 4030 26 18 "
3489 4032 79 47 Te
3595 4034 165 47 Deum
3795 4035 25 17 "
3851 4034 225 46 solennel
4109 4049 27 30 a
4161 4037 79 43 été
4273 4034 191 47 célébré
4491 4035 108 45 hier
4631 4035 158 45 matin
4816 4035 27 44 à
4873 4034 132 45 Paris
5036 4034 27 44 à
5098 4033 258 46 l'occasion
5399 4033 62 47 de
5500 4034 46 45 la
5578 4033 100 47 fête
5704 4034 67 49 du

3305 4104 140 47 Tsar.
3476 4105 76 46 De
3585 4104 323 47 nombreuses
3938 4104 362 54 personnalités
4340 4105 271 53 politiques
4644 4110 49 41 et
4722 4104 390 54 diplomatiques
5148 4104 315 45 entouraient
5504 4103 45 46 le
5589 4105 182 46 nouvel

3304 4175 360 53 ambassadeur,
3691 4175 69 45 M.
3795 4174 243 55 Is-volsky,
4058 4174 88 54 qui
4179 4174 161 50 faisait
4367 4188 73 32 ses
4475 4174 178 48 débuts
4686 4174 252 46 officiels,à
4960 4174 209 45 Paris.—
5190 4173 148 46 -Nous
5367 4173 409 54 -ler-cprésentons

3551 4251 192 43 sortant
3776 4246 61 45 de
3863 4245 197 55 l'église.
4092 4243 81 48 Au
4209 4245 214 53 premier
4453 4245 130 54 plan,
4615 4247 28 44 à
4669 4244 179 53 droite,
4873 4244 125 47 MM.
5026 4243 514 48 Mollard^etJBichon.

1570 4426 158 104 Le
1808 4426 216 104 Roi
2102 4426 610 104 Lewanika
2802 4460 256 96 reçu
3136 4462 202 94 par
3430 4430 100 104 le
3612 4430 252 102 Duc
3940 4428 138 106 de
4158 4428 690 130 Connaught

733 7944 48 29 LE
808 7941 74 31 ROI
911 7933 234 39 LEWANIKA
1170 7944 26 28 A
1222 7944 51 29 LA
1299 7943 336 32 GARDEN-PARTY
1662 7943 58 29 DU
1742 7943 85 30 DUC
1847 7946 54 28 DE
1923 7937 258 39 CONNAUGHrr
2361 7946 51 27 LE
2441 7944 72 29 ROI
2544 7945 54 28 EN
2625 7944 168 29 GRANDE
2819 7943 157 28 TENUE.
2997 7954 52 6 —
3076 7942 59 28 UN
3164 7940 239 30 SIMULACRE
3431 7939 55 28 DE
3514 7936 159 31 CHASSE
3700 7936 27 29 A
3752 7926 333 38 L'HIPPOPOTAME
4348 7929 235 30 ijEWANIKA
4610 7920 222 38 PRÉSENTÉ
4855 7928 55 29 AU
4931 7926 85 30 DUC
5034 7925 56 28 DE
5110 7916 260 43 CONNAUGH"ll

1194 8018 81 51 Au
1307 8036 143 33 cours
1475 8022 64 47 de
1565 8036 88 32 son
1680 8035 193 41 voyage
1895 8023 122 46 dans
2043 8022 242 55 l'Afrique
2312 8023 67 46 du
2415 8023 116 53 Sud,
2565 8023 45 47 le
2645 8022 110 47 Duc
2781 8022 63 47 de
2877 8019 303 54 Connaught
3211 8033 28 32 a
3268 8033 62 33 eu
3365 8031 98 34 une
3495 8021 239 42 entrevue
3767 8028 116 32 avec
3916 8012 46 47 le
3994 8012 94 47 Roi
4121 8009 277 52 Lewanika,
4430 8006 112 47 chef
4572 8006 62 47 de
4660 8006 47 48 la
4733 8005 131 47 tribu
4892 8005 85 46 des
5008 8004 214 46 Barotté.
