6314 8650
706 356 86 100 Le
834 354 332 126 parricide
1204 354 232 102 Waché
1474 356 80 98 de
1592 356 128 100 Roo

986 524 128 72 aux
1174 492 268 102 Assises

702 700 234 49 L'accusé,
967 699 167 49 éploré,
1160 701 200 46 proteste
1379 699 276 48 faiblement,
1679 704 44 37 et

758 765 259 42 s'évanouit
1030 766 118 41 dans
1164 765 70 38 les
1248 764 111 39 bras
1376 764 82 40 des
1478 764 184 46 gardes.

745 886 61 35 En
827 884 116 45 dépit
964 883 53 41 de
1035 883 139 37 toutes
1198 880 64 38 les
1279 882 247 37 circulaires
1549 882 50 37 de
1622 883 94 36 tous
1732 917 7 8 .

700 933 60 36 les
789 932 148 44 gardes
965 931 70 37 des
1066 931 169 39 Sceaux,
1266 930 38 35 la
1333 929 102 36 salle
1465 929 73 37 des
1566 930 152 36 assises

698 980 64 35 est
800 979 184 45 assiégée
1004 978 115 37 "bien
1159 976 125 41 avant
1323 975 177 37 l'heure'
1520 986 75 35 par
1635 985 81 27 une

697 1027 115 39 foule
840 1024 217 47 élégante..
1057 1024 218 47 Constant,
1304 1023 36 36 le
1368 1023 169 40 fameux
1562 1032 155 36 garçon

696 1074 72 35 des
792 1073 166 40 a'ssises,
982 1071 63 37 èst
1069 1070 190 38 -débôrdë,.
1279 1071 36 38 11
1344 1070 249 45 interrompt
1617 1079 97 26 sou-

697 1121 98 35 dain
812 1120 40 37 le
873 1119 187 45 barrage
1074 1127 8 27 :
1105 1131 18 18 «
1143 1117 165 38 Laissez
1329 1126 146 35 passer
1496 1117 58 35 les
1576 1116 139 36 dames

696 1167 50 37 de
777 1168 49 35 M.
858 1167 154 36 Dusart
1032 1164 7 36 !
1071 1178 18 19 »
1122 1164 339 36 eonimande-t-il
1494 1168 68 32 au'
1577 1163 138 46 garde.

694 1214 52 36 Et
769 1214 58 36 les
851 1213 138 36 dames
1014 1212 49 36 de
1089 1211 53 36 Mè
1165 1210 167 42 Dusart,
1357 1211 38 36 le
1419 1210 295 47 sympathique

695 1259 301 38 secrétaire-de
1020 1259 54 35 Me
1100 1257 317 42 Henri-Robert,
1441 1256 182 47 passent.

741 1307 154 36 Notons
928 1305 134 46 parmi
1098 1306 58 36 les
1188 1304 244 47 privilégiés
1471 1313 8 26 :
1515 1300 127 40 Mri1es
1675 1303 39 37 la

694 1354 214 37 duchesse:
943 1352 50 37 de
1037 1352 119 41 Rohan,
1156 1352 51 41 r
1237 1352 203 35 comtesse
1484 1350 49 36 de
1577 1351 135 35 Beau-

695 1402 160 40 0hamp,
911 1400 103 36 Paul
1070 1399 49 36 de
1175 1398 299 41 Saint-Victor,
1531 1397 181 43 Hochon,

693 1449 50 35 de
778 1447 288 45 Pierrebourg,
1105 1446 38 36 la
1177 1445 193 46 générale
1406 1440 193 47 WillarCl;
1631 1445 81 35 De-

693 1494 139 43 treuil,
884 1494 96 35 Mlle
1028 1494 174 40 Baletta,
1255 1492 92 36 MM.
1397 1491 54 36 de
1496 1491 215 41 Brémond,

695 1541 340 43 d'Haussônvillé,
1086 1541 164 35 Pierre-
1277 1538 282 43 Decourcelle,
1607 1538 104 36 Boni

693 1589 49 36 de
767 1588 241 42 Gastellane,
1034 1587 88 43 etc.,
1149 1586 77 36 ',ete.

738 1635 187 36 Pendant
949 1644 80 36 que
1054 1638 50 35 'sé,
1122 1634 81 35 fait
1227 1634 37 35 le
1288 1633 135 45 tirage
1448 1643 53 26 au
1528 1632 88 38 sort
1640 1632 70 36 des

691 1683 126 42 jurés,
842 1683 49 35 M.
914 1682 124 43 Hajos
1060 1691 51 26 va
1134 1680 213 42 s'asseoir,'
1363 1680 276 43 accompagné
1662 1680 49 35 de

692 1739 74 27 son
788 1729 157 42 avocat,
969 1729 53 35 MI
1046 1723 122 52 Otàye,
1192 1727 24 36 à
1239 1727 53 41 la
1292 1727 126 41 place
1440 1727 49 36 de
1509 1728 43 34 la
1573 1727 138 41 partie

690 1777 137 36 divile.
851 1776 55 36 Le
928 1775 154 36 seôond
1107 1775 106 35 mari
1238 1774 57 40 de.
1314 1775 37 36 la
1375 1774 221 35 victime'a
1621 1774 89 35 l'al-

689 1825 93 35 lure
805 1822 183 39 décidée.
1006 1823 74 36 La'
1087 1822 85 36 tête
1194 1821 64 37 est
1281 1821 154 42 carrée,
1461 1821 39 36 la
1522 1820 188 38 mousta-

689 1872 77 36 che
788 1869 167 43 châtain,
955 1869 75 43 le
1053 1878 72 27 nez
1150 1873 56 31 un
1227 1877 82 36 peu
1333 1868 142 45 aplati.
1500 1869 49 34 M.
1573 1868 135 45 Hajos,

688 1918 50 35 de
769 1917 108 37 teint
908 1916 300 36 extrêmement
1238 1914 105 46 pâle,
1375 1916 120 43 porte
1526 1924 81 27 une
1640 1924 68 26 re-

687 1964 169 45 dingote
883 1963 119 37 noire
1032 1962 442 45 largement/ouverte,

736 2011 103 36 Mais
872 2010 109 36 voici
1017 2010 177 40 l'accusé
1228 2009 82 45 qui.
1334 2009 80 37 fait
1446 2010 75 37 son
1554 2008 154 37 entrée.

688 2059 34 35 Il
744 2057 141 46 paraît
907 2052 110 41 bien
1027 2054 105 40 frêle
1156 2056 24 36 à
1204 2056 91 36 côté
1318 2056 49 36 de
1393 2056 38 36 la'
1452 2056 164 36 stature
1641 2065 67 27 so-

686 2105 84 37 lide
802 2105 50 36 de
885 2113 75 28 son
992 2102 252 47 beau-père
1259 2104 41 36 et
1332 2103 134 37 donne
1500 2103 206 46 l'impres-

686 2152 94 37 gion
800 2151 96 37 d'un
916 2152 186 35 nerveux
1123 2151 41 35 et
1184 2148 97 38 d'un
1303 2150 202 45 impulsif.
1524 2150 59 36 La
1604 2151 103 34 mise

687 2200 64 35 est
778 2198 184 44 soignée
979 2207 9 26 :
1018 2198 79 36 elle
1125 2197 64 37 est
1215 2197 104 36 celle
1347 2197 97 36 d'un
1471 2197 64 36 fils
1565 2197 49 36 de
1642 2197 64 35 fa-

685 2243 115 38 mille
828 2245 164 36 correct
1019 2244 51 37 èt,
1088 2243 164 47 élégant
1285 2254 7 25 :
1321 2240 188 49 jaquette
1537 2244 42 35 et
1605 2243 102 47 gilet

684 2293 127 42 noirs,
845 2292 38 36 la
914 2291 89 38 raie
1034 2290 82 37 est'
1129 2290 265 46 impeccable,
1427 2291 59 36 les
1518 2290 188 36 cheveux

686 2339 95 37 sont
812 2339 133 36 lisses.
976 2338 88 36 Une
1096 2338 245 36 moustache
1376 2338 81 35 fine
1490 2346 132 37 coupe
1657 2347 50 26 en

684 2387 219 45 diagonale
938 2395 58 26 un
1032 2385 73 36 bas
1142 2385 49 36 de
1228 2385 133 45 figure
1397 2385 136 35 mince
1571 2385 42 36 et
1647 2394 58 27 un

679 2435 174 37 menton
887 2433 85 36 très
1006 2432 161 46 pointu.
1200 2432 77 37 Les
1312 2442 110 35 yeux
1454 2431 252 46 papillotent

683 2480 187 37 derrière
894 2489 56 27 un
976 2480 173 45 lorgnon
1174 2479 236 36 immuable.
1433 2479 188 36 Pendant
1645 2479 59 36 les

675 2527 174 43 'débats,'
876 2528 43 36 ét
954 2526 24 37 à
1014 2527 49 36 de
1100 2526 271 36 nombreuses
1420 2526 195 45 reprises,
1667 2527 48 35 la>

683 2576 136 45 ligure
843 2574 49 40 dé
918 2575 50 35 M.
992 2574 154 36 Gaston
1171 2572 158 38 Waché
1353 2572 158 38 deLKoo
1537 2584 43 26 se
1605 2583 111 26 con-

683 2622 269 46 gestionnera
983 2621 43 36 et
1057 2621 58 36 les
1147 2621 152 36 larmes
1330 2621 228 36 viendront
1585 2621 24 35 à
1640 2631 64 27 ses

684 2679 122 37 yeux.

697 2718 9 20 •r
729 2717 190 36 Là.cour
946 2716 81 36 fait
1054 2725 74 26 son
1157 2714 143 38 entrée
1329 2715 24 38 à
1381 2715 102 36 midi
1513 2715 42 36 et
1582 2715 123 36 demi.

685 2764 51 36 M.
759 2764 37 36 le
819 2763 215 46 président
1056 2754 197 46 Bertuius
1272 2763 70 36 e§t
1365 2763 150 36 assisté
1539 2763 49 36 de
1613 2764 103 35 MM.;

681 2811 60 37 les
773 2809 246 38 conseillers
1045 2809 244 38 Touriiadre
1322 2810 41 36 et
1373 2820 8 10 '
1392 2809 57 37 Le
1479 2810 223 37 Pôittevni.

682 2859 52 36 M.
769 2858 190 37 l'avocat
974 2857 168 45 général
1179 2857 225 45 Peyssonié
1437 2857 172 45 remplit
1643 2858 70 36 lesi

682 2905 211 39 fonctions
904 2931 6 3 -
913 2904 188 37 d'avocat
1118 2901 182 49 généraL.

841 2985 400 48 L'interrogatoire
1263 2984 55 42 de
1333 2983 204 46 l'accusé

725 3052 132 47 Après
895 3052 39 36 la
971 3052 159 36 lecture
1165 3051 51 36 de
1252 3051 117 37 l'acte
1405 3050 293 41 d'accusation,

682 3100 61 37 les
766 3099 188 43 témoins,
978 3109 54 30 au
1054 3098 172 37 nombre
1244 3098 53 37 'dë,
1317 3098 120 46 vingt
1457 3098 42 37 et
1519 3104 77 37 'un,'
1611 3098 103 44 s,ont!

679 3142 155 44 invites
873 3156 24 26 a
935 3146 154 43 sPl-tir,.'
1115 3146 43 36 et
1185 3145 362 47 .l'interrogatoire
1586 3152 128 29 'Coin-;

682 3197 152 34 ihencê.
862 3194 61 35 On
950 3199 222 34 remarqua
1201 3202 80 30 que
1311 3193 50 36 M.
1388 3193 183 36 Armand
1599 3193 113 36 Wa-'

681 3241 78 37 ché
789 3241 50 37 de
870 3241 95 43 Roo,
998 3241 37 35 le
1066 3240 113 36 frère
1209 3240 106 43 aîné,
1347 3240 38 36 le
1416 3240 90 37 seul
1538 3240 72 46 qui
1642 3231 68 45 ait!

678 3287 186 38 c'onseülê
864 3287 94 38 'et
991 3288 237 44 encouragé
1265 3287 40 36 le
1343 3288 184 45 mariage
1566 3287 49 36 de
1643 3297 56 26 -sa

676 3334 125 45 ibère,
827 3345 53 27 ne
905 3335 158 46 répond
1088 3334 82 46 pas'
1189 3335 28 36 il-
1239 3335 149 45 l'appel
1415 3335 51 35 de
1491 3344 221 27 sonnons

727 3384 127 35 Dans;
895 3381 63 38 'un
1018 3382 503 45 interrogatoire-exposé
1587 3381 120 44 (c'est

682 3431 108 37 ainsi
830 3440 94 35 que1
956 3430 50 36 -M.
1033 3430 17 35 ;
1050 3430 34 35 le
1122 3429 217 46 président
1351 3441 6 11 '
1378 3429 198 38 Bertulus
1617 3429 90 36 lui—î

675 3479 147 37 même1
844 3473 37 41 le
913 3477 231 43 dénomme)
1188 3477 37 36 le
1259 3477 233 46 magistrat'
1512 3477 186 42 rappelle

678 3533 82 38 que
787 3525 49 36 Mj
861 3521 168 40 Gaston.
1042 3524 157 36 Waché
1226 3524 49 36 de
1302 3524 82 35 Roo
1412 3534 24 26 a:
1460 3524 138 36 trente
1626 3523 85 37 ansf

680 3573 42 36 et
761 3572 104 46 qu'it
908 3572 64 37 est
1014 3570 270 47 aujourd'hui-
1328 3571 37 36 le
1408 3570 306 46 représentante

677 3621 123 36 d'une
836 3619 162 37 maison
1035 3618 327 43 d'automobiles,
1411 3618 121 45 après
1582 3618 128 36 avoir;

677 3667 240 39 vainement
952 3666 123 40 tenté:
1101 3666 38 36 la
1172 3666 176 40 fortune,
1376 3665 101 41 dans
1514 3666 36 36 le
1572 3675 126 33 ,com-:-

676 3723 139 30 merce
851 3714 56 37 du
942 3713 129 39 bétail
1108 3712 24 38 à
1169 3712 279 47 Madagascar;
1486 3722 100 30 avec
1624 3721 79 29 soir

676 3762 125 39 frère.

725 3809 50 37 Et
807 3817 158 30 comme
997 3808 38 36 le
1066 3807 453 46 président,demande
1547 3807 23 37 à
1602 3807 107 38 l'ac-

679 3856 100 39 cusé
812 3855 36 38 si
884 3855 58 37 les
974 3855 360 46 renseignements
1368 3854 100 46 qu'il
1502 3855 117 37 vient
1652 3855 49 36 de

678 3903 169 38 fournir
877 3903 94 36 sont
999 3902 96 37 bien
1126 3902 151 43 exacts,
1309 3911 46 27 ce
1384 3901 179 44 dernier,
1594 3911 107 37 pour

677 3951 41 37 la
749 3950 206 47 première
987 3949 81 37 fois
1099 3958 81 36 que
1211 3959 45 26 sa
1286 3949 98 36 voix
1415 3959 52 26 va
1498 3950 201 36 résonner

676 3998 103 38 dans
804 3997 39 37 la
865 3997 103 37 salle
991 3996 254 43 d'audience,
1269 3996 133 37 éclate
1426 4005 53 27 en
1503 3997 195 45 sanglots.

679 4045 73 37 Ses
776 4044 133 37 lèvres
933 4043 194 47 s'agitent
1148 4043 331 42 nerveusement,
1504 4044 51 42 et,
1579 4044 121 36 d'une

674 4092 98 39 voix
793 4091 280 45 entrecoupée
1093 4100 77 36 par
1193 4091 59 36 les
1276 4091 161 43 larmes,
1462 4091 29 35 il
1513 4091 147 37 s'écrie
1688 4101 7 27 :

726 4174 49 5 —
796 4155 69 33 J'ai
890 4155 174 41 toujours
1089 4154 57 33 été
1171 4162 52 27 un
1247 4155 160 32 honnête
1430 4155 147 32 homme
1601 4163 8 30 ;
1636 4155 64 41 j'ai

681 4205 48 25 eu
760 4204 51 27 un
845 4197 239 32 mouvement
1115 4196 46 32 de
1194 4196 151 38 révolte,
1380 4196 55 40 ç'a
1456 4196 68 32 .été
1557 4197 144 40 malgr-é

677 4238 85 38 moi,
784 4237 179 41 j'adorais
987 4245 60 24 ma
1070 4237 112 38 mère,
1204 4237 82 32 tout
1309 4237 32 32 le
1366 4237 133 32 monde
1522 4238 82 32 dira
1626 4246 71 32 que

679 4280 38 38 je
740 4279 157 32 l'aimais
919 4286 9 30 ;
957 4278 102 32 toute
1082 4286 62 24 ma
1166 4277 69 40 vie,
1258 4278 39 40 je
1319 4278 221 40 regretterai
1563 4287 40 23 ce
1628 4287 72 31 que

676 4317 65 46 ■j'ai
765 4319 69 33 fait
856 4319 10 32 1
925 4359 7 2 _

725 4372 132 46 Après
883 4372 110 37 cette
1018 4371 110 38 crise
1152 4372 101 37 dont
1277 4372 37 36 le
1337 4372 217 46 président
1577 4382 122 27 cons-

675 4420 88 37 tate
806 4429 80 37 que
932 4432 19 20 «
997 4420 100 36 c'est
1140 4429 58 27 un
1241 4419 82 36 bon
1366 4420 266 36 mouvement
1664 4433 31 27 »,

678 4468 51 36 M.
759 4467 158 37 Waché
948 4466 50 37 de
1029 4467 82 35 Roo
1142 4477 44 26 se
1217 4467 133 36 remet
1378 4476 82 35 peu
1493 4467 23 35 à
1545 4477 82 35 peu
1659 4468 41 36 et

674 4514 160 46 répond
857 4513 122 37 d'une
1000 4514 97 36 voix
1119 4514 95 45 plus
1238 4514 124 42 nette,
1387 4524 149 27 encore
1559 4514 138 46 qu'as-

674 4571 67 28 sez
764 4560 176 46 éplorée,
963 4570 80 26 aux
1065 4561 142 36 autres
1228 4561 229 45 questions.

724 4608 33 36 Il
791 4617 52 28 en
877 4607 158 38 résulte
1068 4617 81 36 que
1185 4607 106 37 Mme
1323 4608 160 37 Waché
1519 4608 49 37 de
1602 4609 94 43 Roo,

676 4655 100 37 dont
810 4656 37 35 la
880 4655 168 36 fortune
1080 4654 104 37 était
1216 4655 215 36 d'environ
1463 4656 105 36 trois
1601 4657 95 35 mil-

675 4702 120 42 lions,
817 4701 105 38 était
941 4702 160 45 simple,
1122 4702 146 42 bonne,
1289 4702 230 46 généreuse
1542 4703 41 36 et
1604 4703 94 45 qu'à

675 4749 106 38 trois
813 4748 183 46 reprises
1029 4748 176 40 l'accusé
1236 4749 115 36 avait
1382 4757 100 38 reçu
1513 4750 129 43 d'elle,
1675 4751 23 36 à

676 4796 41 36 la
740 4795 124 37 veille
886 4796 49 35 de
958 4804 74 28 son
1055 4795 148 46 départ
1226 4795 24 37 à
1274 4796 278 46 Madagascar,
1577 4797 23 36 à
1623 4807 75 27 son

675 4844 146 36 retour
848 4842 41 36 et
915 4852 53 27 au
995 4843 183 36 moment
1204 4851 52 28 où
1287 4843 30 35 il
1343 4843 115 36 avait
1482 4845 214 37 contracté

675 4899 83 27 une
780 4889 254 36 association
1054 4889 103 37 dans
1179 4899 82 27 une
1282 4890 162 36 maison
1466 4891 229 37 d'automo-

676 4936 118 44 biles,
828 4937 160 42 100,000,
1022 4937 149 42 150,000
1200 4937 43 37 et
1272 4938 129 43 60,000
1431 4937 153 45 francs,
1615 4940 83 36 soit

676 4993 67 28 un-
760 4983 101 38 total
885 4983 50 37 de
957 4984 162 42 310,000-
1131 4984 154 39 francs.

721 5060 46 5 —
791 5042 42 32 Et
855 5049 95 25 vous
973 5042 138 32 n'aviez
1135 5050 67 29 pas
1225 5042 118 33 trente
1366 5051 67 24 ans
1457 5044 8 31 !
1492 5044 150 33 conclut
1664 5046 34 31 14,

675 5078 204 43 président,
903 5083 64 41 qui
993 5083 259 41 ajoute'qu'en
1277 5085 185 32 revanche
1486 5086 47 31 M.
1560 5087 137 31 Gaston

676 5123 143 35 Waché
846 5123 120 33 s'était
994 5123 187 40 toujours:
1194 5125 143 35 montré
1365 5133 51 25 un
1442 5126 59 33 lils
1528 5126 109 36 fidèle
1664 5129 32 30 et

677 5166 262 40 respectueux,
974 5164 35 33 le
1043 5164 87 42 plus
1162 5165 148 33 attaché
1344 5166 70 37 des
1456 5167 150 34 enfants
1654 5168 42 33 de

676 5207 98 35 Mme
799 5205 154 35 Waché.

723 5258 275 37 L'honorable
1062 5258 220 47 magistrat
1344 5267 122 38 passe,
1532 5262 163 36 ensuite

677 5316 113 30 assez
813 5306 273 45 rapidement,
1109 5316 51 28 ,el}.
1182 5316 56 30 un
1260 5308 245 45 monologue
1529 5308 22 36 à
1573 5310 123 44 peine

676 5353 133 45 coupé
840 5362 75 36 par
948 5353 58 36 les
1038 5353 297 45 approbations
1367 5355 245 44 pleureuses
1645 5357 50 35 d-i

678 5401 188 41 l'accusé,
895 5410 72 26 sur
996 5400 58 36 les
1073 5400 211 40 .relations
1310 5403 283 36 commencées
1622 5413 73 26 en-

675 5448 66 37 tre
764 5447 56 36 les
843 5448 134 45 époux
1000 5447 124 45 Hajos
1146 5447 42 36 et
1210 5448 106 36 Mme
1337 5448 166 43 Waché,
1528 5449 38 36 la
1587 5450 108 36 mort

677 5494 50 37 de
761 5495 104 35 Mme
899 5494 135 46 Hajos,
1053 5493 86 46 qui
1174 5494 114 37 avait
1320 5504 81 31 une
1420 5496 193 37 maladie
1647 5497 48 36 de

677 5550 126 32 cœur,
840 5541 41 36 et
919 5541 66 36 les'
1012 5540 269 46 pourparlers
1318 5541 49 36 de
1404 5542 182 44 mariage
1622 5544 71 42 qui

678 5587 145 38 furent
847 5585 207 40 ébauchés
1080 5595 50 29 en
1160 5588 88 36 1909
1273 5587 212 38 à'Villers.

724 5634 106 37 C'est
855 5633 131 38 l'aveu
1012 5634 24 37 à
1063 5635 37 36 la
1126 5633 111 38 suite
1262 5634 152 47 duquel
1443 5635 58 38 les
1528 5636 165 38 enfants

1776 359 44 27 se
1842 350 252 37 réunissent.
2117 364 18 19 «
2159 352 110 36 Nous
2293 352 145 36 avions
2461 353 233 37 convaincu
2717 361 75 28 no-

1777 397 63 35 tre
1870 397 111 36 mère
2012 397 49 36 de
2090 407 51 26 ne
2169 407 74 35 pas
2275 398 107 36 faire
2411 408 47 26 ce
2487 399 194 46 mariage,
2711 407 81 37 que

1775 452 105 27 nous
1918 444 286 36 considérions
2242 454 159 27 comme
2437 445 184 36 anormal
2660 458 31 30 »,
2729 444 63 37 dit

1776 490 189 37 l'accusé.
1988 503 18 18 «
2031 492 110 35 Nous
2163 491 193 37 voulions
2379 492 250 36 convaincre
2652 491 138 45 égale-

1776 537 113 35 ment
1914 537 119 36 notre
2059 537 111 37 frère
2197 538 105 42 aîné,
2329 539 104 36 mais
2461 539 29 35 il
2516 535 53 40 ne
2594 538 98 37 s'est
2715 546 75 37 pas

1776 583 133 36 rendu
1933 583 23 36 à
1978 584 119 35 notre
2122 585 284 36 convocation.
2429 599 18 18 »

1825 641 105 36 Mme
1960 641 158 39 Waché
2151 642 49 36 de
2231 643 82 36 Roo
2346 644 64 35 est
2440 642 268 41 convaincue,
2741 649 52 27 en

1777 688 84 43 effet
1861 688 42 43 ;
1942 698 83 26 une
2064 689 177 43 rupture
2282 690 227 36 intervient
2528 699 8 33 ;
2579 689 49 35 M.
2668 687 124 45 Hajos

1778 735 103 35 offre
1914 731 49 39 de
1997 735 159 45 quitter
2191 737 130 36 Paris.
2357 737 103 36 Mais
2496 737 105 34 Mme
2635 734 166 36 Waché'

1777 781 49 36 de
1857 781 81 36 Roo
1967 782 212 38 n'accepte
2207 792 75 29 pas
2313 793 46 26 ce
2389 783 202 37 sacrifice.
2619 782 51 35 Et
2697 781 94 39 plus

1759 819 120 51 !tard,
1912 829 57 35 les
1999 829 271 44 pourparlers
2301 831 127 45 ayant
2457 829 147 45 repris,
2636 828 37 36 le
2703 836 88 27 ma-

1758 876 133 44 riage
1913 875 72 37 eut
2008 876 84 36 lieu
2115 877 37 35 le
2172 878 23 34 9
2217 877 105 40 avril
2346 877 178 36 dernier.

1820 950 47 5 —
1886 934 200 37 Personne,
2108 933 141 33 hormis
2267 936 105 31 votre
2395 934 100 32 frère
2516 933 93 37 aîné,
2631 932 63 41 qui
2716 939 77 24 ser-

1773 974 52 31 vit
1858 974 44 31 de
1934 974 148 37 témoin,
2115 982 45 24 ne
2193 983 39 24 se
2264 977 115 34 douta.
2420 976 52 32 du
2504 973 176 40 mariage,
2725 980 68 33 pas

1774 1015 119 31 même
1916 1015 36 31 la
1976 1015 204 41 concierge,
2206 1017 165 31 constate
2394 1016 34 31 le
2453 1015 200 41 président.

1821 1068 30 34 Il
1878 1067 117 37 avait,
1995 1067 85 37 été
2104 1077 199 35 convenu,
2328 1078 51 27 en
2402 1068 108 42 effet,
2535 1077 81 35 que
2641 1067 36 36 le
2701 1076 88 26 ma-

1772 1114 115 45 riage
1910 1115 199 36 resterait
2131 1117 136 35 secret
2290 1116 41 36 et
2354 1125 80 35 que
2460 1116 49 34 M.
2533 1114 124 45 Hajos
2683 1113 106 36 s'ab-

1772 1161 203 36 senterait
1994 1161 49 36 de
2063 1162 118 37 Paris
2200 1172 107 36 pour
2326 1161 228 46 permettre
2576 1161 23 35 à
2619 1170 45 26 sa
2682 1170 107 26 nou-

1771 1208 107 35 velle
1915 1208 153 45 épouse
2105 1209 248 37 d'annoncer
2390 1209 38 36 le
2464 1208 184 45 mariage
2685 1207 24 36 à
2745 1216 45 28 sa

1772 1254 170 37 famille.

1816 1313 130 43 Enfin,
1977 1313 38 37 le
2043 1315 217 45 président
2289 1313 163 43 aborde,
2484 1313 102 36 dans
2617 1321 75 27 son
2724 1313 64 35 in-

1769 1359 290 46 terrogatoire,
2093 1362 38 36 la
2162 1361 174 45 journée
2369 1361 55 36 du
2458 1362 43 34 13
2534 1360 119 36 avril.
2686 1359 104 37 C'est

1772 1407 36 35 le
1838 1407 143 36 matin.
2013 1409 104 36 Mme
2147 1408 157 36 Waché
2334 1407 49 37 de
2415 1408 82 35 Roo
2527 1407 118 36 vient
2674 1406 114 36 d'an-

1769 1463 155 27 noncer
1952 1454 23 36 à
2001 1465 74 26 son
2101 1456 65 35 fils
2193 1455 149 45 qu'elle
2369 1454 64 37 est
2457 1453 157 38 mariée
2639 1453 149 47 depuis

1773 1500 35 36 le
1830 1502 167 43 samedi,
2019 1512 80 35 que
2120 1502 93 36 tout
2233 1502 63 36 est
2317 1502 86 35 fini.

1814 1558 35 35 A
1873 1569 46 26 ce
1944 1560 191 43 moment,
2161 1560 177 36 l'accusé
2364 1560 132 36 éclate
2520 1559 49 36 de
2594 1568 193 28 nouveau

1771 1615 51 26 en
1844 1608 183 43 sanglots
2057 1617 7 26 :
2090 1620 19 18 «
2132 1607 144 36 J'étais
2301 1607 262 35 absolument
2586 1607 202 45 suffoqué,

1771 1653 240 43 clame-t-il,
2033 1654 41 44 je
2094 1663 52 26 ne
2167 1654 163 36 voulais
2351 1663 75 35 pas
2450 1654 36 35 le
2509 1653 137 36 croire
2667 1653 7 36 !
2698 1667 18 19 »

1815 1712 111 39 Puis,
1947 1713 99 35 c'est
2079 1712 37 36 la
2148 1722 147 26 course
2328 1713 97 35 chez
2458 1722 45 26 sa
2536 1721 122 29 sœur,
2693 1712 23 35 à
2748 1712 39 36 la

1768 1759 162 43 mairie;
1966 1760 97 34 chez
2104 1760 52 34 Mc
2194 1759 156 42 Jardot,
2389 1769 74 26 son
2500 1759 142 42 avoué,
2679 1768 108 33 pour

1770 1806 117 35 avoir
1907 1802 359 40 la'confirmation
2289 1805 216 37 définitive
2529 1806 55 36 du
2607 1806 80 36 fait
2711 1816 76 26 au-

1768 1853 95 44 quel
1892 1853 28 34 il
1935 1854 64 34 :ne
2028 1851 107 38 croit
2153 1863 95 39 pas.
2273 1853 131 43 Enfin;
2433 1853 28 35 il
2491 1853 62 36 l'a.
2644 1866 26 20 '.

1885 1916 30 31 A
1943 1917 96 36 ,ce:-
2039 1917 146 36 moment,
2214 1917 162 36 reprend
2402 1917 34 33 le
2465 1917 200 36 président,
2683 1914 115 35 'vous'

1766 1957 117 35 n'êtes
1905 1966 67 26 pas
1998 1958 171 32 l'homme
2194 1953 111 37 affolé
2326 1959 62 33 qui
2412 1958 93 34 perd
2528 1959 36 31 la
2587 1956 73 34 tête
2684 1958 36 31 et
2742 1965 45 25 ne

1767 1994 70 35 sait
1865 2006 71 30 que
1965 1999 105 31 faire.
2099 2000 101 30 Vous
2230 2000 92 31 allez
2349 1999 106 32 dîner
2482 1997 305 40 tranquillement

1767 2046 142 24 avenue
1937 2039 45 32 'de
2008 2040 142 35 l'Aima,
2180 2040 108 41 après
2315 2036 105 45 quoi,'
2441 2040 21 31 à
2489 2040 19 32 9
2535 2040 36 32 h.
2600 2039 187 42 1/2,'vous

1766 2083 155 28 revenez
1934 2080 111 32 .chez.
2058 2082 104 30 votre
2188 2081 111 32 mère.
2370 2086 177 17 >■■■■■■<■■

1812 2139 50 35 Et
1896 2139 36 35 le
1965 2140 230 45 magistrat,
2230 2150 54 26 au
2317 2140 147 37 milieu
2499 2140 96 37 d'un
2630 2140 169 37 silence'

1766 2186 195 43 solennel,
1990 2186 182 45 ajoute':
2193 2189 36 50 ./
2321 2186 34 7 —

1810 2261 46 4 —
1878 2244 103 31 Nous
2005 2245 96 31 voici
2126 2245 21 31 à
2170 2245 36 32 la
2231 2244 169 35 dernière
2425 2245 120 39 scène,
2571 2246 21 31 à
2616 2245 36 32 la
2676 2246 109 32 scène

1765 2284 50 31 du
1846 2286 175 31 meurtre.
2050 2286 42 30 Je
2121 2293 94 24 vous
2245 2287 33 31 ai
2308 2287 153 31 conduit
2502 2294 67 32 par
2610 2287 53 32 la
2687 2287 97 32 main

1762 2325 213 40 jusque-là;
2000 2327 239 37 maintenant,
2260 2325 95 34 dites
2376 2328 185 31 comment
2580 2328 55 31 les
2655 2328 131 32 choses

1763 2373 40 24 se
1834 2366 83 32 sont
1947 2366 163 42 passées,
2141 2368 186 31 comment
2356 2375 95 25 vous
2493 2369 78 32 êtes
2602 2369 121 32 arrivé
2765 2368 31 33 à:

1762 2407 85 32 tuer
1871 2408 105 31 votre
2003 2408 100 31 mère
2140 2417 6 23 :
2178 2410 173 37 racontez
2374 2409 7 32 !

1811 2460 103 36 Mais
1944 2461 88 35 c'en
2059 2461 63 36 est-
2150 2461 107 46 trop.
2284 2462 74 45 ,Dep
2358 2462 90 45 'uis
2472 2463 201 45 quelques
2703 2464 80 34 mi-

1763 2507 122 36 nutes
1918 2507 103 46 déjà,
2057 2508 38 36 la
2124 2509 185 45 poitrine
2341 2510 49 36 de
2424 2510 177 36 l'accusé
2634 2510 150 37 halète.

1762 2554 34 35 A
1820 2555 109 35 cette
1955 2555 103 36 mise
2071 2565 65 26 en
2161 2556 206 43 demeure,
2395 2557 39 36 la
2457 2558 258 44 respiration
2741 2568 43 26 se

1761 2601 220 46 précipite,
2004 2603 57 35 les
2084 2603 148 44 poings
2255 2613 44 27 se
2320 2604 238 43 raidissent,
2583 2605 41 35 et
2644 2605 139 36 tandis

1763 2656 80 37 que
1869 2649 47 36 la-
1932 2650 102 36 salle
2056 2672 49 4 —
2127 2646 139 40 chose-
2277 2652 195 36 curieuse
2495 2674 49 3 —
2565 2652 112 36 reste
2705 2652 77 35 im-

1762 2696 193 46 passible,
1986 2697 177 37 l'accusé
2193 2698 131 36 s'abat
2352 2699 127 37 entre,
2499 2699 69 36 les.
2586 2699 97 36 bras
2712 2700 70 36 des

1762 2743 160 39 gardes.
1967 2744 250 36 L'audience
2265 2746 63 35 est
2375 2746 110 35 alors
2533 2746 256 40 suspendue,,

1762 2788 138 39 tandis
1924 2800 80 33 que
2028 2785 36 42 ié
2087 2792 190 36 médecin
2298 2792 50 37 de
2371 2793 173 36 service
2555 2793 134 37 donne
2702 2792 92 37 ides'

1763 2837 119 36 sains
1902 2837 23 37 à
1950 2838 189 37 l'accusé.
2169 2832 14 39 :.

1778 2886 7 13 '
1807 2893 65 39 Au
1887 2884 8 16 '
1906 2895 103 39 bout
2043 2895 97 38 d'un
2175 2897 126 46 quart
2334 2885 182 57 d'heure,
2550 2889 232 48 l'àudience

1763 2943 63 48 es;t
1846 2943 173 47 reprise.
2041 2945 51 35 M.
2110 2945 45 35 W
2167 2945 113 36 aché-.
2291 2944 50 38 de
2363 2946 82 36 Roo
2468 2947 154 37 semble
2643 2948 140 36 remis.

1763 2990 280 44 Néanmoins,
2060 3001 73 26 sur
2164 2992 135 38 l'offre
2333 3002 82 32 que
2450 2990 59 40 lui
2546 3004 51 26 en
2631 2995 80 36 fait
2746 2996 36 35 le

1762 3032 225 49 président,
2021 3038 28 35 il
2081 3040 171 44 accepte
2283 3039 87 42 que'
2394 3050 47 27 ce
2472 3041 168 37 dernier
2672 3043 121 42 fasse

1764 3084 227 41 lui-même.
2010 3085 37 39 le
2074 3086 108 38 récit
2209 3086 49 39 de
2287 3087 38 36 la
2352 3088 123 36 scène
2502 3088 204 38 dernière.
2733 3084 60 42 Et'

1762 3125 137 47 tandis
1931 3127 148 50 que'lé
2111 3133 220 46 magistrat
2360 3132 164 47 précise
2557 3136 235 44 lentement;

1762 3179 51 36 et
1813 3179 120 36 -avec
1964 3180 207 36 solennité
2204 3181 38 36 la
2273 3182 241 36 succession
2545 3183 70 37 des
2645 3185 137 40 gestes

1761 3224 108 38 faits
1880 3235 83 35 .par
1989 3226 177 40 l'accusé
2191 3237 108 33 pour
2324 3229 230 37 sortir-son
2579 3232 201 38 revolver,

1763 3269 107 44 tirer
1890 3273 55 39 et
1966 3274 162 39 abattre
2156 3284 46 26 sa
2231 3275 122 43 mère,
2384 3277 39 35 la
2452 3277 213 39 mâchoire
2694 3279 87 37 fra-

1762 3320 157 36 cassée;
1943 3320 50 36 -et
2041 3321 39 35 la
2127 3322 174 36 colonne
2347 3324 237 35 vertébrale
2631 3325 149 42 brisée,

1762 3368 50 35 M.
1842 3367 154 40 Gaston
2024 3367 158 38 Waché
2213 3366 52 44 de.
2292 3370 300 40 Roo'sanglote
2623 3372 23 37 à
2674 3383 106 27 nou-

1760 3423 118 27 veau.
2016 3413 19 6 "

1762 3580 122 72 La
1944 3580 374 94 Tempête

1962 3696 82 68 et
2082 3692 122 74 les
2238 3694 552 78 Inondations

1854 3844 60 37 Le
1935 3846 186 38 désastre
2148 3850 64 34 est
2236 3850 130 44 grand
2392 3850 102 37 dans
2519 3851 38 36 le
2584 3851 102 38 Midi

1815 3908 254 45 CHAMBÉRY,
2102 3912 47 35 19
2179 3911 231 39 décembre.
2438 3937 55 5 —
2519 3916 77 36 Les
2625 3917 156 38 marais

1761 3956 72 36 ont
1855 3956 180 38 débordé
2059 3967 73 27 sur
2154 3968 82 27 une
2258 3960 156 43 grande
2438 3961 178 38 étendue
2640 3963 55 37 du
2720 3964 62 36 lac

1756 4002 55 36 du
1834 4002 185 46 Bourget
2040 4004 167 45 jusqu'à
2229 4007 193 43 Vaglans.
2445 4008 77 37 Les
2546 4010 117 36 voies
2687 4010 90 37 fer-

1757 4049 91 36 rées
1875 4051 95 36 sont
1996 4052 210 37 envahies.

1814 4123 54 5 —
1893 4102 113 37 Dans
2036 4104 37 35 le
2102 4105 111 36 Gard
2242 4105 41 37 et
2312 4106 224 43 l'Ardèche,
2568 4108 215 36 l'Ardèche

1764 4148 40 36 et
1842 4149 36 36 le
1916 4149 142 37 Rhône
2108 4150 71 37 ont
2229 4152 180 38 débordé
2447 4154 23 36 à
2506 4164 205 28 nouveau.
2749 4157 34 35 A

1763 4195 159 46 Comps,
1961 4196 71 37 des
2068 4198 211 45 quartiers
2311 4200 76 35 ont
2420 4200 65 36 été
2521 4211 149 28 encore
2707 4213 74 26 en"-

1761 4242 121 36 vahis
1907 4253 77 31 par
2010 4244 58 35 les
2093 4254 118 26 eaux.
2236 4245 56 36 Le
2319 4246 186 37 désastre
2531 4248 63 36 est
2618 4258 57 26 un
2699 4260 83 31 peu

1761 4289 181 45 partout,
1976 4290 101 37 dans
2108 4291 37 37 le
2172 4302 115 35 pays,
2318 4293 94 46 plus
2443 4294 130 46 grand
2603 4305 80 36 que
2711 4296 68 45 ja-

1761 4340 118 32 mais.
2102 4355 6 4 •

2100 4397 80 36 Sur
2212 4408 74 26 nos
2321 4398 113 37 côtes

1809 4459 83 37 LES
1927 4460 418 45 SABLES-D'OLONNE,
2383 4465 46 34 19
2463 4464 229 38 décembre.
2726 4489 53 4 —

1757 4506 57 36 La
1835 4506 159 46 barque
2016 4507 50 36 de
2088 4508 129 44 pêche
2238 4509 368 45 Duguay-Trouin
2629 4521 22 26 a
2673 4513 103 35 cha-

1759 4553 89 39 viré
1877 4554 23 35 à
1930 4553 169 37 l'entrée
2128 4555 55 35 du
2213 4555 106 45 port.
2349 4556 78 39 Les
2457 4556 102 37 trois
2590 4558 186 37 hommes

1758 4600 48 36 de
1841 4599 232 46 l'équipage
2107 4601 71 36 ont
2213 4601 66 37 été
2311 4602 107 45 jetés
2454 4602 23 37 à
2512 4604 39 35 la
2584 4613 100 27 mer.
2720 4605 56 36 Le

1757 4646 171 36 matelot
1963 4647 182 43 Lomers,
2185 4648 86 44 âgé.
2294 4649 50 35 de
2380 4650 46 34 31
2466 4659 84 33 ans,
2589 4650 99 44 père
2725 4651 49 37 de

1756 4693 109 35 deux
1891 4693 177 43 enfants,
2097 4693 98 37 s'est
2220 4695 118 42 noyé.

1834 4798 264 76 Nouveaux,
2114 4800 156 68 essais
2292 4800 56 68 de
2372 4800 332 72 sous-marins

2004 4954 250 42 Heureux
2284 4952 255 45 résultats

1812 5079 190 43 TOULON,
2037 5081 65 34 19'.
2116 5080 229 37 décembre.
2375 5104 54 4 —-
2457 5082 79 36 Les
2568 5084 129 35 essais
2728 5093 53 26 au

1755 5126 119 44 point
1922 5127 79 35 fixe
2049 5127 55 36 du
2152 5129 263 35 sous-marin
2464 5129 316 38 Charles-Brun

1754 5172 216 37 viennent'
1988 5173 49 37 de
2072 5174 159 37 donner
2266 5175 264 38 d'excellents
2566 5178 211 36 --i,-ésultats.

1757 5219 60 35 On
1855 5220 195 45 envisage
2087 5221 95 45 déjà
2220 5222 48 36 la'
2293 5222 237 44 possibilité
2567 5221 222 45 d'adopter

1756 5265 334 38 définitivement
2125 5268 58 36 les
2218 5269 198 41 procédés
2441 5270 69 36 -de;
2537 5271 243 42 navigation

1754 5315 288 35 sous-marine
2065 5315 23 36 à
2112 5315 119 36 l'aide
2253 5316 49 36 -de
2326 5317 39 35 là
2384 5318 172 41 vape'ui-.
2579 5311 77 43 Ces'
2676 5328 99 33 pro-

1752 5360 118 35 cédés
1894 5361 93 36 sont
2010 5361 75 36 dus
2109 5361 23 37 à
2154 5362 248 45 l'ingénieur
2424 5365 165 35 Maur-in
2611 5366 41 35 et
2674 5375 99 26 con-

1756 5406 151 36 sistent
1939 5407 100 36 dans
2074 5408 180 46 l'emploi
2288 5410 71 36 des
2391 5411 248 37 chaudières
2672 5412 107 40 dites

1752 5453 362 44 récupératrices:
2156 5465 51 26 on
2247 5458 281 42 emmagasine
2542 5467 6 5 '
2567 5459 116 36 dans
2707 5467 81 33 ces.

1756 5499 248 37 chaudières
2037 5511 82 26 une
2150 5503 186 36 certaine
2370 5505 191 41 quantité
2593 5505 50 36 dé
2675 5506 101 37 cha-

1754 5545 90 36 leur
1865 5547 71 41 qui
1959 5547 63 36 est
2043 5549 163 36 ensuite
2229 5550 279 38 transformée
2531 5562 51 26 en
2602 5562 172 30 vapeur.-

1752 5592 75 36 Les
1857 5591 204 39 autorités
2104 5596 233 41 maritimes
2381 5598 94 38 sont
2516 5598 85 37 très
2644 5599 127 37 satis-

1752 5638 136 37 faites.
1914 5638 116 47 (Dép..
2055 5642 124 44 part,)

3204 400 34 34 •
3400 356 390 102 Lettres
3910 380 106 82 et
4132 362 244 108 Arts
4524 408 34 34 •
4706 370 144 102 La
4948 372 498 106 Curiosité
5608 426 34 34 •

2936 542 70 74 Le
3042 542 262 78 Ministre
3340 546 176 76 laisse
3554 550 230 90 espérer

2848 654 58 76 la
2932 656 158 76 croix
3118 676 146 76 pour
3290 664 64 72 M.
3384 662 290 76 Saint-Pol
3704 664 160 74 Roux

3088 782 80 56 LE
3220 786 400 60 MAGNIFIQUE

2909 911 323 56 Impressions
3281 920 62 45 de
3392 921 208 46 l'auteur
3648 923 61 45 de
3762 923 45 45 la

2910 972 23 16 "
2953 974 159 51 Dame
3138 983 26 43 à
3190 983 45 45 la
3263 984 153 45 Faulx
3501 1013 37 8 —
3568 987 68 46 Le
3664 988 143 52 poète

2908 1054 60 31 en
2985 1042 254 57 Bretagne.
3258 1075 37 8 --
3317 1050 68 44 La
3399 1051 79 45 vie
3491 1051 115 45 d'un
3622 1053 183 44 artiste.

2903 1163 51 34 M.
2987 1165 318 46 Maurice-Faure,
3337 1173 168 36 ministre
3535 1175 45 36 de
3611 1176 252 35 l'Instruction

2848 1209 181 43 publique,
3055 1224 21 23 a
3101 1225 95 32 reçu,
3223 1218 209 36 avant-hier
3457 1221 85 37 soir,
3566 1222 29 34 à'
3612 1222 83 38 cinq
3719 1223 143 37 heures,

2852 1266 44 23 en
2920 1267 67 24 son
3012 1259 152 43 cabinet,
3191 1263 96 36 MM.
3315 1265 91 35 Paul
3432 1264 100 38 Fort,
3558 1267 41 35 G.
3625 1268 239 34 Apollinaire,

2848 1301 44 34 A.
2918 1302 217 39 Mercereau
3158 1314 35 29 et
3215 1311 167 35 l'éditeur
3406 1310 180 38 Figuière,
3609 1314 61 35 qui
3693 1315 169 31 venaient

2848 1347 51 34 lui
2931 1350 189 40 présenter
3151 1354 36 35 la
3217 1357 154 40 pétition
3403 1357 124 40 signée
3555 1371 69 26 par
3656 1360 109 35 l'élite
3797 1361 65 35 des

2849 1396 148 34 artistes
3036 1403 306 38 contemporains,
3381 1416 24 25 y
3442 1406 158 35 compris
3638 1406 225 35 l'Académie

2849 1445 35 28 et
2918 1440 10 34 1
2944 1442 166 46 'Institut,
3138 1457 93 31 pour
3264 1461 70 27 que
3367 1450 35 34 la
3436 1451 105 34 croix
3575 1452 44 34 de
3653 1453 34 34 la
3722 1453 139 35 Légion

2848 1487 204 36 d'honneur
3076 1491 58 36 fût
3155 1495 174 35 conférée
3351 1496 22 34 à
3395 1497 51 33 M.
3471 1496 192 37 Saint-Pol
3687 1499 121 35 Roux.

2901 1533 51 39 Le
2981 1536 167 37 ministre
3178 1540 84 36 s'est
3290 1543 144 34 montré
3463 1543 108 36 d'une
3599 1544 262 37 bienveillance

2989 2452 94 29 Phot.
3108 2454 142 34 Capelle.

2867 2505 50 34 M.
2949 2507 207 37 .SAINT-POL
3185 2513 111 41 ROUX

3376 1589 166 35 extrême
3567 1596 35 28 et
3627 1602 21 22 a
3675 1591 187 36 formelle-

3375 1641 100 28 ment
3500 1636 139 41 promis
3666 1649 74 22 aux
3766 1638 96 35 délé-

3374 1681 89 41 gués
3490 1693 69 30 que
3587 1683 69 34 M."
3668 1683 195 37 Saift't-Pôl

3375 1727 112 35 Roux
3511 1728 51 42 (la
3584 1730 211 41 promotion
3818 1731 45 35 dcl

3374 1773 146 41 janvier
3543 1775 101 35 étant
3668 1776 113 41 close)
3808 1786 54 26 se^

3376 1820 70 33 rait
3478 1820 128 35 inscrit
3638 1829 62 27 en,
3714 1823 73 34 tête
3818 1823 45 39 de

3376 1866 89 34 celle
3487 1866 45 35 de
3555 1867 129 41 juillet.

3430 1912 105 35 Nous
3573 1924 93 24 nous
3704 1915 158 36 sommer

3376 1958 117 35 rendu
3528 1959 87 35 chez
3650 1961 33 34 le
3717 1960 145 38 drama4

3375 2010 108 36 turge
3527 2007 223 42 magnifique
3794 2003 78 47 qué,

3375 2062 94 24 nous
3497 2063 114 24 avons
3640 2065 45 23 eu
3713 2054 33 34 le
3773 2055 90 34 bon-

3376 2097 91 34 heur
3496 2098 45 35 de
3572 2107 214 29 rencontrer
3816 2110 46 27 au

3376 2150 163 29 moment
3560 2145 57 42 où,
3639 2147 45 34 de
3704 2159 40 23 sa
3764 2149 98 34 main

3374 2190 198 43 précieuse,
3598 2193 25 34 il
3648 2195 144 34 mettait
3816 2207 46 23 au

3377 2240 62 31 net
3465 2237 35 35 le
3526 2241 202 39 manusçrit
3755 2242 46 35 de
3830 2243 33 34 la

3374 2283 119 35 Dame
3527 2285 21 33 à
3581 2286 34 34 la
3647 2285 122 37 PauLv
3801 2289 59 40 qui

3375 2328 88 42 doit,
3507 2342 142 25 comme
3691 2346 47 22 on
3782 2334 79 42 sait;

3375 2375 77 35 être
3480 2377 231 41 représentée
3738 2392 62 23 sur
3828 2382 34 34 la

3376 2422 106 35 scène
3517 2423 50 35 du
3603 2422 160 39 Théâtre
3798 2428 63 37 des

3369 2468 101 41 Arts,
3511 2470 106 42 après
3658 2472 104 44 avoir
3802 2475 56 39 été

3370 2515 147 36 refusée
3548 2517 21 35 à
3599 2518 35 34 la
3667 2518 191 38 Comédie-

3372 2560 203 44 Française.

2896 2608 70 24 dur
3007 2610 40 23 sa
3087 2608 106 35 table,
3235 2608 64 32 des
3337 2609 235 36 manuscrits,
3614 2610 74 35 des
3720 2612 136 33 lettres;

2846 2643 64 34 des
2931 2656 113 31 pipes,
3069 2647 63 35 des
3156 2650 211 43 brochures,
3391 2660 45 33 et,
3461 2655 173 38 derrière,
3660 2659 51 33 M.
3740 2658 120 35 Saint-

2848 2691 66 33 Pol
2935 2694 112 33 Roux
3068 2695 198 44 lui-même,
3288 2710 46 24 au
3354 2700 102 35 doux
3476 2702 125 37 visage
3623 2704 237 37 apostolique,

2847 2748 45 23 au
2914 2745 102 34 geste
3038 2740 125 37 choisi.

2893 2798 38 44 -
2931 2798 77 44 Je
3029 2799 75 35 suis
3125 2813 48 22 on
3192 2814 47 23 ne
3258 2809 87 37 peut
3364 2806 81 41 plus
3468 2809 144 38 confus,
3634 2821 93 25 nous
3749 2810 108 37 dit-il,

2843 2846 44 29 de
2913 2846 35 30 la
2973 2848 110 31 bonté
3109 2858 69 31 que
3203 2852 37 38 'je
3266 2862 82 24 sens
3375 2858 134 30 autour
3535 2854 45 35 de
3605 2856 85 34 moi.
3719 2857 58 35 On
3803 2863 55 29 est

2844 2896 181 29 vraiment
3050 2897 83 38 trop
3148 2896 126 40 igentil
3301 2909 100 30 pour,
3417 2899 45 36 le'
3479 2901 101 40 petit-
3594 2901 106 40 poète
3727 2914 69 27 que
3822 2904 37 37 je

2843 2945 74 24 suis
2937 2941 45 35 et,
3002 2940 128 40 même,
3153 2940 37 40 je
3209 2945 252 38 repousserais
3481 2958 60 23 ces
3561 2947 215 36 hommages
3797 2950 61 33 qui

2844 2992 56 23 me
2928 2982 174 37 viennent
3130 2986 45 35 de
3203 2993 122 31 toutes
3344 2997 120 32 parts;
3495 2992 29 35 si
3553 2993 38 36 je
3619 3005 46 24 ne
3693 2995 165 34 devinais

2842 3037 47 31 qu
2903 3027 43 35 ils
2968 3040 16 23 s
2998 3030 193 37 adressent
3210 3034 82 35 bien
3314 3036 119 36 moins
3454 3038 22 34 à
3495 3050 60 23 ma
3575 3052 182 22 personne
3778 3043 81 33 qu'à

2843 3085 38 22 ce
2908 3085 69 30 que
3003 3075 37 42 je
3065 3077 82 43 'puis
3174 3081 232 42 représenter
3431 3083 46 36 de
3502 3091 117 30 :notre:
3637 3084 95 38 idéal
3759 3100 98 23 com-

2841 3130 88 24 mun
2953 3122 113 38 !..
3085 3137 6 4 -

2896 3189 19 22 »
2948 3178 81 42 J'en
3066 3181 75 36 suis
3178 3183 166 38 d'autant
3380 3187 81 40 plus
3498 3189 80 36 fier,
3601 3201 79 29 que,
3718 3203 140 25 somme

2842 3229 113 37 tout*,
2980 3238 58 27 .on
3062 3239 59 26 .ne:
3152 3241 76 25 trie,
3244 3232 77 35 voit
3350 3233 139 41 jamais
3501 3236 7 33 i
3524 3235 47 37 ici
3583 3236 7 34 !
3627 3237 80 36 Ma,
3726 3238 58 35 vie
3820 3251 46 23 se

2841 3280 107 31 passe
2968 3275 243 35 tout.entière
3233 3289 43 22 en
3300 3279 194 39 Bretagne,
3517 3293 89 24 avec
3627 3295 60 23 ma
3711 3284 147 37 femme,

2843 3329 97 26 avec:
2963 3330 77 24 mes
3064 3320 78 41 iils,
3166 3334 99 25 -avec
3290 3325 86 34 'mes
3399 3327 123 35 ,amis..
3536 3327 53 36 lès
3623 3330 149 34 marins,
3806 3332 52 31 les

2843 3362 165 38 humbles
3030 3377 76 30 que:
3121 3368 129 39 j'aime,
3267 3373 36 32 et
3323 3372 61 40 qui
3405 3373 191 36 m'aiment
3610 3376 114 35 aussi.
3749 3376 109 37 Com-

2842 3416 100 28 ment
2962 3423 38 23 se
3021 3413 114 35 fait-il
3153 3415 96 35 donc
3270 3417 107 42 qu'on
3395 3431 140 29 prenne
3553 3423 199 34 tant-sotici
3773 3424 85 34 d'un

2841 3467 232 34 personnage
3109 3461 60 41 qui
3206 3467 54 29 est
3296 3463 30 34 si
3362 3465 165 40 lointain,
3554 3468 70 37 ,qui
3659 3469 54 35 vit
3748 3470 31 34 si
3815 3482 43 23 en

2842 3503 135 36 dehors
3000 3505 46 37 de
3067 3506 35 35 la
3124 3509 191 40 poussière
3335 3511 210 42 parisienne
3566 3514 15 34 ?

2890 3573 25 22 »
2938 3560 148 39 Est-ce
3103 3576 79 31 que,
3208 3571 82 31 tout
3316 3568 46 35 de
3388 3570 128 38 même,
3543 3571 25 34 il
3594 3583 23 28 y
3642 3574 121 34 aurait
3789 3586 71 24 une

2843 3613 104 29 autre
2977 3610 174 41 présence
3182 3624 69 31 que
3282 3614 36 35 la
3348 3616 175 41 présence
3554 3619 110 35 réelle
3685 3620 14 33 ?
3732 3618 130 38 Est-ce

2842 3661 85 34 qùe;
2946 3661 67 36 par
3038 3657 34 34 le
3097 3659 77 34 seul
3202 3660 88 35 effet
3315 3661 44 34 de
3384 3663 36 33 la
3444 3665 142 36 pensée,
3613 3665 52 33 les,
3692 3666 170 36 hommes,

2843 3701 159 38 seraient
3031 3704 88 41 plus
3150 3705 167 42 présents
3347 3708 58 35 -les
3440 3720 69 24 uns
3531 3715 89 33 faux
3654 3718 135 30 'autres,
3824 3719 35 29 et

2841 3758 46 33 au
2910 3747 82 36 delà
3014 3750 118 35 même
3155 3751 64 40 des
3242 3753 135 36 limites
3401 3755 44 35 de
3464 3756 103 38 .leurs
3589 3757 100 37 vies,,
3701 3771 69 23 que
3792 3772 66 22 par

2842 3793 120 36 l'effet1
2992 3795 46 35 de
3056 3796 108 38 leur:
3164 3796 126 38 chair
3325 3801 154 41 mortelle
3479 3801 34 41 ?
3513 3801 86 41 .Je
3635 3804 34 35 le
3705 3805 154 35 croirais

2839 3841 212 37 volontiers.
3101 3843 58 26 ---''
3247 3852 6 16 ;
3285 3865 14 6 -
3334 3862 17 16 .■
3384 3862 30 7 —
3447 3866 6 5 -

2891 3899 84 36 Une
3015 3901 135 43 longue
3191 3903 276 44 fréquentation
3506 3907 45 36 de
3590 3908 162 39 l'Océan,
3793 3910 64 36 des

2839 3945 129 43 forêts,
2995 3948 45 35 de
3066 3949 35 34 la
3127 3950 159 36 solitude
3312 3957 64 29 ont
3402 3954 184 40 peut-être
3614 3955 70 35 fait
3710 3956 46 35 de
3782 3957 74 35 moi

2839 4004 49 23 un
2912 3993 199 44 interprète
3134 3996 104 42 point
3261 4003 83 38 trop
3369 3999 149 42 indigne
3542 4006 46 35 et,
3613 4014 45 23 en
3681 4007 81 33 tout
3786 4014 71 27 cas,

2836 4040 280 43 pasionnément
3136 4043 140 36 sincère
3296 4045 45 34 de
3361 4046 35 34 la
3417 4047 148 36 Beauté.

2893 4099 19 23 »
2946 4088 53 38 La
3021 4089 138 35 Beauté
3183 4090 8 35 !
3213 4088 81 39 Elle
3313 4092 151 43 change,
3486 4105 48 23 ou
3554 4094 50 35 du
3624 4095 120 35 moins
3763 4108 94 23 nous

2838 4134 36 35 la
2896 4146 142 30 voyons
3063 4136 170 42 changer,
3259 4138 147 35 suivant
3429 4151 67 23 nos
3520 4152 108 29 yeux,
3652 4142 204 40 peut-être!

2840 4181 117 41 Nous,
2983 4194 44 22 en
3065 4183 184 37 dressons,
3276 4185 72 37 des.
3376 4186 195 41 portrait&-.
3586 4187 197 41 différents
3809 4195 73 28 .et-

2837 4234 107 29 notre
2969 4240 130 24 amour
3122 4241 94 31 pour
3243 4232 68 35 elle
3337 4231 197 44 s'exprime
3560 4245 44 23 en
3630 4233 122 37 divers
3778 4235 78 35 lan-

2837 4286 122 31 gages.

2849 4348 15 3 -
2895 4334 18 21 »
2952 4322 250 42 L'originalité
3229 4324 120 35 réside
3375 4326 81 41 plus
3485 4326 91 34 dans
3604 4327 36 34 la
3666 4327 191 35 tendresse

2841 4380 68 29 que
2929 4369 92 35 dans
3041 4370 252 42 l'expression,
3315 4377 35 28 et
3369 4372 52 34 les
3440 4378 200 30 novateurs
3660 4379 84 28 sont
3764 4385 93 24 ceux

2840 4415 90 35 dont
2955 4416 35 33 la
3013 4416 191 36 tendresse
3228 4423 55 29 est
3307 4418 197 42 profonde.
3529 4418 111 36 Voilà
3663 4424 91 30 tout.

2895 4486 18 21 »
2951 4473 38 37 Si
3013 4474 74 35 l'on
3110 4480 86 30 veut
3219 4475 84 37 bien
3325 4488 59 22 me
3407 4476 212 35 considérer
3642 4489 143 23 comme
3808 4489 48 24 un

2842 4520 42 34 je
2913 4531 95 23 ceux
3037 4520 61 41 qui
3127 4526 65 29 ont
3220 4521 93 35 aimé
3343 4523 34 33 la
3407 4523 148 40 Beauté,
3585 4523 38 41 je
3652 4524 75 34 suis
3756 4524 99 43 payé.

2863 4566 45 34 'ai
2936 4566 70 35 mis
3034 4567 92 34 dans
3154 4573 57 29 cet
3239 4568 248 35 attachement
3514 4574 103 29 toute
3645 4580 87 24 mon
3759 4570 97 36 exis-

2840 4618 104 30 tence
2966 4618 45 36 et,
3035 4613 30 34 si
3087 4613 72 35 l'on
3182 4626 58 22 me
3262 4614 141 41 décore,
3425 4627 48 21 on
3495 4615 186 40 décorera,
3704 4628 45 22 en
3771 4616 85 39 moi,

2842 4670 90 23 nous
2952 4664 84 30 tous
3057 4659 61 41 qui
3139 4660 256 38 communions
3415 4660 92 37 dans
3528 4673 39 23 ce
3588 4662 154 34 sublime
3762 4667 93 29 atta-

2841 4705 177 35 chement.
3048 4706 43 40 Je
3120 4705 104 35 tiens-
3242 4706 22 34 à
3292 4706 80 35 dire
3400 4717 69 31 que
3498 4707 36 41 je
3563 4708 184 42 n'accepte
3775 4713 80 29 tout

2846 4762 32 23 ;e
2908 4751 109 42 qu'on
3049 4751 85 35 fait.
3146 4763 94 32 pour
3269 4752 81 34 moi.
3373 4764 70 30 que
3471 4757 143 30 comme
3644 4765 70 23 une
3744 4754 110 41 façon

2839 4797 45 35 de
2915 4810 22 25 «,
2961 4798 169 34 marcher
3157 4810 19 25 ï>
3206 4809 94 31 pour
3324 4804 107 29 notre
3458 4810 118 23 cause.
3602 4800 45 41 Je
3673 4800 76 35 suis
3775 4800 80 42 prêt

2839 4843 21 35 à
2881 4843 96 34 faire
2999 4849 80 29 tout
3101 4856 40 22 ce
3163 4844 108 41 qu'on
3294 4845 152 40 voudra,
3469 4850 79 29 tant
3570 4845 108 41 qu'on
3701 4845 153 42 voudra,

2837 4901 145 31 pourvu
3005 4901 69 30 que
3098 4890 35 35 la
3157 4890 246 42 signification
3427 4902 44 23 en
3497 4891 70 34 soit
3591 4891 110 34 haute
3726 4896 35 29 et
3785 4903 69 30 que

2839 4948 39 22 ce
2911 4936 72 34 soit
3014 4935 173 43 toujours
3219 4935 98 36 l'Art
3348 4936 61 42 qui
3442 4948 45 23 en
3519 4936 72 36 soit
3622 4938 36 34 la
3689 4937 51 35 fin
3771 4938 82 35 der-

2838 4982 100 35 nière
2963 4982 49 34 !»
3342 5004 7 24 ;

2890 5034 107 35 Ainsi
3045 5034 103 42 parla
3197 5034 51 35 M.
3301 5033 193 38 Saint-Pol
3542 5035 121 42 Roux,
3711 5040 45 30 et'
3794 5047 59 25 ces

2837 5081 514 42 paroles.méritaient.d'être
3376 5081 204 43 rapportées
3580 5081 56 43 !
3728 5111 6 3 .

2830 5189 89 67 La
2959 5190 215 61 Société
3213 5188 93 63 des
3348 5189 150 61 Gens
3539 5190 69 61 de
3649 5189 205 63 Lettres

2875 5310 214 37 nomme
3110 5283 68 62 de
3199 5308 277 37 nouveaux
3495 5284 317 61 Sociétaires

2886 5416 52 37 Le
2968 5416 136 37 comité
3136 5417 63 41 de;
3211 5417 39 35 la
3276 5416 154 36 -Société
3460 5417 65 35 des
3557 5416 101 37 Gens
3689 5417 46 36 de
3764 5417 87 36 Let-

2832 5466 102 42 -tires,
2947 5475 90 25 sous
3048 5463 300 45 Ta'"présidence
3360 5456 20 43 .
3380 5456 40 43 dé
3445 5463 52 35 M.
3526 5463 173 43 Doumic,
3727 5476 23 23 a
3775 5466 76 33 sta-

2833 5509 63 37 tué
2927 5509 95 44 hier,
3054 5522 67 25 sur
3152 5509 236 37 l'admission
3421 5510 46 36 de
3499 5521 202 25 nouveaux
3734 5510 116 37 socié-

2831 5556 140 41 taire.s.
3792 5566 6 10 ,

2882 5602 78 37 Ont
2988 5602 58 38 été
3074 5602 124 39 admis
3235 5614 8 24 :
3274 5601 98 37 MM.
3402 5602 186 37 Alcanter
3616 5603 46 36 de
3690 5603 157 45 Brahrn,

2832 5648 166 40 Chancel
3021 5661 9 31 ;
3052 5565 7 5 >
3061 5648 92 38 Mlle
3180 5649 142 36 Debrol
3345 5648 38 44 ;
3383 5648 98 44 MM.
3510 5648 133 39 André
3671 5649 176 45 Hallays,

3919 545 38 37 J.
3982 547 178 45 Jacquin,
4186 550 144 38 colonel
4354 552 181 43 Lenfant,
4560 554 147 38 Aubier
4728 567 11 28 ;
4764 555 94 40 Mlle
4879 555 50 40 V.

3919 594 220 44 Boulanger
4171 598 37 34 et
4239 596 53 37 M.
4326 597 131 40 Pierre
4489 600 189 38 Courtois.

3968 639 52 36 Le
4040 640 134 37 comité
4192 641 88 37 s'est
4299 644 146 37 ensuite
4464 649 200 35 entretenu
4682 646 45 37 de
4745 648 39 36 la
4801 648 130 38 repré-

3920 685 191 36 sentation
4143 688 45 35 de
4219 688 37 36 la
4290 688 147 39 Société
4469 704 45 24 en
4546 693 224 39 Argentine.
4802 694 129 39 Après

3916 731 157 44 quoi,.-il
4086 732 89 37 s'est
4194 733 162 45 ajourné
4375 749 50 24 au
4443 738 46 36 16
4509 738 163 45 janvier.

3942 822 89 70 Les
4064 823 212 71 Grandes
4309 828 318 72 Associations
4658 832 56 68 de
4740 833 168 68 Presse

3968 953 53 36 Le
4054 956 90 44 gala
4175 958 305 44 d'aujourd'hui
4513 973 92 26 sera
4636 973 80 26 une
4749 965 132 35 mani-

3965 1000 198 38 festation
4193 1005 202 37 éclatante
4425 1009 47 35 de
4500 1010 284 41 l'importance
4813 1012 70 35 des

4161 1050 283 40 Associations
4464 1056 47 35 de
4533 1058 155 35 Presse.

3971 1112 108 38 Nous
4110 1116 123 37 allons
4262 1118 84 37 voir
4377 1119 23 37 à
4429 1121 39 36 la
4497 1122 120 42 scène,
4648 1124 87 33 chez
4768 1123 161 42 Gémier,

3920 1171 52 26 uu
3991 1164 83 41 acte
4094 1181 47 5 —
4158 1164 50 35 ah
4235 1164 8 35 !
4264 1177 48 24 on
4332 1177 96 26 nous
4447 1167 141 39 distille
4606 1170 35 37 le
4659 1170 273 38 chef-d'œuvre

3994 1206 66 37 des
4088 1209 279 46 Polichinelles,
4397 1212 46 37 de
4472 1214 160 43 Becque.
4663 1216 51 37 Et
4743 1228 97 25 nous
4868 1217 62 37 de-

3918 1263 116 26 vrons
4065 1265 47 25 en
4143 1256 138 37 rendre
4311 1257 132 43 grâces
4474 1259 23 37 à
4527 1261 98 37 deux
4656 1263 78 37 très
4765 1263 165 37 grandes

3919 1299 249 38 associations
4189 1302 47 36 de
4258 1315 130 26 presse
4411 1318 8 23 :
4444 1306 268 39 l'Association
4734 1309 196 37 syndicale

3917 1345 323 43 professionnelle
4260 1350 65 36 des
4344 1350 250 44 journalistes
4612 1355 261 39 républicains
4893 1360 36 34 et

3916 1392 14 34 l
3943 1392 243 38 Association
4209 1396 65 37 des
4294 1397 251 44 journalistes
4565 1401 200 44 parisiens.

3969 1438 50 37 Ce
4037 1440 165 44 premier
4221 1445 82 34 acte
4321 1444 65 36 des
4402 1447 277 39 Polichinelles,
4697 1453 36 33 et
4751 1452 37 34 la
4804 1451 125 35 Faute

3918 1485 90 37 d'un
4030 1493 121 39 autre,
4174 1487 46 37 de
4242 1488 53 38 M.
4319 1490 100 37 Jean
4442 1491 186 41 Destrem,
4651 1496 278 31 constitueront

3916 1530 38 36 la
3978 1532 89 45 plus
4091 1533 237 46 importante
4353 1538 127 42 partie
4504 1539 46 37 de
4574 1540 37 36 la
4634 1542 164 38 matinée
4823 1543 105 37 d'au-

3916 1579 198 42 jourd'hui
4149 1592 50 25 au
4231 1583 118 43 profit
4382 1584 65 37 des
4479 1597 163 29 secours,
4676 1589 182 38 pensions
4892 1593 37 34 et

3916 1626 177 39 retraites
4119 1627 46 36 dé
4191 1639 59 27 ces
4276 1629 97 37 dites
4399 1632 260 39 associations.

3966 1670 53 37 M.
4045 1672 197 47 Fallières,
4268 1675 53 36 M.
4346 1676 176 39 Antonin
4546 1679 160 41 Dubost,
4732 1682 53 37 M.
4811 1683 118 37 Adol-

3917 1718 75 42 phe
4009 1719 186 46 '.Brisson,
4212 1721 71 40 :M;
4308 1723 163 46 .Briand,
4482 1718 7 51 _
4504 1726 191 43 plusieurs
4724 1730 204 39 ministres,

3904 1767 81 47 'M.^
4003 1767 52 34 de-
4080 1767 199 37 Selves-et
4305 1769 57 37 M.
4396 1770 146 44 Lépine
4572 1777 67 32 ont
4670 1776 146 38 promis
4847 1778 82 36 leur

3917 1813 181 41 présence
4125 1813 23 36 -.à
4175 1826 40 24 ce
4241 1816 100 44 gala.
4368 1813 56 40 La
4450 1818 160 42 Banque
4636 1820 46 38 de
4709 1821 159 39 France,
4895 1825 36 35 le

3919 1859 131 35 Crédit
4075 1859 175 46 Foncier,
4277 1862 35 37 le
4339 1863 131 37 Crédit
4496 1865 207 40 Lyonnais,
4730 1869 47 36 le.
4791 1870 138 36 Comp-

3916 1905 77 34 .toié
4019 1905 257 47 d'Escompte,
4304 1909 38 35 la
4371 1910 147 38 Société
4547 1912 196 40 Générale,
4770 1916 34 36 le
4832 1917 97 35 Syn-

3918 1951 102 36 dieat
4035 1952 64 36 des
4126 1953 150 45 Agents
4291 1956 46 36 de
4351 1956 156 43 change,
4532 1958 98 38 MM.
4646 1961 47 36 de
4707 1962 224 36 Rothschild

3917 1999 36 33 et
3984 1997 126 37 divers
4140 2003 128 33 autres
4299 2001 301 43 établissements
4630 2006 203 38 financiers
4864 2013 66 33 ont

3917 2045 103 43 tenu,
4045 2057 72 25 eux
4143 2047 113 44 aussi,
4283 2047 22 36 à
4329 2050 213 41 participer
4566 2052 144 38 à,cette
4731 2056 199 35 représen-

3917 2090 124 39 tation
4065 2092 47 36 de
4133 2093 265 39 bienfaisance
4421 2109 47 24 en
4491 2103 203 35 envoyant,
4705 2101 83 37 leur
4811 2103 118 35 obole,

3916 2137 82 35 leur
4021 2138 108 38 obole
4150 2140 118 37 d'or...

3970 2189 100 37 C'est
4107 2202 71 34 que
4214 2205 78 32 peu
4328 2194 288 40 d'associations
4653 2199 124 38 d'aide
4813 2204 36 34 et
4886 2203 46 37 de

3917 2246 163 36 secours^
4121 2239 164 36 mutuels
4334 2240 270 40 fonctionnent
4654 2253 91 29 avec
4796 2251 135 31 autant

3918 2281 175 47 d'utilité,
4114 2284 46 36 de
4177 2285 378 43 bienveillance,'que
4574 2291 54 36 les
4647 2294 165 34 grandes
4832 2307 101 21 asso-

3918 2327 161 37 ciations
4116 2331 46 35 de
4198 2343 141 32 presse.
4380 2334 117 42 Cinq
4515 2339 86 33 sont
4638 2338 151 38 réunies
4826 2345 105 31 entre

3919 2374 89 37 elles
4055 2387 74 32 par
4176 2390 53 23 un
4272 2382 140 33 -cémrte
4459 2382 155 40 général
4656 2397 78 25 que
4764 2387 174 35 préside

3916 2421 53 35 M.
3993 2422 99 35 Jean
4104 2421 167 48 Dupuy,
4293 2426 135 36 comité
4449 2428 139 39 chargé
4610 2431 45 36 de
4675 2435 259 34 sauvegarder

3917 2468 53 35 les
3998 2467 159 38 intérêts
4186 2470 194 45 généraux
4409 2471 314 46 professionnels,
4754 2479 179 38 d'exami-

3917 2526 68 24 ner
4021 2515 63 36 Jes
4131 2517 203 37 demandes
4381 2522 335 45 extraordinaires,
4764 2529 68 34 etc.

3966 2567 101 36 Leur
4093 2568 66 40 but
4182 2567 23 36 à
4228 2572 125 36 toutes
4378 2574 56 34 est
4458 2572 34 37 le
4515 2573 120 36 même
4666 2588 9 21 :
4700 2576 170 36 faciliter
4893 2580 38 33 la

3915 2611 110 38 tâche
4056 2612 65 38 des
4152 2616 262 38 membres-de
4445 2619 283 44 l'Association,
4760 2624 82 37 leur
4873 2639 58 22 as-

3916 2670 109 25 surer
4056 2672 74 24 une
4162 2662 161 42 pension
4356 2664 46 36 de
4432 2666 170 40 retraite,
4633 2668 83 37 leur
4745 2671 109 35 venir
4885 2685 46 20 en

3918 2704 87 38 aide
4029 2717 48 26 en
4103 2718 64 24 cas
4193 2707 238 46 d'urgence:..
4458 2711 52 36 Et
4536 2713 125 40 puis...
4686 2716 84 36 leur
4796 2730 137 25 procu-

3919 2761 73 34 rer,
4024 2754 129 42 quand
4185 2754 80 36 cela
4295 2767 39 24 se
4364 2760 106 39 peut,
4501 2759 54 36 les
4586 2761 141 39 petites
4755 2764 178 36 .satisfac-

3916 2800 101 34 tions
4044 2799 51 36 du
4120 2799 145 38 métier.

4072 2908 95 37 LES
4192 2910 221 39 PETITES
4438 2914 338 44 EXPOSITIONS

3946 3010 62 70 Le
4044 3014 186 88 peintre
4266 3020 226 82 espagnol
4534 3020 368 82 Vaspez-Diaz

3969 3175 71 39 Les
4077 3177 160 42 peintres
4275 3183 194 40 espagnols
4507 3184 53 35 les
4596 3186 82 37 plus
4715 3192 212 33 personnels

3917 3228 83 29 sont
4015 3224 288 40 "généralement
4334 3229 81 40 plus
4449 3231 132 39 goûtés'
4611 3245 44 22 en
4688 3232 140 38 France
4861 3248 68 22 que

3917 3269 90 35 dans
4028 3272 86 33 leur
4127 3283 88 31 pays
4237 3273 48 34 où
4306 3274 33 34 le
4358 3276 120 40 public
4500 3278 135 35 semble
4657 3280 114 35 aimer
4793 3282 135 36 davan-

3917 3321 82 36 tage
4020 3317 34 33 la
4074 3318 167 45 peinture
4262 3320 212 43 épisodique
4496 3329 35 28 et
4551 3326 249 38 anecdotique.
4824 3329 105 35 Ainsi

3920 3363 52 34 les
3999 3363 175 43 Zuloaga,
4200 3368 52 32 les
4280 3367 180 43 Anglada,
4486 3370 52 34 les
4565 3371 166 39 Rusinol,'
4756 3374 52 35 les
4840 3376 93 34 Itur-

3917 3409 80 35 r'iiio
4034 3416 34 28 et
4103 3412 95 39 bien,
4220 3413 160 36 d'autres
4417 3417 127 34 ont-ils
4580 3419 87 34 chez
4701 3431 93 23 nous
4831 3422 97 34 leurs

3920 3456 246 37 admirateurs
4193 3459 158 43 les'plus
4380 3461 169 37 sincères.
4578 3464 51 37 Le
4656 3465 110 37 jeune
4792 3468 141 34 peintre

3918 3501 131 40 D.aniel
4072 3505 284 42 Vasquez-Diaz
4376 3508 73 34 suit
4470 3509 35 34 la
4526 3510 176 36 tradition
4719 3510 56 36 de'
4790 3524 57 24 ses
4868 3514 61 35 de-

3918 3550 185 42 vanciers.;
4135 3552 138 42 chaque
4302 3555 119 33 année
4443 3567 93 23 nous
4565 3557 40 34 le.
4624 3569 141 25 voyons
4795 3559 135 37 figurer

3916 3607 46 24 au
3988 3595 111 38 Salon
4122 3609 88 24 avec
4233 3599 63 37 des
4320 3600 106 36 toiles
4450 3601 107 35 d'une
4579 3603 139 41 grande
4743 3604 186 38 franchise

3917 3643 236 36 d'exécution
4171 3650 35 29 et
4227 3646 61 41 qui
4311 3644 155 42 attirent,
4484 3653 82 37 tpus
4590 3649 52 36 les
4664 3650 104 40 jours
4792 3651 136 36 'davan-

3918 3697 89 35 tage,
4022 3702 63 23 sur
4105 3691 48 34 lui
4176 3692 205 35 l'attention
4403 3693 63 36 des
4487 3701 195 29 amateurs.

3967 3741 219 46 Encouragé
4211 3755 77 33 par,
4304 3757 59 22 ces
4390 3746 177 42 premiers
4595 3748 141 40 succès,,
4756 3748 25 35 il
4809 3749 119 36 réunit

3919 3789 235 41 aujourd'hui
4177 3792 335 44 quatre-vingt-dix
4533 3804 144 24 oeuvres
4698 3794 21 35 à
4739 3795 35 34 la
4794 3796 138 41 galerie

3919 3836 50 37 Le
3996 3836 217 38 Chevalier.,.
4226 3837 171 43 L'artiste
4418 3851 37 29 y.
4469 3840 180 36 trouvera
4649 3840 281 36 .certainement

3912 3883 35 34 la
3959 3882 265 36 consécration
4249 3883 207 37 définitive.-
4477 3885 149 40 «"Rien,
4653 3885 52 35 dit
4731 3886 51 34 M.
4809 3888 117 34 Henri

3919 3929 192 41 Barbusse,
4145 3929 92 36 dans
4270 3930 35 36 la
4336 3931 150 44 préface
4518 3931 50 36 du
4601 3931 211 44 catalogue,,
4835 3934 91 35 n'est

3914 5501 11 10 .
4021 5483 97 28 :LES
4151 5483 195 28 TOREROS
4380 5476 160 34 PEPETE
4572 5482 50 27 ET
4652 5476 139 33 BAZAN

4152 5531 152 34 Tableau
4336 5533 41 31 de
4411 5532 260 38 Vasques-Dias

3904 5603 148 36 sincère;
4065 5608 36 31 et
4122 5603 178 42 spontané
4321 5614 140 24 comme
4482 5613 59 23 ces
4562 5601 111 35 belles
4695 5600 107 35 toiles
4824 5600 89 34 dont

3904 5650 179 36 l'éclatant
4105 5650 108 35 relief
4235 5649 139 43 appelle
4395 5649 45 34 de
4460 5654 83 28 tous
4564 5644 55 37 les
4638 5646 98 35 côtés
4757 5646 22 34 à
4791 5646 35 34 la
4841 5645 73 35 fois
4942 5646 6 37 1

4982 557 52 36 les
5063 559 154 43 regards
5243 559 91 37 dans
5361 562 36 36 la
5423 565 137 41 galerie
5586 569 61 38 qui
5675 570 53 37 les
5755 576 232 34 emprisonne

4982 612 316 33 provisoirement.
5327 608 31 34 Il
5385 621 24 30 y
5434 621 22 23 a
5483 611 34 35 là
5544 612 45 36 de
5616 614 36 35 la
5677 619 150 32 couleur
5856 633 131 24 rayon-

4979 656 119 35 nante,
5119 656 36 30 et
5173 658 173 36 pourtant
5365 665 71 24 une
5456 656 190 38 harmonie
5664 663 211 31 saisissante
5886 680 8 19 ;
5917 681 71 14 une

4984 697 268 41 simplification
5276 699 223 44 magistrale,
5524 708 45 36 et,
5593 713 183 38 pourtant,
5800 712 46 36 de
5869 714 36 35 la
5930 716 58 35 vie

4984 750 146 34 précisé,
5155 750 198 30 mouvante
5378 757 34 23 ».

5036 785 137 39 Toutes
5200 791 53 35 les
5279 791 239 42 productions
5544 794 46 36 de
5616 797 52 35 M.
5695 799 281 35 Vasquez-Diaz,

4985 832 115 36 même
5122 835 30 34 si
5173 837 86 34 elles
5282 842 83 30 sont
5387 839 142 41 parfois
5551 852 49 23 un
5620 854 71 26 peu
5711 845 170 39 brutales,
5904 859 84 21 sont

4987 885 106 28 avant
5122 886 80 30 tout
5230 883 186 42 vivantes;
5447 889 80 30 tout
5555 888 77 34 cela
5661 895 56 30 est
5743 894 98 34 peint
5870 897 117 30 direc-

4985 928 136 31 tement
5144 927 141 43 d'après
5308 935 142 35 nature,
5474 936 36 29 et
5533 944 44 22 en
5601 935 163 35 oubliant
5786 939 201 31 les-procé-

4983 969 62 35 dés
5077 971 153 37 d'écoles
5263 980 35 30 et
5330 976 54 35 les
5416 981 100 30 trucs
5550 978 192 38 d'ateliers.
5779 984 122 32 Parmi
5934 990 54 25 les

4986 1014 183 38 meilleurs
5205 1031 208 32 morceaux,
5450 1022 38 41 je
5524 1023 126 36 citerai
5673 1037 8 23 :
5719 1028 71 35 Les
5828 1029 161 34 Toreros

4984 1062 136 42 Pepete
5141 1068 35 31 et
5195 1065 134 42 Bazan,
5348 1079 69 30 que
5435 1079 94 24 nous
5551 1071 260 38 reproduisons
5832 1076 54 33 ici,
5906 1081 82 28 puis

4989 1107 79 37 Une
5085 1107 153 37 Famille
5255 1112 22 33 à
5293 1113 170 43 Zamora,
5485 1112 176 45 Teresita,
5679 1119 185 38 Rosarito,
5881 1124 107 33 toiles

4984 1156 45 31 de
5060 1157 89 31 haut
5178 1158 182 35 caractère
5391 1165 35 29 et
5457 1160 48 36 où
5536 1160 72 37 l'on
5641 1169 214 29 retrouvera
5886 1173 101 26 toute

4984 1198 35 34 la
5038 1198 165 37 violence
5222 1206 35 29 et
5277 1202 34 35 la
5332 1204 137 38 fougue
5489 1206 47 36 de
5556 1207 36 35 la
5612 1208 175 34 véritable
5808 1209 172 35 Espagne

5037 1243 185 43 Quelques
5248 1251 199 38 aquarelles
5472 1258 36 30 et
5533 1252 46 37 de
5602 1253 92 36 bons
5718 1257 146 33 croquis
5890 1271 98 18 com-

4983 1289 137 43 plètent
5139 1296 58 30 cet
5216 1294 191 36 ensemble.

5622 1346 135 37 HENRI
5777 1345 159 40 FRANTZ.

5330 1433 313 35 INFORMATIONS

5229 1509 34 37 A
5287 1511 219 40 L'HOTEL
5528 1517 217 40 DROUOT

5034 1587 246 35 EXPOSITIONS
5316 1592 288 37 D'AUJOURD'HUI.
5638 1615 44 6 —
5714 1600 93 31 Salle
5845 1611 49 20 JO,
5928 1608 55 23 pat

4985 1630 89 31 suite
5098 1631 45 31 du
5166 1632 99 32 décès
5287 1634 42 30 de
5351 1635 47 30 M.
5422 1635 95 33 Léon
5538 1638 126 32 Jancey
5696 1651 10 19 :
5730 1641 106 29 Tabl.,
5859 1654 130 16 aquar.,

4985 1672 136 36 pastels,
5146 1673 89 31 dess.
5261 1675 100 36 mod.,
5387 1676 67 37 liv.,
5480 1688 105 27 grav.,
5610 1682 159 33 meubles,
5796 1685 68 30 obj.
5889 1669 100 46 d'art.

4986 1713 49 30 Me
5046 1713 119 32 André
5190 1714 192 39 Couturier,
5412 1728 93 28 c.-pr.
5519 1730 7 26 ;
5559 1721 47 31 M.
5622 1721 36 31 G.
5684 1723 202 46 Guillaume
5912 1713 75 52 exp!

5033 1755 92 31 Salle
5152 1768 18 25 9
5206 1767 7 20 :
5244 1759 153 31 Boiserie
5421 1760 43 32 de
5489 1762 97 31 salon
5612 1764 129 37 époque
5765 1757 102 44 Louis
5867 1757 34 44 .
5901 1757 87 44 XVI.

4990 1796 48 31 Me
5052 1797 373 42 Lair-Dubreuil.c.-pr.
5438 1812 7 27 ;
5458 1803 232 34 MM.Paulme
5704 1811 33 26 et
5750 1807 239 41 Lasquin.exp.

5032 1851 141 33 Ventes
5218 1853 289 36 D'AUJOURD'HUI.
5540 1875 45 5 —
5618 1856 91 36 Cour
5763 1860 42 32 de
5860 1863 130 29 l'Hôtel

4990 1891 143 38 Drouot,
5166 1895 78 30 coin
5276 1898 40 27 n°
5355 1907 25 25 1,
5413 1897 19 30 à
5464 1908 20 27 4
5515 1898 32 30 h.
5584 1900 70 35 1/2,
5687 1902 98 33 après
5817 1903 99 32 décès
5948 1907 43 28 de

4985 1934 47 31 M"
5059 1935 207 37 Blanchard,
5294 1938 157 31 aviateur
5486 1949 8 21 :
5520 1940 141 32 Moteur
5690 1942 138 35 Gnome,
5856 1955 40 24 50
5925 1948 64 26 HP

4992 1986 90 26 1910,
5114 1988 12 19 i
5157 1978 151 37 appareil
5338 1980 137 32 Blériot.
5504 1982 145 32 Voiture
5675 1981 208 37 automobile
5910 1988 82 30 Gré-

4970 2017 110 43 goire
5107 2021 18 28 6
5151 2020 171 36 cylindres
5352 2032 90 27 1910.
5469 2023 48 30 MI
5543 2024 150 38 Georges
5719 2026 144 36 Guidotl,
5888 2040 100 22 com.-

4989 2061 80 35 pris.
5096 2061 206 37 Exposition
5327 2062 43 32 de
5394 2074 19 19 2
5439 2063 31 31 h.
5497 2065 19 29 à
5540 2076 20 26 4
5585 2066 31 30 h.
5646 2067 68 33 1/2.

5032 2100 111 33 Salles
5162 2112 16 28 5
5197 2109 34 25 et
5250 2106 29 33 6,
5296 2107 198 30 succession
5510 2108 182 32 Ambroise
5711 2109 150 34 Thomas
5886 2123 10 20 ;
5914 2114 75 30 bois

4989 2143 156 37 sculptés,
5169 2145 110 36 pend.,
5304 2146 154 38 bronzes,
5482 2149 120 36 sièges,
5625 2152 161 31 meubles.
5811 2154 49 31 M"
5882 2154 109 31 Henri

4990 2184 164 37 Baudoin,
5177 2188 184 37 com.-pris.
5374 2199 7 25 ;
5408 2190 87 30 MM.
5521 2191 210 39 Mannheim,
5755 2204 74 28 exp.

5036 2225 92 33 Salle
5160 2239 33 19 11
5233 2238 7 22 :
5272 2229 138 38 Bijoux,
5438 2232 112 36 objets
5577 2233 98 35 d'art,
5703 2236 170 32 tableaux,
5902 2248 91 20 meu-

4990 2267 81 36 bles,
5092 2269 208 38 tapisseries,
5322 2271 115 37 livres,
5458 2274 89 36 tapis
5568 2275 167 32 d'Orient.
5759 2278 48 31 Me
5829 2277 36 33 G.
5887 2279 106 31 Fran-

4970 2309 99 36 çois,
5095 2312 202 36 com.-pris.-;
5323 2313 46 30 M.
5393 2314 132 31 Arthur
5551 2316 135 37 Bloche,
5711 2328 73 28 exp.

5036 2351 93 33 Salle
5153 2363 26 24 1,
5198 2355 197 33 succession
5417 2356 153 31 Valtessi
5591 2357 41 31 de
5651 2359 50 32 La
5719 2360 109 33 Bigne
5887 2362 107 29 Four-

4979 2400 114 28 .rures,
5127 2394 208 37 orfèvrerie,'
5360 2397 239 41 pqrceiaines,.
5618 2400 163 34 faïences.
5815 2403 57 32 Me,
5894 2404 96 34 Lair-

4990 2437 175 34 Dubreuil,
5189 2438 181 36 com>pris.
5383 2449 6 25 ;
5417 2439 46 31 M.
5490 2440 152 38 Bataille;
5666 2452 74 28 exp.

5036 2475 142 39 Salle-7
5218 2485 23 23 :'
5259 2479 123 37 Objets
5412 2480 88 33 d'art
5529 2483 77 34 de;
5606 2483 194 34 vitrine,
5832 2488 160 32 meubles,

4991 2522 169 33 estampes
5183 2519 57 31 du,
5253 2520 241 33 dix-huitième
5518 2524 112 36 siècle,
5655 2526 155 36 tapisser.
5833 2529 53 30 IMe
5898 2530 96 31 Lair-

4992 2560 176 38 Dubreuil,
5189 2562 183 37 com.-pris".
5385 2574 6 26 ;
5409 2564 93 35 ,MM.
5525 2566 145 37 Paulme,
5684 2574 33 25 et
5737 2566 159 42 Lasqùin,
5918 2583 74 27 exp.

5334 2658 327 33 INFORMATIONS

5010 2728 446 67 Tableaux
5508 2736 466 74 Modernes

5257 2836 53 39 de
5333 2837 66 40 M.
5434 2839 49 38 A.
5518 2840 209 41 DUPRAT

5039 2923 46 31 M.
5122 2924 119 32 Albert
5278 2926 133 38 Duprat
5446 2939 43 20 va
5525 2930 90 31 fairé
5648 2931 129 33 vendre
5811 2933 20 31 à
5867 2935 127 30 l'Hôtel

4992 2964 133 32 Drouot
5151 2965 48 31 les
5222 2967 161 33 tableaux
5409 2969 55 36 qui
5490 2971 196 39 garnissent
5709 2980 62 26 soti
5795 2976 128 34 atelier.

5037 3005 46 30 M.
5112 3006 132 37 Duprat
5271 3018 20 20 a
5316 3018 40 21 su
5380 3010 154 31 traduire
5560 3011 105 32 d'une
5665 3011 123 32 façon
5815 3017 77 31 bien
5920 3029 74 19 per-

4990 3047 154 31 sonnelle
5169 3048 30 30 le
5224 3048 138 31 charme
5385 3050 158 38 poétique
5567 3052 42 31 de
5634 3054 128 33 Venise
5786 3056 84 33 dont
5893 3059 24 29 il
5943 3065 51 24 est

4991 3088 195 36 originaire.
5209 3089 28 29 Il
5258 3099 19 20 a
5296 3100 45 19 vu
5360 3100 68 21 une
5449 3092 127 31 Venise
5597 3104 42 20 en
5660 3095 70 31 fête
5749 3106 67 22 aux
5836 3100 157 31 couleurs

4990 3137 236 28 savoureuses,
5249 3130 148 31 inondée
5419 3131 42 31 de
5483 3133 107 36 soleil,
5614 3135 176 35 spléridide
5812 3139 103 31 décor
5936 3142 55 28 qu.'

4989 3169 123 37 plonge
5134 3169 86 31 dans
5242 3170 31 31 le
5295 3176 97 26 vaste
5418 3173 119 32 miroir
5559 3175 37 33 de
5596 3175 64 33 .sa
5682 3177 132 38 lagune.

5319 4142 91 36 VUE
5429 4151 54 26 DE
5503 4141 158 37 VENISE
5796 4144 31 24 A-
5850 4143 108 27 Duprat.-

5034 4211 46 30 M.
5097 4215 12 9 "
5119 4213 130 36 Duprat
5282 4211 148 38 expbSë"
5441 4212 119 36 depuis
5597 4215 79 35 1906
5721 4224 68 20 aux
5843 4213 151 32 Artistes

4986 4250 165 38 Français
5176 4258 42 30 et,
5243 4252 86 30 dans
5353 4258 87 25 cette
5465 4252 88 32 sérié
5578 4253 165 31 d'oeuvres
5768 4265 63 26 que
5856 4255 69 31 l'on
5949 4265 44 19 va

4985 4291 182 38 disperser,
5190 4303 67 20 une
5279 4292 61 31 des
5362 4293 74 37 plus
5460 4294 114 35 belles,
5602 4304 17 20 «
5643 4293 150 33 l'Entrée
5815 4295 46 30 du
5883 4295 110 36 grand

4984 4332 98 30 canal
5106 4337 45 28 et;
5161 4332 32 31 le
5214 4333 109 36 palais
5339 4333 79 31 des-
5429 4333 177 37 Dogess»,:
5623 4335 109 36 figura
5754 4345 43 20 au
5820 4335 107 33 Salon
5950 4334 42 32 de

4988 4383 90 26 1909.
5848 4377 7 11 '
5885 4380 9 8 ^

5033 4412 194 36 D'ailleurs,
5261 4413 50 30 les
5345 4419 173 26 amateurs
5552 4421 166 29 pourront
5753 4416 185 36 apprécier,
5973 4417 19 30 à

4984 4451 230 38 l'Exposition
5239 4454 56 35 qui
5321 4464 83 20 aura
5430 4455 68 30 lieu
5524 4455 137 31 demain
5687 4457 177 32 mercredi
5890 4458 101 30 veille

4985 4492 41 31 de
5052 4493 33 29 la
5110 4498 111 30 vente,
5248 4494 31 30 le
5305 4494 108 30 talent
5439 4494 41 31 de
5507 4496 160 31 coloriste
5694 4502 34 25 et
5753 4497 32 30 la
5811 4499 180 34 puissance

4984 4533 42 29 de
5051 4543 38 20 ce
5113 4532 133 37 peintre
5271 4534 56 36 qui
5353 4545 19 19 a
5396 4534 114 32 donné
5535 4535 42 31 de
5601 4537 33 29 la
5659 4537 95 31 reine
5778 4537 42 33 de
5845 4538 146 31 l'Adria-

4984 4573 93 35 tique
5095 4583 67 20 une
5181 4574 113 30 vision
5313 4575 177 36 originale.

4992 4678 98 88 A
5124 4696 236 84 BOpOU
5396 4698 118 68 DES
5544 4678 408 104 flVlfiTl{IGES~

5478 4786 75 15 j

5170 4817 244 29 HAUTES
5449 4819 351 29 FANTAISIES

5419 4863 135 17 —i*t—

5072 4884 824 84 SEUGNOT

5290 4981 82 27 CO
5386 4981 280 29 NFISEUR

5101 5056 271 5 ..
5539 5030 65 36 28,
5634 5032 86 34 Rue
5745 5033 52 32 du
5822 5033 95 34 Bac.

680 5782 223 29 FEUILLETON
922 5775 34 31 D'
979 5786 19 21 «
1013 5783 199 26 EXCELSIOR
1227 5787 19 21 »
1270 5786 49 22 DU
1338 5787 41 21 20
1400 5778 189 33 DÉCEMBRE
1611 5790 82 26 1910

1641 5866 21 33 5

686 5946 178 102 LA
924 5920 776 130 FRONTIÈRE

1032 6096 143 29 ROMAN
1206 6090 138 36 INÉDIT

1158 6170 75 27 PAR

847 6238 257 51 Maurice
1157 6238 378 53 LEBLANC

847 6238 257 51 Maurice
1157 6238 378 53 LEBLANC

1008 6396 201 40 PREMIÈRE
1225 6403 143 32 PARTIE

1164 6486 59 37 III

733 6646 102 37 Mais
879 6656 53 27 on
973 6647 144 46 voyait
1159 6648 100 45 qu'il
1303 6648 231 45 pensait-à
1577 6650 120 36 autre

685 6692 124 37 chose
846 6692 40 37 et
922 6694 98 44 qu'il
1061 6694 113 36 avait
1211 6694 97 37 hâte
1344 6695 50 36 de
1430 6696 181 44 changer
1648 6697 49 35 de

685 6739 302 37 conversation.
1024 6741 31 35 Il
1092 6741 134 35 ferma
1259 6741 222 36 vivement-
1506 6742 38 36 la
1576 6743 121 43 porte

685 6785 52 42 et,
771 6785 200 36 revenant
1001 6796 94 27 vers
1128 6788 36 34 le
1195 6788 286 35 commissaire
1512 6789 154 44 spécial
1689 6799 7 26 :

730 6853 53 5 —
808 6832 64 36 Tu
909 6841 42 27 as
988 6833 112 36 suivi
1116 6839 6 7 '
1138 6833 37 36 le
1210 6834 166 36 chemin
1412 6834 49 36 de
1498 6834 40 36 la
1574 6836 120 36 fron-

685 6877 107 38 tière
812 6878 19 35 ?

733 6945 52 5 —
810 6925 99 35 Non.
1034 6947 7 20 ;

731 6989 53 10 ■—
807 6970 53 35 Et
887 6971 78 35 l'on
990 6980 51 27 ne
1066 6971 54 37 t'a
1145 6981 74 37 pas
1246 6982 154 28 encore,
1420 6973 134 37 averti
1574 6969 22 41 ?

733 7038 51 5 —
810 7016 104 42 Quoi
937 7017 19 36 ?
1331 7030 7 6 -

731 7082 53 8 —
808 7063 57 36 Le
886 7063 153 46 poteau
1062 7064 243 39 allemand...
1327 7065 24 37 à
1374 7066 39 37 la
1436 7067 260 37 Butte-aux-

686 7109 177 46 Loups...

731 7177 53 13 t—
810 7156 206 37 Renversé
1035 7155 18 37 ?

732 7223 52 6 •—
810 7202 569 40 Oui...
1456 7218 6 22 ;

731 7270 53 5 —
807 7249 63 36 Ah
892 7249 8 35 !
930 7248 117 46 bigre
1068 7245 14 38 f

735 7306 191 37 Morestal
959 7315 179 27 savoura
1167 7313 58 30 un-
1254 7306 158 41 instant
1425 7326 6 5 -
1440 7309 131 37 l'effet
1596 7320 100 29 pro7

688 7352 92 37 duit
812 7352 41 37 et
887 7352 27 37 il
947 7352 199 37 continua
1167 7360 9 28 :
1678 7348 17 21 *•

733 7432 52 5 —
810 7409 128 43 Qu'en
960 7411 138 36 dis-tu
1118 7410 19 35 ?
1355 7416 9 7 ^

734 7478 52 5 —
809 7457 48 35 Je
889 7457 101 36 dis...
1023 7456 42 44 je
1099 7456 63 36 dis
1195 7465 80 34 que
1308 7456 97 36 c'est
1437 7458 84 36 très
1557 7460 140 36 embê-

688 7499 128 39 ta'nt...
848 7503 53 35 Ils
931 7502 93 37 sont
1053 7502 95 45 déjà
1179 7502 49 36 de
1260 7502 85 35 fort
1374 7506 214 35 mauvaise
1619 7506 82 35 hu-

691 7556 119 28 meur
835 7549 49 35 de
910 7549 146 37 l'autre
1081 7549 102 37 côté.
1211 7549 94 35 Cela
1329 7558 51 26 va
1405 7559 66 26 me
1496 7552 107 36 faire
1630 7552 68 37 des

691 7593 210 38 histoires.

736 7661 53 8 *—
814 7640 211 37 Comment
1045 7642 18 35 ?

742 7707 53 5 —
817 7687 100 35 Mais
943 7688 81 35 oui.
1048 7689 112 35 Vous
1183 7697 51 26 ne
1258 7697 118 26 savez
1401 7687 101 37 donc
1524 7700 74 28 pas
1623 7701 80 28 que

692 7732 80 37 l'on
808 7728 211 42 Wi'accufee"
1045 7733 269 39 aujourd'hui
1352 7733 48 36 de
1438 7735 107 37 faire
1582 7738 119 37 appel

693 7789 82 26 aux
795 7774 235 41 déserteurs
1052 7779 227 37 allemands
1301 7780 18 36 ?

744 7845 53 5 —
823 7824 76 34 Pas
927 7825 178 43 possible
1127 7827 17 35 ?

745 7892 49 4 —
821 7870 164 35 Comme
1007 7872 70 43 j'ai
1103 7872 216 36 l'honneur
1342 7871 49 36 de
1414 7880 103 28 vous
1542 7873 37 37 le
1602 7874 100 37 dire.

740 7968 223 32 Traduction
991 7969 34 30 et
1052 7970 259 39 reproduction
1337 7964 204 39 interdites.

740 8008 201 42 Copyright
963 8008 47 37 by
1030 8008 162 33 Maurice
1212 8011 158 31 Leblanc
1391 8011 91 31 1910.

1760 5780 32 35 Il
1816 5790 27 35 y
1866 5778 240 48 aurait'par
2130 5783 53 37 ici
2207 5794 57 26 un
2287 5784 161 38 bureau
2471 5786 233 37 clandestin
2728 5788 49 36 de

1758 5825 230 45 désertion;
2015 5828 99 36 c'est
2138 5830 84 37 moi
2248 5831 72 42 qui
2348 5831 37 36 le
2411 5832 146 43 dirige.
2583 5832 52 37 Et
2659 5843 114 32 vous,

1757 5882 104 27 vous
1886 5884 51 25 en
1961 5874 86 37 êtes
2071 5875 131 36 l'âme.

1810 5947 54 6 —
1884 5925 62 37 Oh
1969 5927 8 36 !
1995 5926 100 43 riioi,
2121 5927 50 37 ils
2193 5938 52 26 7ne
2264 5926 186 43 peuvent
2469 5941 75 30 pas
2565 5941 67 27 me
2655 5933 120 36 souf-

1758 5970 94 39 frir.

1810 6046 54 18 —-;
1887 6025 54 36 Et
1967 6026 84 36 moi
2079 6037 81 34 pas.
2182 6027 242 46 davantage.
2434 6029 273 44 Weisslicht,
2739 6032 37 35 l'e

1757 6072 298 41 coïnmissaire,
2074 6074 205 39 allemand
2309 6075 50 35 de
2388 6075 277 44 Bœrsweilen,
2697 6078 79 35 m'a

1757 6119 108 36 voué
1897 6129 82 26 une
2011 6120 126 40 haine
2170 6121 202 39 mortelle.
2406 6122 70 35 On
2499 6133 51 26 ne
2584 6134 43 25 se
2659 6125 116 38 salue

1757 6165 107 44 plus.
1888 6166 31 34 Il
1943 6166 72 35 est-
2027 6166 97 39 hors
2148 6167 49 36 de
2219 6167 124 38 doute
2366 6178 79 34 que
2469 6169 67 36 les:
2550 6170 224 38 calomnies

1759 6211 93 41 sont
1885 6212 252 45 répandues..
2151 6220 92 38 p;u::
2263 6214 91 40 lui..
2478 6243 6 9 ,
2514 6237 9 18 ;

1809 6285 54 5 —
1886 6264 102 35 Mais
2014 6265 157 45 quelles
2196 6276 179 35 preuves
2401 6267 282 36 avancent-ils
2704 6269 18 35 ?

1895 6316 571 38 D'innombrables...-toutes
2503 6320 112 35 aussi
2652 6330 121 26 mau-

1758 6361 176 37 vaises...
1967 6362 117 36 entre
2117 6363 152 41 autres,
2303 6364 168 36 celle-ci
2495 6374 8 25 :
2536 6365 70 36 des
2638 6366 137 42 pièces

1759 6407 86 36 d'or
1879 6408 230 45 françaises
2145 6409 122 45 qu'on
2300 6410 140 36 aurait
2474 6410 193 37 trouvées
2702 6421 72 27 sur

1758 6454 70 35 des
1861 6453 167 37 soldats.
2061 6455 131 38 Alors,
2226 6464 103 27 vous
2362 6465 281 35 comprenez...
2678 6467 97 27 avec

1761 6500 36 35 le
1820 6499 153 44 poteau
1997 6500 71 44 qui
2092 6500 187 37 retombe
2301 6509 82 29 une
2408 6502 81 36 fois
2512 6502 49 37 de
2584 6504 105 42 plus,
2716 6504 59 36 les

1759 6545 273 46 explications
2055 6547 72 45 qui
2150 6547 100 36 vont
2273 6557 316 35 recommencer,
2616 6549 58 36 les
2698 6559 74 26 en-

1760 6592 145 45 quêtes
1932 6592 71 45 qui
2030 6593 101 35 vont
2156 6602 43 27 se
2225 6594 290 45 poursuivre...

2251 6637 6 22 I

1812 6661 195 46 Philippe
2035 6662 245 45 s'approcha
2302 6672 9 27 :

1809 6753 54 6 —
1899 6732 175 45 Voyons,
2116 6741 166 37 voyons,
2326 6734 27 35 il
2394 6744 66 27 me
2499 6734 155 38 semble
2694 6746 79 33 que

1759 6778 92 40 tout
1874 6778 88 35 cela
1986 6778 104 36 n'est
2114 6788 73 35 pas
2212 6778 96 37 bien
2333 6790 136 35 grave.

1810 6852 53 5 —
1895 6831 62 35 Tu
1991 6830 108 35 crois
2132 6831 98 41 cela,
2265 6841 96 26 mon
2395 6842 162 35 garçon.
2592 6834 62 35 Tu
2687 6834 85 36 n'as

1760 6876 102 36 donc
1893 6887 74 34 pas
2001 6877 41 35 lu
2075 6876 100 36 dans
2209 6877 56 35 les
2297 6877 220 43 journaux,
2552 6889 45 26 ce
2628 6880 142 43 matin,

1760 6923 57 35 les
1847 6922 204 47 dépêches
2080 6922 49 36 de
2158 6923 38 35 la
2226 6922 192 38 dernière
2447 6924 130 36 heure
2597 6926 19 35 ?

1810 6996 54 8 —
1884 6975 97 42 Non,
2005 6974 139 37 dirent
2166 6974 193 46 Philippe
2382 6975 41 36 et
2443 6985 74 26 son
2537 6976 111 43 père.
2673 6978 101 43 Qu'y

1760 7020 126 36 a-t-il
1912 7021 49 35 de
1986 7030 192 26 nouveau
2200 7021 18 35 ?

1797 7086 67 13 -—
1881 7073 64 34 Un
1968 7072 183 38 incident
2171 7081 50 27 en
2239 7072 97 36 Asie
2357 7073 198 36 Mineure.
2576 7074 77 36 Les
2673 7075 99 35 offi-

1760 7119 107 35 ciers
1893 7119 185 44 français
2104 7118 39 36 et
2169 7118 228 36 allemands
2424 7128 42 26 se
2493 7119 93 36 sont
2610 7121 88 44 pris
2725 7121 48 36 de

1760 7165 196 46 querelle.
1983 7165 63 36 Un
2069 7165 70 36 des
2165 7165 164 35 consuls
2354 7174 23 25 a
2402 7165 64 35 été
2491 7165 82 36 tué.

1811 7238 53 6 —
1888 7216 61 36 Oh
1973 7216 8 36 !
2007 7216 52 37 oh
2083 7217 7 36 !
2117 7217 47 36 fit
2189 7216 212 44 Morestal/
2420 7216 107 37 cette
2551 7218 121 37 fois...

1811 7282 52 42 Et
1885 7286 175 37 Jorancé
2084 7287 163 45 précisa
2278 7297 8 26 :

1812 7377 53 6 —
1906 7356 89 41 Oui,
2043 7357 38 38 la
2123 7357 203 37 situation
2369 7360 63 36 est
2473 7362 300 41 extrêmement

1762 7402 163 37 tendue.
1959 7402 59 35 La
2053 7403 193 44 question
2280 7404 54 36 du
2370 7407 136 36 Maroc
2541 7409 95 35 s'est
2671 7420 100 27 rou-

1760 7449 128 35 verte.
1922 7448 31 35 Il
1984 7459 26 29 y
2042 7458 22 26 a
2096 7458 50 26 ou
2180 7449 56 36 les
2268 7451 171 37 affaires
2470 7453 300 42 d'espionnage,

1761 7494 203 36 l'histoire
1989 7494 70 37 des
2085 7495 212 36 aviateurs
2322 7496 182 43 français
2528 7501 142 36 volant
2694 7512 77 23 au-

1761 7537 143 44 dessus
1930 7541 70 35 des
2026 7540 224 38 forteresse
2274 7542 183 37 d'Alsace
2482 7544 40 35 et
2544 7545 135 42 jetant
2702 7548 70 33 des

1761 7587 212 45 drapeaux
1997 7586 215 37 tricolores
2235 7588 100 35 dans
2360 7589 57 35 les
2440 7599 96 27 rues
2559 7591 49 37 de
2632 7592 139 37 Stras-

1761 7633 169 45 bourg...
1968 7632 157 45 Depuis
2161 7633 64 35 six
2262 7634 114 42 mois,
2415 7635 98 36 c'est
2548 7646 82 27 une
2664 7639 108 38 série

1761 7679 49 35 de
1843 7678 314 45 complications
2191 7680 41 35 et
2263 7679 49 36 de
2344 7680 133 36 chocs.
2510 7682 57 35 Le
2600 7684 70 35 ton
2702 7685 70 36 des

1761 7723 210 47 journaux
2011 7724 167 36 devient
2218 7727 188 42 agressif.
2447 7727 61 35 On
2547 7738 124 27 arme.
2713 7731 59 35 On

1763 7771 169 36 fortifie.
1960 7771 110 41 Bref,
2101 7770 156 44 malgré
2285 7772 37 34 la
2349 7771 133 38 bonne
2508 7775 165 36 volonté
2701 7776 71 36 des

1763 7817 108 36 deux
1910 7815 357 46 gouvernements,
2310 7827 102 26 nous
2453 7828 176 27 sommes
2671 7822 22 35 à
2735 7823 37 34 la

1763 7863 128 36 merci
1919 7862 96 36 d'un
2042 7861 164 36 hasard.
2234 7862 88 36 Une
2350 7864 228 37 étincelle...
2608 7866 40 35 et
2672 7876 48 33 ça
2747 7877 27 33 y

1764 7909 72 36 est.

1815 7961 64 35 Un
1904 7960 119 35 lourd
2047 7960 153 35 silence
2222 7969 99 34 pesa
2345 7970 72 26 sur
2441 7961 57 36 les
2517 7962 108 36 -trois
2650 7962 121 36 hom-

1763 8016 99 27 mes.
1906 8006 167 36 Chacun
2115 8005 129 43 d'eux,
2289 8006 114 36 selon
2444 8016 75 27 son
2558 8008 212 39 tempéra-

2835 5786 125 42 ment,
2984 5787 115 37 selon
3120 5797 65 27 ses
3207 5787 425 47 instincts,-évoquait
3654 5789 39 36 la
3713 5789 138 37 vision

2836 5833 400 38 sinistre...
3299 5853 6 17 ;
3401 5864 303 10 ......
3748 5858 21 14 -,

2888 5879 176 37 Jorancé
3090 5880 145 45 répéta
3257 5889 10 26 :

2885 5947 53 5 —
2961 5926 89 35 Une
3075 5926 229 37 étincelle...
3331 5926 111 45 et-ça
3466 5936 28 35 y
3518 5927 87 36 est.-

2884 5994 54 4 —
2962 5972 63 35 Eh
3053 5971 107 43 bien,
3188 5982 49 35 ça
3252 5968 153 51 ,y,'sera,
3405 5968 93 51 'fit
3525 5973 194 42 Morestal
3750 5984 97 27 avec

2833 6028 57 27 un
2910 6018 114 46 geste
3043 6019 170 36 violent.

2886 6081 194 46 Philippe
3104 6082 70 36 eut
3196 6093 58 25 un
3276 6082 170 37 sursaut
3467 6092 9 26 :

2884 6168 53 4 —
2960 6145 212 42 Qu'est-ce
3196 6157 80 36 que
3291 6148 110 34 :vôûs
3424 6147 116 43 dites,
3565 6147 100 46 père
3685 6149 19 36 ?

2870 6205 66 13 ■—
2959 6192 63 35 Eh
3045 6192 133 42 !,quoi
3202 6194 9 35 1
3239 6194 28 34 il
3294 6194 93 35 faut
3412 6193 98 37 bien
3535 6204 80 32 que
3642 6195 91 36 tout
3759 6196 87 36 cela

2833 6239 153 36 finisse.
3293 6247 28 29 'V
3611 6247 15 24 '.
3807 6260 6 3 -

2883 6306 53 6 —
2971 6284 101 36 Mais
3107 6286 87 36 cela
3227 6285 115 48 peut;
3362 6286 98 36 finir
3495 6286 236 38 autrement
3765 6297 80 35 que

2832 6332 101 36 dans
2967 6332 36 35 'le
3035 6340 111 37 sang.

2883 6404 54 6 —-
2959 6383 125 36 Non...
3111 6393 119 26 non...
3256 6384 33 36 Il
3313 6393 27 34 y
3364 6393 23 27 a
3412 6384 71 37 des
3509 6385 161 42 injures
3696 6385 72 44 qui
3793 6395 52 29 ne

2833 6439 43 26 se
2910 6428 140 36 lavent
3082 6438 80 36 que
3195 6429 102 37 dans
3329 6429 39 38 le
3401 6440 111 35 sang.
3546 6430 52 35 Et
3632 6431 213 44 lorsqu'un

2832 6474 130 47 grand
2984 6483 102 36 pays
3110 6484 158 27 comme
3293 6476 36 38 le
3352 6475 118 36 nôtre
3494 6486 22 25 a
3540 6485 97 36 reçu
3663 6476 36 36 le
3723 6476 119 36 souf-

2834 6521 70 36 flet
2932 6520 49 36 de
3010 6521 59 41 70,
3101 6520 28 35 il
3159 6521 101 45 peut
3288 6521 188 36 attendre
3506 6521 214 45 quarante,
3751 6522 91 35 cin-

2833 6566 153 47 quante
3011 6576 84 32 ans,
3122 6567 105 35 mais
3253 6568 28 34 il
3308 6567 138 36 arrive
3470 6576 56 26 un
3550 6568 98 43 jour
3672 6568 53 35 où
3752 6568 28 35 il
3807 6568 36 35 le

2832 6612 112 43 rend,
2968 6621 74 27 son
3064 6612 179 43 soufflet,
3269 6613 41 46 et
3330 6612 70 37 des
3423 6613 107 35 deux
3551 6613 134 35 mains
3709 6613 7 35 !

2882 6683 54 8 —
2960 6663 52 36 Et
3040 6663 36 36 si
3104 6673 104 27 nous
3236 6666 178 35 sommes
3441 6664 140 37 battus
3603 6665 19 36 ?
3650 6665 191 37 dit;Phi-

2832 6711 137 46 lippe.«

2882 6784 53 5 —
2962 6761 82 45 Tant
3044 6761 117 45 :,pis
3184 6762 8 35 !
3221 6762 236 37 L'honneur
3486 6763 125 36 avant
3640 6763 92 36 tout
3754 6763 18 35 Ji
3791 6764 52 35 Et

2831 6809 105 44 puis,
2966 6817 103 26 nous
3097 6818 52 25 ne
3176 6818 141 27 serons
3344 6818 73 34 pas
3444 6808 152 36 bàttus.
3625 6809 86 40 Que
3739 6809 101 36 cha-

2831 6866 80 26 cun
2937 6852 209 44 ^sse'son
3172 6854 144 36 devoir
3342 6856 40 35 et
3408 6855 79 36 l'on
3512 6864 122 26 verra
3657 6855 7 35 !
3691 6856 49 42 En
3740 6856 32 42 ¡
3772 6856 67 42 70,

2831 6901 237 46 prisonnier
3094 6899 49 36 de
3168 6910 159 35 guerre,
3353 6901 71 44 j'ai
3451 6901 132 36 donné,
3594 6911 80 26 ma
3699 6903 142 42 parole

2831 6948 49 36 de
2912 6956 52 26 ne
2995 6946 94 38 plus
3121 6946 135 36 servir
3288 6946 100 36 dans
3422 6947 166 37 l'armée
3621 6947 219 37 française,

2830 6995 48 37 Je
2906 7003 65 25 me
3001 6991 87 36 suis
3119 6992 194 45 échappé,
3342 6992 70 45 j'ai
3443 6992 120 36 réuni
3594 6993 57 35 les
3681 6985 184 52 gamins:

2831 7040 50 36 de
2904 7037 303 45 Saint-Elophe
3232 7036 46 37 eb
3295 7038 70 36 des
3391 7039 203 41 environs,
3622 7039 57 34 les
3703 7036 136 46 vieux,

2832 7087 57 35 les
2925 7083 172 46 éclopés,
3133 7083 70 36 des
3238 7085 174 35 femmes
3446 7085 170 35 même...
3652 7085 61 35 On
3745 7086 96 37 s'est

2830 7131 85 44 jeté
2945 7130 100 36 dans
3077 7129 57 35 les
3163 7128 102 37 bois.
3296 7130 119 35 Trois
3446 7130 141 44 loques
3618 7139 104 27 nous
3752 7133 87 34 ral-
3858 7140 7 33 ;

2832 7176 156 42 liaient,
3010 7185 56 25 un
3085 7174 101 36 bout
3204 7175 50 36 de
3273 7176 109 45 linge
3401 7176 128 41 blanc,
3551 7175 49 35 de
3621 7176 38 35 la
3677 7176 163 38 flanelle

2832 7232 126 34 rouge
2987 7221 41 36 et
3056 7230 57 25 un
3141 7230 194 27 morceau
3364 7221 49 37 de
3442 7221 150 35 tablier
3620 7221 134 37 bleu...
3785 7224 55 36 Le
3858 7224 6 36 ]

2830 7270 185 41 drapeau
3039 7266 49 35 de
3113 7266 38 35 la
3174 7266 134 37 bande
3330 7267 7 35 !
3362 7267 56 36 Le
3440 7266 149 37 voilà...
3615 7267 31 35 Il
3671 7277 169 28 reverra

2832 7317 36 35 le
2894 7312 128 48 grand
3046 7312 106 45 jour,
3181 7312 62 36 s'il
3270 7313 36 36 le
3332 7312 103 37 faut.

2882 7376 175 41 Jorancé
3078 7385 51 27 ne
3150 7375 77 46 put
3247 7375 254 46 s'empêcher
3522 7375 167 45 de,rire.

2881 7462 53 6 —
2957 7440 281 43 Croyez-vous
3263 7449 79 37 que
3365 7439 98 37 c'est
3485 7449 48 36 ça
3556 7441 72 45 qui
3654 7443 185 39 arrêtera

2832 7488 57 36 les
2918 7485 219 37 Prussiens
3159 7485 18 35 ?

2880 7559 54 6 —
2965 7538 55 34 Ne
3053 7536 57 35 ris
3141 7546 84 35 pas,
3258 7546 96 27 mon
3386 7537 95 36 ami.
3514 7538 62 36 Tu
3608 7539 82 37 sais
3723 7550 114 27 com-

2831 7584 113 37 ment
2976 7582 203 42 j'entends
3214 7592 96 26 mon
3343 7583 153 43 devoir,
3533 7585 41 36 et
3606 7594 45 27 ce
3686 7595 79 34 que
3797 7587 42 42 je

2831 7631 93 36 fais.
2952 7629 101 35 Mais
3081 7628 26 36 il
3135 7628 63 36 est
3222 7628 80 37 bon
3327 7638 80 34 que
3434 7629 193 45 Philippe
3653 7632 37 35 le
3715 7633 143 36 sache.

2831 7675 124 38 aussi.
2982 7673 266 42 Assieds-toi,
3276 7683 95 27 mon
3396 7685 162 35 garçon.

2881 7726 242 36 Lui-même
3157 7725 27 35 il
3218 7723 145 43 s'assit,
3399 7727 241 36 abandonna
3672 7728 38 35 la
3742 7730 96 42 pipe

2830 7774 99 43 qu'il
2961 7771 163 42 fumait,
3159 7771 40 36 et
3230 7781 245 34 commença,
3510 7783 98 25 avec
3641 7774 37 34 la
3710 7775 126 36 satis-

2832 7819 156 36 faction
3013 7816 150 36 visible
3190 7816 95 36 d'un
3312 7817 163 36 homme
3503 7819 71 44 qui
3601 7820 101 43 peut
3728 7820 109 36 enfin

2830 7864 138 46 parler
2990 7863 48 36 de
3058 7872 44 25 ce
3124 7863 71 44 qui
3218 7863 58 34 lui
3298 7863 105 35 tient
3425 7864 35 35 le
3482 7866 93 42 plus
3597 7864 23 35 à
3641 7873 112 26 cœur
3776 7875 7 25 :

2878 7937 52 4 —
2958 7915 61 34 Tu
3046 7914 168 36 connais
3245 7915 37 34 la
3309 7915 211 41 frontière,
3552 7914 203 44 Philippe,
3785 7925 52 26 ou

2830 7961 136 36 plutôt
2989 7960 35 35 le
3046 7960 169 35 versant
3237 7960 203 36 allemand
3462 7961 50 35 de
3534 7961 38 34 la
3595 7960 241 37 frontière...

2830 8017 80 26 une
2943 8006 148 35 falaise
3123 8005 187 46 abrupte,
3343 8016 80 26 une
3455 8006 109 36 suite
3596 8005 49 37 de
3676 8006 88 44 pics
3797 8007 40 36 et

3909 5789 50 36 de
3981 5789 141 36 ravins
4146 5788 71 45 qui
4241 5787 91 39 font
4355 5786 49 37 de
4426 5786 107 36 cette
4558 5785 137 45 partie
4718 5784 81 40 des.
4812 5785 106 35 Vos-

3905 5845 69 35 ges
3994 5842 57 29 un
4070 5834 186 45 rempart
4276 5832 349 37 infranchissable
4646 5832 57 35 ?...

3958 5909 59 12 —,
4036 5885 271 38 Absolument
4336 5884 371 43 infranchissable,-
4727 5893 60 27 en.
4806 5882 109 43 effet,

3908 5933 60 38 dit
3991 5934 205 44 Philippe.

3957 6013 54 5 —
4050 5991 168 41 Erreur,
4262 5989 218 35 s'exclama
4522 5988 205 42 Morestal,
4771 5996 145 27 erreur

3906 6037 166 36 funeste
4095 6037 7 35 !
4127 6036 80 35 Dès
4231 6036 37 34 le
4290 6035 183 44 premier
4497 6034 157 37 instant
4677 6044 52 26 où
4751 6033 71 45 j'ai
4846 6033 68 36 ré-

3906 6084 121 40 fléchi
4051 6084 109 35 à-ces
4182 6082 224 44 questions,
4430 6081 72 45 j'ai
4525 6081 125 44 pensé
4674 6080 125 45 qu'un
4819 6079 97 46 jour

3904 6129 211 37 viendrait
4168 6128 53 36 où
4276 6127 192 36 l'ennemi
4522 6125 291 47 l'attaquerait,
4870 6134 44 26 ce

3904 6175 198 45 rempart.

3953 6249 54 5 —
4031 6225 244 46 Impossible
4297 6225 9 36 !

3953 6301 53 5 —
4027 6280 51 35 Ce
4098 6277 83 46 jour
4181 6277 100 46 est.
4298 6287 120 33 venu,
4444 6277 205 44 Philippe.
4671 6274 157 46 Depuis
4849 6274 64 35 six

3903 6326 115 38 mois,
4043 6334 73 32 pas
4139 6333 80 27 une
4242 6324 183 36 semaine
4448 6333 50 25 ne
4521 6322 174 36 s'écoule
4717 6330 94 26 sans
4834 6329 78 35 que

3901 6372 42 39 je
3972 6370 217 37 rencontre
4217 6379 76 32 par
4321 6370 39 35 là
4387 6369 178 42 quelque
4594 6368 131 43 figure
4754 6365 154 41 louche,

3903 6427 52 26 ou
3975 6415 140 41 que'je
4135 6425 64 26 me
4220 6414 148 37 heùrte
4389 6415 23 36 à
4432 6414 69 36 des
4524 6421 269 32 promeneurs
4813 6410 98 36 dont

3904 6464 37 34 la
3974 6462 144 37 blouse
4153 6461 133 36 cache,
4311 6458 24 39 à
4368 6460 121 41 peine
4524 6458 248 37 l'uniforme.
4807 6455 104 36 C'est

3902 6518 72 26 un-
3995 6507 151 36 travail
4181 6507 205 41 sournois,
4439 6503 238 45 progressif,
4731 6500 176 37 ininter-

3901 6564 161 31 rompu.
4089 6553 108 36 Tout
4224 6553 37 36 le
4287 6551 147 37 monde
4459 6561 36 32 y:
4511 6548 207 38 concourt.
4744 6546 165 36 L'usine

3900 6600 226 38 électrique
4167 6608 79 30 que
4286 6599 38 34 la
4363 6597 160 36 maison
4562 6594 285 38 Wildermann
4885 6600 24 27 a

3901 6647 165 36 dressée
4104 6645 216 36 follement
4357 6654 52 25 au
4459 6642 101 36 bord
4610 6641 54 35 du
4701 6637 207 47 précipice

3901 6693 102 37 n'est
4036 6692 127 39 qu'un
4195 6689 297 41 trompe-l'œil.
4526 6689 56 34 La
4615 6685 118 36 route
4764 6684 71 44 qui
4870 6684 38 35 la

3900 6739 162 37 dessert
4080 6738 62 38 est
4160 6747 81 25 une
4260 6736 119 35 route
4398 6734 266 42 stratégique.
4683 6732 59 33 De
4762 6730 146 35 l'usine

3901 6795 52 26 au
3976 6785 61 36 col
4059 6784 63 36 du'
4136 6783 156 38 Diable,
4317 6782 94 41 cinq
4432 6780 113 36 cents
4567 6777 151 36 mètres
4741 6775 92 36 tout
4855 6785 53 26 au

3897 6832 106 45 plus.
4029 6832 64 34 Un
4117 6830 133 41 effort,
4279 6828 38 35 la
4341 6826 202 39 frontière
4568 6824 61 35 est
4652 6821 202 36 franchie.

3950 6911 53 4 —
4031 6889 79 34 Par
4138 6896 81 26 une
4249 6883 251 46 compagnie,
4531 6880 161 46 objecta
4719 6880 187 36 Jorancé.

3952 6962 51 4 —
4034 6939 65 37 Ou
4127 6947 120 31 passe
4280 6937 37 34 la
4349 6933 251 45 compagnie,
4634 6932 37 34 le
4702 6931 206 45 régiment

3897 6986 103 39 peut
4026 6983 156 41 passer,,
4182 6983 70 41 et
4278 6982 95 40 puis
4404 6981 37 34 la
4468 6977 208 45 brigade...
4704 6977 34 35 A
4766 6978 139 36 Bœrs-

3898 7033 158 36 weilen,
4088 7031 23 35 à
4140 7029 95 36 huit
4262 7027 239 36 kilomètres
4530 7024 70 36 des
4628 7024 164 44 Vosges,
4825 7024 27 35 il
4881 7033 26 35 y

3900 7090 22 24 a
3948 7078 102 36 trois
4077 7076 114 35 mille
4218 7073 153 37 soldats
4397 7068 225 39 allemands
4648 7078 73 26 sur
4748 7069 36 35 le
4810 7070 98 44 pied

3899 7125 48 35 de
3989 7132 162 30 guerre.
4192 7121 34 34 A
4250 7117 33 41 :
4283 7117 182 41 Gc:rnach,
4506 7114 118 46 vingt
4662 7114 243 38 kilomètres

3896 7171 96 37 plus
4021 7169 94 38 loin,
4146 7167 27 34 il
4201 7177 27 30 y
4255 7175 50 26 en
4332 7174 22 25 a
4381 7162 126 36 douze
4535 7161 124 42 mille,
4690 7161 41 36 et
4758 7161 146 46 quatre

3898 7216 112 35 mille
4041 7215 197 38 chevaux,
4272 7208 64 38 et-
4336 7208 98 38 huit
4463 7207 114 35 cents
4609 7207 209 45 fourgons.
4850 7207 55 36 Le

3899 7263 84 37 soir
4012 7261 49 35 de
4075 7260 52 35 :1a
4154 7255 266 40 déclaration,
4451 7256 125 33 avant
4604 7254 145 42 même,
4779 7253 124 45 peut-
4922 7278 6 17 ;

3895 7306 102 39 :étre,
4040 7315 66 23 ces
4146 7304 148 41 quinze
4347 7300 114 35 mille
4515 7299 186 36 hommes
4755 7299 150 36 auront

3898 7352 165 37 franchi
4096 7352 36 35 le
4163 7350 59 35 col
4255 7348 54 35 du
4339 7345 158 37 Diable.
4529 7345 51 36 Ce
4611 7344 103 37 n'est
4744 7354 73 36 pas
4848 7354 55 26 un

3899 7409 104 28 coup
4038 7398 49 35 de
4122 7395 132 36 main-
4270 7392 119 44 qu'on
4423 7391 100 35 veut
4558 7391 146 40 tenter.
4738 7391 34 34 A
4806 7390 96 46 quoi

3893 7446 84 36 J::¡on
3998 7445 18 35 ?
4045 7440 103 39 C'est
4177 7441 36 35 le,
4240 7446 181 36 passage,
4455 7437 37 35 la
4519 7437 113 45 prise
4660 7436 49 36 de
4737 7445 164 36 posses-

3897 7492 91 35 sion
4015 7489 70 35 des
4112 7486 142 41 crêtes,
4285 7483 271 44 l'occupation
4583 7482 48 36 de
4660 7481 241 37 Saint-Elo-

3897 7537 92 37 phe.
4012 7533 144 41 Quand
4178 7540 71 28 nos
4271 7529 168 45 troupes
4463 7527 194 43 arrivent,
4683 7528 90 44 trop
4799 7526 101 37 tard.

3892 7580 229 38 .Noirmont.
4134 7577 70 39 est
4216 7575 140 44 coupé,
4380 7573 162 38 Belfort
4563 7573 178 42 menacé,
4767 7573 35 35 le
4826 7573 76 35 sud

3892 7621 74 40 des
3986 7628 152 37 Vosges
4157 7622 189 39 envahi...
4366 7621 61 35 Tu
4445 7620 89 35 vois
4553 7619 95 36 d'ici
4648 7619 144 36 l'effet
4809 7628 90 26 mo-

3896 7674 100 34 ral...
4023 7680 102 26 nous
4153 7676 176 28 sommes
4355 7666 164 44 perdus.
4547 7664 119 36 Voilà
4690 7674 45 25 ce
4761 7664 70 44 qui
4858 7673 43 26 se

3896 7720 176 36 prépare
4098 7716 99 35 dans
4224 7713 179 35 l'ombre.
4428 7711 119 36 Voilà
4571 7720 149 31 ce,que
4748 7710 43 35 tu
4816 7709 83 35 n'as

3893 7774 73 29 pas
3994 7773 48 25 su
4068 7762 102 40 voir,
4198 7759 185 41 Jorancé,
4412 7757 156 44 malgré
4595 7756 115 36 toute
4736 7755 71 35 ton
4834 7755 64 35 at-

3894 7811 196 36 tention...
4118 7807 40 35 et
4182 7805 155 45 malgré
4362 7814 86 25 mes
4475 7802 349 36 avertissements.

3944 7883 51 5 —
4022 7860 77 35 J'ai
4134 7858 112 42 écrit,
4284 7858 38 35 la
4355 7856 183 37 semaine
4569 7855 200 42 dernière,
4805 7855 22 35 à
4862 7854 37 34 la

3892 7907 250 47 préfecture.

3943 7980 52 5 —
4023 7958 31 34 Il
4104 7957 138 36 fallait
4292 7956 131 36 écrire
4472 7954 157 35 l'année
4678 7952 188 37 dernière
4888 7951 8 35 !

3893 8003 185 37 Pendant
4118 8012 46 27 ce
4206 8003 144 45 temps,
4395 8000 146 37 l'autre
4582 8000 125 44 vient,
4751 7998 145 37 l'autre

4975 5795 190 29 avance...
5188 5789 103 37 C'est
5310 5790 23 35 à
5351 5791 121 42 peine
5491 5792 63 35 s'il
5574 5802 44 26 se
5635 5793 161 38 cache...
5817 5795 161 35 Tiens...

4972 5832 260 48 Ecoiite-lev.
5249 5837 252 42 ,écou;te-l'e...

5026 5880 99 36 Très
5162 5873 93 51 loin,
5293 5892 171 30 comme.
5483 5894 74 28 un,
5572 5885 115 36 bruit
5719 5886 150 42 d'écho,
5906 5897 70 26 as-

4973 5927 167 39 sourdie
5165 5938 77 35 par
5269 5929 37 35 la
5331 5939 133 26 masse
5491 5930 69 36 des
5589 5931 151 43 arbres,
5769 5943 81 25 une
5877 5944 98 26 son-

4971 5973 191 37 nerie'de
5190 5975 156 36 clairon
5373 5976 111 36 avait
5510 5977 126 42 vibré,
5666 5979 177 40 quelque
5869 5982 107 37 part.

4972 6018 197 41 Sonnerie
5195 6021 275 42 indistincte...
5497 6023 100 35 Mais
5625 6024 191 38 Morestal
5842 6037 51 26 ne
5919 6029 58 37 s'y

4972 6065 161 46 trompa
5155 6068 126 43 point,
5307 6068 39 35 et
5369 6068 27 34 il
5419 6068 70 42 dit,
5514 6069 24 35 à
5559 6070 96 35 voix
5675 6071 119 37 basse
5817 6082 9 26 :

5020 6134 53 5 —
5101 6113 60 34 Oh
5184 6113 8 34 !
5220 6113 97 35 c'est
5345 6114 57 34 lui
5426 6114 46 36 !...
5501 6115 97 36 c'est
5626 6117 97 36 lui...
5751 6119 48 36 Je
5826 6130 148 27 recon-

4970 6158 88 35 nais
5089 6159 38 34 la
5153 6159 97 35 voix
5276 6159 49 35 de
5354 6160 301 46 l'Allemagne...
5683 6164 49 36 Je
5761 6163 38 38 la
5827 6177 146 27 recon-

4969 6205 89 35 nais
5090 6205 115 35 entre
5237 6205 172 37 toutes...
5443 6207 38 36 la
5511 6209 98 38 voix
5638 6220 160 32 rauque
5829 6215 40 32 et
5899 6215 73 32 dé-

4969 6251 165 36 testée...

5017 6296 129 45 Après
5182 6307 57 25 un
5273 6299 192 44 moment,
5504 6301 203 43 Philippe,
5743 6306 72 38 qui
5850 6314 50 30 ne
5936 6308 36 36 le

4967 6342 170 45 quittait
5162 6353 72 35 pas
5261 6344 69 36 des
5356 6355 120 35 yeux,
5503 6357 208 39 prononça
5733 6361 8 27 :

5015 6410 53 5 —
5094 6389 52 36 Et
5173 6389 119 44 alors,
5322 6391 99 45 père
5443 6394 18 36 ?

5015 6455 52 6 —
5094 6434 52 36 Et
5175 6436 119 43 alors,
5326 6447 96 27 mon
5451 6440 75 40 fils,
5557 6441 98 38 c'est
5682 6452 50 26 en
5759 6444 211 36 prévision

4964 6479 50 36 de
5040 6489 45 27 ce
5110 6481 166 45 jour-là
5302 6485 80 42 que'
5382 6485 96 42 j'ai
5506 6486 86 37 bâti
5620 6497 66 27 ma
5712 6489 158 37 maison
5896 6500 73 25 sur

4964 6526 107 37 cette
5095 6528 159 43 colline,
5280 6539 79 36 que
5381 6531 71 42 j'ai
5477 6532 83 36 clos
5583 6543 86 26 mes
5690 6534 158 41 jardins
5873 6536 95 36 d'un

4965 6582 103 34 mur,
5093 6574 92 44 qu'à
5210 6575 120 37 l'insu
5354 6577 49 39 de
5427 6578 91 35 tous
5539 6579 70 41 j'ai
5634 6581 209 35 accumulé
5867 6581 98 36 dans

4966 6619 56 35 les
5054 6629 213 28 communs
5300 6622 57 42 les
5390 6633 165 34 moyens
5588 6625 49 35 de
5667 6625 166 36 défense
5856 6637 8 25 :
5895 6628 70 35 des

4964 6666 239 44 munitions,
5228 6668 69 38 des
5319 6679 88 26 sacs
5428 6670 49 39 de
5488 6670 130 39 .sable,
5641 6670 49 36 de
5712 6671 37 35 la
5769 6673 196 39 poudre...

4963 6711 103 43 bref,
5108 6723 79 35 que
5224 6714 71 44 j'ai
5334 6715 148 42 dressé,
5524 6725 103 34 pour
5666 6716 36 35 le
5740 6726 66 27 cas
5845 6719 121 37 d'une

4964 6758 139 44 alerte,
5141 6760 106 36 cette
5281 6761 129 44 petite
5445 6761 222 38 forteresse
5704 6762 216 40 inconnue,
5942 6767 24 36 à

4964 6805 117 46 vingt
5107 6807 182 37 minutes
5317 6807 69 36 (lu,
5398 6808 60 34 col
5486 6807 54 35 du
5565 6807 185 39 Diable...
5778 6819 54 27 au
5858 6814 108 35 seuil

4963 6851 132 36 même
5116 6852 50 36 de
5189 6853 37 35 la
5248 6853 200 35 frontière
5469 6851 10 36 !

5015 6898 32 34 Il
5082 6898 136 36 s'était
5250 6899 139 44 planté
5423 6898 90 37 face
5546 6907 52 29 au
5633 6899 148 46 levant,
5818 6904 91 37 face
5942 6906 24 37 à

4963 6944 201 43 l'ennemi,
5200 6945 49 42 et,
5286 6945 55 35 les
5374 6944 143 45 poings
5550 6945 158 45 crispés
5743 6958 81 28 aux
5858 6951 106 37 han-

4962 6991 106 40 ches,
5105 7001 49 25 en
5186 7000 79 26 une
5298 6989 175 36 attitude
5505 6990 50 36 de
5586 6991 91 44 défi,
5712 6994 30 36 il
5773 6997 191 39 semblait

4962 7036 187 36 attendre
5173 7035 423 41 l'inévitable.assaut.

5013 7083 56 35 Le
5096 7082 280 38 commissaire
5402 7082 173 44 spécial;
5598 7086 73 42 qui
5698 7087 162 39 doutait
5887 7101 73 25 en-

4962 7138 93 26 core
5088 7138 78 34 que
5197 7137 72 25 son
5292 7127 92 35 ;zèle
5416 7128 168 38 eût-été
5616 7133 105 39 pris,
5736 7144 52 28 çn
5818 7135 143 37 défaut

4961 7175 100 36 dans
5088 7174 105 40 cette
5221 7172 156 41 affaire,
5406 7171 219 48 bougonna
5647 7187 8 26 :

4981 7254 8 6 „
5011 7242 52 4 —
5102 7211 855 56 VotreMcoquenetiépdrapasuneheure.

5011 7287 52 5 —
5089 7264 51 35 Et
5173 7263 69 45 qui
5278 7261 40 37 te
5351 7263 71 43 dit,
5458 7266 146 38 s'écria
5638 7270 189 37 Morestal
5863 7281 95 26 avec

4960 7311 255 39 véhémence,
5237 7308 71 47 qui
5330 7308 40 37 te
5388 7310 62 37 dit
5469 7318 89 35 quef
5568 7313 107 38 cette
5696 7315 193 38 heure-là
5908 7325 49 27 ne

4961 7357 80 36 soit
5076 7364 72 36 pas
5183 7354 293 45 précisément,
5499 7358 157 37 l'heure
5693 7361 130 36 même
5860 7361 97 40 qu'il

4960 7401 136 38 aurait
5125 7400 103 35 fallu
5256 7409 154 35 gagner
5430 7402 174 42 ?...
5634 7404 145 38 heure!
5798 7406 47 38 de
5873 7406 85 35 mot

4960 7449 61 36 est
5040 7445 147 45 juste...
5211 7455 81 26 une
5316 7447 129 37 heure
5466 7449 49 36 de
5538 7442 224 45 résistance
5784 7460 52 27 au
5858 7461 96 31 pre-

4962 7495 101 35 mier
5096 7491 116 35 choc!
5248 7501 82 27 une
5365 7493 130 37 heure
5528 7494 207 38 d'arrêt!...
5769 7496 109 36 voilà
5911 7505 44 26 ce

4958 7549 78 34 que
5063 7537 70 45 j'ai
5161 7538 139 42 voulu,
5330 7539 111 36 voilà
5469 7549 45 27 ce
5542 7533 79 51 que
5647 7541 136 42 j'offre
5810 7541 23 36 à
5860 7550 95 26 mon

4956 7593 111 37 pays.
5100 7583 85 41 Que
5215 7584 159 36 chacun
5405 7586 110 35 fasse
5544 7595 157 27 comme
5730 7586 92 42 moi,
5855 7586 97 36 dans

4972 7642 21 25 a
5026 7638 163 26 mesure
5221 7629 50 36 de
5302 7639 63 27 ses
5399 7631 144 39 forces,
5577 7641 79 34 que
5686 7631 158 36 chacun
5874 7631 80 35 soit

4957 7675 122 36 hanté
5109 7674 165 46 jusqu'à
5305 7676 38 36 'la
5372 7676 127 36 fièvre
5514 7686 91 35 "par
5635 7675 234 38 l'obsession
5898 7676 55 35 du

4956 7721 156 37 service
5143 7721 228 37 individuel
5403 7722 97 44 qu'il
5532 7722 137 35 devra'
5686 7721 147 37 rendre
5861 7721 23 36 à
5915 7722 38 35 la

4958 7767 131 45 patrie
5120 7767 50 42 et,
5202 7767 35 35 si
5269 7768 38 35 la
5335 7776 149 36 guerre
5513 7767 138 42 éclate,
5683 7775 99 27 vous
5812 7775 139 26 verrez

4954 7812 205 36 comment
5185 7822 58 27 un
5268 7812 129 46 grand
5423 7812 151 46 peuple
5599 7812 81 36 sait
5706 7811 174 47 prendre
5909 7821 45 27 sa

4954 7858 215 36 revanche.

5003 7925 52 5 —
5081 7904 53 35 Et
5157 7905 46 40 si,
5229 7904 155 41 malgré
5407 7904 114 41 tout,
5532 7912 102 28 nous
5658 7910 173 29 sommes
5856 7900 95 39 bat-

4953 7950 93 36 tus?
5072 7950 144 45 répéta
5242 7951 206 46 Philippe.

5003 8016 52 11 -,
5082 7996 132 43 Quoi?
