6287 8677
896 416 34 34 •
1068 376 488 104 Théâtres
1698 414 34 36 •
1870 376 468 120 Musique
2490 404 36 36 •
2666 366 488 102 Concerts
3298 406 36 34 •
3478 366 666 104 Music-Halls
4288 404 36 38 •
4462 366 674 106 Attractions
5230 416 36 34 •

552 558 1072 116 L'Anniversaire
1700 558 156 112 de
1938 554 488 116 Racine

472 793 69 45 La
555 793 154 54 gloire
728 792 67 49 du
812 787 145 59 poète
976 805 61 32 en
1056 789 129 47 1910.
1272 789 80 45 Un
1369 787 121 47 livre
1503 786 61 48 de
1578 784 65 49 M.
1661 785 473 48 Masson-Forestier-
2151 811 38 9 --
2213 780 23 20 "
2253 781 232 49 Bérénice
2499 779 25 22 "

773 864 27 43 à
829 865 45 42 la
915 858 536 56 Comédie-Française;
1492 855 23 17 "
1547 856 254 56 Iphigénie
1831 855 24 20 "
1901 859 26 44 à
1954 854 243 49 l'Odéon.

507 1016 79 35 Nos
618 1014 183 37 théâtres
834 1011 174 39 officiels
1038 1010 209 40 célèbrent
1278 1008 179 48 éperdu-

454 1062 124 40 ment,
603 1061 159 43 chaque
786 1061 139 42 année,
952 1057 310 39 l'anniversaire
1286 1059 49 36 de
1358 1056 98 39 Cor-

453 1109 135 41 neille,
609 1108 49 35 de
677 1108 148 35 Racine
844 1107 41 36 et
901 1107 49 35 de
968 1104 179 38 Molière.
1168 1106 53 35 Ils
1239 1103 71 38 ont
1327 1106 132 35 même

454 1155 194 35 coutume
678 1154 49 36 de
756 1153 273 42 commander,
1061 1162 106 36 pour
1197 1160 79 37 que
1307 1152 37 35 la
1375 1149 84 38 fête

454 1201 82 35 soit
555 1201 92 37 plus
666 1199 106 37 belle
792 1208 94 27 sans
906 1198 135 38 doute,
1062 1209 57 25 un
1138 1199 202 37 à-propoa
1361 1198 23 35 à
1404 1206 55 27 un

452 1248 126 42 jeune
610 1244 118 46 poète
759 1242 71 48 qui
860 1243 193 47 pourrait
1084 1242 114 39 avoir
1230 1236 70 45 du.
1317 1242 140 38 talent.

452 1293 111 36 Tous
595 1294 57 35 les
681 1292 139 45 poètes
851 1291 49 37 de
930 1293 118 34 notre
1078 1291 157 45 époque
1265 1289 71 37 ont
1365 1290 92 45 plus

452 1350 54 25 ou
529 1340 131 35 moins
683 1338 103 36 écrit
807 1348 56 26 un
890 1351 18 19 «
932 1336 127 47 gentil
1080 1337 106 46 petit
1207 1337 201 45 à-propos
1433 1349 18 18 »

453 1396 52 25 en
543 1386 215 34 l'honneur
794 1383 49 37 de
880 1384 212 42 Corneille,
1132 1383 49 37 de
1218 1383 149 36 Racine
1405 1389 52 29 ou

453 1432 97 36 bien
575 1431 48 36 de
650 1430 205 36 Molière...
884 1428 255 44 Néanmoins;
1169 1439 66 33 ces
1261 1429 194 35 anniver-

453 1478 130 36 saires
605 1477 92 36 sont
716 1486 95 26 sans
831 1477 106 36 éclat
955 1476 40 36 et
1015 1476 198 45 quelques
1233 1484 223 36 personnes

452 1523 247 43 prétendent
729 1523 120 47 qu'ils
880 1522 70 37 ont
979 1523 84 36 tort
1092 1522 48 36 de
1170 1521 165 38 revenir
1365 1520 91 39 tous

450 1571 60 36 les
537 1579 110 27 ans...
1281 1568 8 51 ^

505 1628 101 36 Mais
646 1627 107 37 cette
793 1628 205 42 année-ci,
1039 1627 37 37 la
1117 1626 251 37 célébration
1407 1624 48 37 do

450 1674 315 38 l'anniversaire
794 1674 49 36 de
872 1675 149 36 Racine
1046 1695 53 5 —
1126 1673 164 37 demain
1316 1693 52 5 —
1396 1671 60 36 est

746 3461 155 35 RACINE
925 3468 26 27 A
976 3460 48 36 32
1047 3468 80 28 ANS

738 3524 139 39 (Musée
907 3524 44 32 de
979 3524 181 39 Langres)

447 3629 387 46 particulièrement
857 3629 197 46 justifiée.
1080 3629 58 37 La
1164 3629 84 37 fête
1271 3631 184 37 commé-

449 3676 204 36 morative
677 3676 179 45 prendra
878 3676 71 36 des
973 3676 84 35 airs
1081 3676 49 36 de
1153 3676 85 36 fête
1261 3675 50 38 de
1334 3678 123 45 répa-

449 3723 147 42 ration,
631 3723 39 35 et
700 3722 107 36 cette
837 3722 241 45 réparation
1109 3724 62 35 est
1200 3722 94 36 bien
1326 3723 79 37 due
1437 3725 22 35 à

447 3770 119 35 notre
601 3770 94 45 plus
731 3768 129 46 grand
907 3768 121 46 poète
1075 3768 274 46 dramatique,
1388 3777 70 29 car

448 3816 150 36 Racine
629 3816 61 35 est
719 3825 146 26 encore
895 3815 118 36 notre
1042 3816 94 45 plus
1166 3816 129 45 grand
1324 3816 131 46 poète,

447 3872 52 27 ne
528 3862 216 36 l'oublions
773 3871 86 36 pas.

500 3920 175 38 L'année
700 3921 98 35 1910
823 3928 22 27 a
868 3917 64 39 été
955 3917 214 39 mauvaise
1191 3929 107 34 pour
1321 3918 70 40 lui,
1418 3921 40 36 et

448 3967 70 36 des
545 3965 185 38 ennemis
758 3966 237 36 inattendus
1021 3976 44 27 se
1089 3967 94 36 sont
1208 3962 200 42 acharnés
1435 3965 24 39 à

449 4015 38 35 le
509 4014 148 45 perdre
681 4013 49 36 de
753 4013 250 46 réputation.

617 4071 151 46 gloire*
808 4072 57 35 les
904 4071 94 45 plus
1036 4071 300 36 éblouissantes
1376 4071 80 43 ont,

449 4128 158 26 comme
629 4118 97 42 cela,
750 4117 70 36 des
843 4118 186 45 éclipses.
1053 4117 99 36 Hier
1174 4127 157 33 encore,
1355 4127 104 26 nous

448 4175 52 26 ne
523 4165 182 45 parlions
729 4164 48 35 de
800 4164 150 36 Racine
973 4164 166 45 qu'avec
1163 4164 232 42 révérence,
1420 4163 40 37 et

448 4212 114 35 Jules
588 4210 218 40 Lemaître:
833 4217 105 36 pour
963 4211 118 34 notre
1102 4210 97 43 joie,
1227 4210 58 35 lui
1311 4219 147 27 consa-

448 4258 106 36 crait
577 4257 91 36 tout
690 4267 58 25 un
770 4257 104 36 livre
898 4256 147 36 amical
1070 4256 40 37 et
1133 4254 192 45 attendri,
1351 4255 54 37 où
1430 4252 29 39 il

1516 1008 186 39 chantait
1744 1006 317 41 incessamment
2115 1008 58 36 les
2229 1007 195 45 louanges
2465 1005 55 36 du

1515 1057 118 45 poète
1663 1056 343 46 incomparable...

1567 1103 52 35 Et
1647 1101 155 38 l'année
1832 1104 98 34 1910
1959 1099 63 40 est
2046 1108 134 29 venue
2202 1098 8 38 !

1568 1149 109 36 Dans
1711 1157 81 28 une
1826 1149 244 36 conférence
2103 1146 49 37 de
2187 1143 175 44 l'Odéon,
2399 1143 122 46 qu'on

1515 1194 63 38 n'a
1613 1194 215 42 peut-être
1862 1204 72 28 pas
1969 1192 174 42 oubliée,
2179 1193 49 35 M.
2264 1190 108 37 René
2406 1191 112 34 Fau-

1514 1242 115 36 chois
1657 1242 180 40 essayait
1862 1239 301 42 bruyamment,
2194 1238 42 36 et
2260 1244 56 29 un
2343 1244 81 34 peu
2452 1235 65 36 in-

1514 1287 339 43 considérément,
1894 1285 50 38 de
1983 1283 166 39 réduire
2188 1292 51 29 en
2277 1280 165 39 miettes
2482 1280 37 37 la

1514 1334 129 46 gloire
1670 1334 49 36 de
1745 1333 149 36 Racine
1917 1342 8 33 ;
1953 1333 28 35 il
2008 1332 62 36 est
2094 1331 91 36 vrai
2212 1338 80 39 que
2319 1328 57 37 les
2403 1337 114 28 mor-

1514 1389 129 27 ceaux
1668 1390 50 26 en
1743 1381 92 35 sont
1857 1380 114 35 bons.

1557 1425 95 37 Fait
1671 1427 93 40 plus
1785 1422 124 44 grave
1932 1433 8 27 ;
1962 1432 57 28 un
2040 1423 166 37 sérieux
2226 1418 195 46 écrivain,
2444 1416 71 50 qui

1512 1472 61 37 est
1592 1481 51 27 en
1661 1472 132 36 même
1813 1470 131 44 temps
1965 1477 57 29 un
2039 1470 168 36 sérieux
2225 1466 149 44 érudit,
2394 1473 121 29 scru-

1513 1520 153 39 puleux
1698 1518 41 36 et
1770 1515 217 43 opiniâtre,
2024 1515 40 37 et
2097 1516 70 43 qui
2202 1513 73 43 est,
2310 1520 75 38 par
2418 1519 96 29 sur-

1511 1566 115 40 croît,
1650 1573 57 27 un
1729 1563 248 37 descendant
1998 1562 50 36 de
2071 1559 159 42 Racine,
2257 1558 48 38 M.
2330 1558 185 37 Masson-

1515 1610 219 41 Forestier,
1766 1609 116 36 vient
1912 1608 50 37 de
1994 1607 164 45 publier
2189 1616 73 26 sur
2293 1615 54 27 ou
2377 1605 142 36 contre

1515 1658 148 35 Racine
1693 1666 57 26 un
1776 1655 204 39 véritable
2008 1651 280 48 réquisitoire.

1565 1703 56 37 Le
1653 1704 103 35 livre
1788 1701 201 36 s'intitule
2012 1710 8 26 :
2050 1701 163 34 Autour
2242 1698 97 36 d'un
2369 1697 149 36 Racine

1514 1749 154 44 ignoré,
1696 1750 40 36 et
1762 1758 45 26 ce
1835 1748 149 35 Racine
2012 1745 141 44 ignoré
2179 1753 104 28 nous
2311 1743 208 37 souffrons

1515 1795 257 37 maintenant
1797 1794 50 36 de
1874 1794 36 35 le
1937 1792 223 37 connaître.

1566 1842 32 35 Il
1623 1841 147 41 appert
1793 1840 70 36 des
1889 1838 347 38 démonstrations
2261 1837 49 36 de
2334 1837 49 35 M.
2409 1833 109 38 Mas-

1517 1885 312 40 son-Forestier
1872 1894 79 34 que
1993 1883 150 37 Racine
2185 1882 104 38 était
2330 1890 57 28 un
2429 1881 88 37 être

1517 1936 185 40 fâcheux,
1727 1943 57 26 un
1806 1932 120 36 triste
1949 1932 94 36 sire.
2066 1928 61 37 Eh
2152 1930 7 36 !
2184 1929 99 36 allez
2308 1926 101 39 donc
2432 1927 8 36 !

1567 1982 31 36 Il
1631 1981 157 39 appert,
1822 1988 50 26 en
1904 1978 129 42 outre,
2068 1985 79 35 que
2178 1974 160 43 Racine,
2372 1973 71 37 dès
2475 1983 44 26 sa

1516 2025 379 39 trente-deuxième
1947 2023 140 42 année,
2141 2021 103 37 était
2292 2019 226 46 complète-

1515 2074 112 35 ment
1650 2072 154 40 épuisé,
1830 2071 106 38 vidé,
1960 2078 157 28 comme
2141 2077 104 27 nous
2268 2066 139 37 disons
2432 2066 86 36 élé-

1515 2119 207 40 gamment
1756 2115 277 44 aujourd'hui,
2069 2115 40 35 et
2142 2123 80 36 que
2254 2113 106 36 cette
2394 2111 123 46 dégé-

1517 2162 240 40 nérescence
1789 2174 42 25 se
1862 2161 222 37 manifeste
2115 2160 48 36 de
2196 2158 38 37 la
2265 2158 185 37 manière
2483 2158 35 35 la

1516 2213 91 42 plus
1645 2210 200 37 navrante
1884 2208 99 37 dans
2034 2206 254 44 Iphigénie...
2329 2204 41 37 et
2419 2204 100 36 dans

1513 2254 199 41 Phèdre...

1567 2305 88 41 Oui,
1685 2305 47 35 M.
1761 2299 400 40 Masson-Forestier
2187 2298 62 37 est
2274 2308 56 26 un
2356 2298 164 35 homme

1516 2351 207 36 terrible...
1757 2351 31 34 Il
1823 2359 50 26 ne
1908 2349 58 35 lui
2001 2346 119 37 suffit
2152 2352 73 38 pas
2259 2345 48 35 de
2339 2352 181 37 prouver

1516 2408 77 30 que
1623 2397 148 36 Racine
1802 2395 112 36 avait
1943 2392 142 38 exercé
2116 2401 63 27 ses
2209 2392 188 44 passions
2426 2388 92 47 jus-

1515 2445 91 35 qu'à
1632 2444 127 35 l'abus
1784 2442 40 36 et
1848 2441 98 42 qu'il
1972 2450 50 26 en
2045 2439 157 36 résulta
2226 2447 106 32 pour
2358 2437 57 34 lui
2440 2445 81 26 une

1515 2489 295 37 neurasthénie
1839 2488 120 41 aiguë
1988 2485 41 37 et
2056 2492 81 29 une
2167 2483 249 43 regrettable
2445 2482 72 36 dé-

1515 2538 189 37 pression
1747 2533 331 38 intellectuelle...
2122 2530 32 38 Il
2199 2530 149 36 atteste
2392 2528 124 46 impi-

1516 2582 277 40 toyablement
1826 2590 78 32 que
1937 2579 160 42 Racine,
2132 2576 188 38 écrivant
2350 2573 168 48 Iphigé-

1514 2640 79 27 nie,
1616 2629 102 36 était
1741 2627 213 41 incapable
1976 2626 49 35 de
2047 2626 170 36 trouver
2238 2623 49 37 de
2308 2621 212 38 nouvelles

1517 2676 109 36 idées
1666 2675 49 36 de
1753 2674 147 41 pièces,
1942 2673 70 35 des
2053 2672 163 40 images,
2258 2668 71 37 des
2368 2667 120 37 effets
2512 2678 7 25 :

1516 2724 118 37 alors,
1663 2722 27 35 il
1716 2720 122 37 sortit
1860 2720 55 35 du
1938 2718 122 38 tiroir
2083 2717 52 36 où
2161 2717 27 35 il
2214 2714 183 44 reposait
2420 2715 100 35 dans

1517 2768 168 37 l'ombre
1707 2777 56 26 un
1788 2767 179 35 informe
1990 2764 107 37 essai
2121 2763 49 36 de
2193 2763 203 45 jeunesse,
2422 2760 96 47 qu'il

1516 2815 70 34 eut
1608 2815 97 34 bien
1729 2814 49 35 de
1804 2813 37 35 la
1866 2812 121 44 peine
2012 2807 23 40 à
2058 2809 236 44 compléter,
2322 2807 40 37 et
2386 2817 45 26 ce
2456 2807 61 35 fut

1517 2861 251 43 lphigénie...
1809 2859 135 40 Quant
1982 2858 22 36 à
2041 2856 131 36 Pèdre
2192 2856 50 35 1...
2284 2854 100 36 Mais
2426 2854 94 35 lisez

1515 2908 103 37 donc
1651 2908 48 35 M.
1734 2903 411 39 Masson-Forestier.

1570 2952 119 38 Hélas
1714 2952 6 36 !
1761 2962 45 27 ce
1845 2952 112 35 cruel
2000 2950 139 36 érudit
2176 2948 208 47 proclame
2425 2955 96 28 avec

1515 3011 81 25 une
1629 2999 212 36 hardiesse
1874 2997 224 46 tranquille
2121 3005 7 26 :

1575 3061 17 18 «
1621 3047 109 35 Nous
1758 3054 125 27 avons
1910 3054 51 27 eu
1988 3044 37 35 la
2051 3041 198 38 curiosité
2276 3040 49 37 de
2351 3039 169 37 recher-

1516 3091 97 37 cher
1644 3088 136 45 quelle
1811 3090 62 37 est
1903 3091 38 35 la
1969 3088 118 42 pièce
2116 3089 49 36 de
2196 3088 149 35 Racine
2376 3096 79 32 que
2487 3086 35 36 le

1516 3140 140 40 public
1696 3148 22 26 a
1759 3138 190 40 toujours
1989 3135 148 45 goûtée
2191 3135 35 35 le
2280 3132 145 37 moins.
2467 3133 53 35 La

1516 3186 145 41 palme,
1692 3185 22 36 à
1740 3184 65 37 cet
1831 3181 134 45 égard,
1995 3181 95 37 s'est
2118 3180 229 46 longtemps
2375 3179 145 45 dispu-

1519 3232 205 37 tée'entre
1748 3231 198 35 Bérénice
1974 3230 40 35 et
2038 3227 253 46 Iphigénie...
2318 3226 62 35 En
2405 3226 118 36 notre

1519 3280 141 43 temps,
1719 3276 215 47 Iphigénie
1992 3274 230 46 l'emporte;
2280 3272 78 39 elle
2415 3272 108 39 reste

1517 3327 132 35 bonne
1684 3324 191 37 dernière
1898 3322 6 36 !
2132 3328 39 25 ^

1572 3386 17 18 »
1622 3372 63 34 En
1708 3380 168 32 somme,
1906 3378 52 26 au
1983 3368 120 46 point
2128 3367 50 36 de
2204 3376 80 26 vue
2312 3364 48 38 de
2389 3366 37 36 la
2453 3375 69 27 re-

1516 3417 295 48 présentation,
1842 3415 215 47 Iphigénie
2088 3414 63 36 est
2178 3423 158 27 comme
2366 3413 156 38 inexis-

1518 3466 124 36 tante.
1670 3478 18 19 »

1570 3512 63 41 Or,
1667 3519 249 28 savez-vous
1946 3508 157 45 quelles
2132 3507 138 46 pièces
2299 3516 52 27 on
2379 3506 143 43 donne,

1517 3558 106 37 cette
1645 3558 139 38 année,
1807 3565 106 34 pour
1934 3554 313 37 l'anniversaire
2267 3552 49 38 de
2337 3553 149 36 Racine
2508 3554 16 35 ?

1515 3606 34 35 A
1574 3605 37 36 la
1637 3601 452 45 Comédie-Française,
2117 3600 97 36 c'est
2238 3600 198 36 Bérénice
2455 3600 14 34 1
2493 3598 29 36 A

1518 3651 176 43 l'Odéon,
1734 3651 48 35 M.
1820 3649 177 36 Antoine
2035 3657 23 27 a
2094 3646 133 37 choisi
2265 3645 257 47 spirituelle-

1517 3697 150 37 ment...
1693 3696 216 46 Iphigénie
1928 3696 14 34 1

1568 3745 147 35 Est-ce
1745 3751 80 27 une
1856 3742 133 36 ironie
2018 3740 23 37 à
2070 3738 194 38 l'adresse
2295 3739 55 36 du
2380 3738 145 38 savant

1518 3791 48 36 M.
1596 3788 401 38 Masson-Forestier
2018 3788 18 36 ?
2065 3788 97 42 Non,
2194 3787 36 35 le
2259 3786 151 36 hasard
2437 3787 85 35 seul

1517 3848 22 25 a
1570 3835 230 38 déterminé
1831 3843 66 28 ces
1927 3834 132 43 choix,
2094 3834 36 36 le
2162 3832 151 37 hasard
2345 3833 71 45 qui
2448 3832 78 36 fait

1517 3884 191 42 toujours
1735 3882 97 36 bien
1857 3889 46 28 ce
1929 3880 99 43 qu'il
2056 3880 91 36 fait.
2176 3880 101 35 Mais
2304 3889 57 26 un
2386 3879 139 43 public

1518 3931 92 39 plus
1650 3928 169 36 vibrant
1872 3937 79 30 que
2006 3926 239 36 d'habitude
2299 3925 225 36 acclamera

1518 3969 214 48 Iphigénie
1760 3983 159 27 comme
1946 3972 211 37 Bérénice.
2188 3972 32 36 Il
2248 3980 180 33 vengera
2456 3971 70 37 des

1519 4023 160 41 injures
1714 4028 80 35 que
1830 4019 59 37 lui
1925 4019 203 42 prodigua
2164 4016 157 39 l'année
2357 4019 98 35 1910
2492 4018 34 36 le

1517 4069 94 43 plus
1631 4066 223 45 purement
1874 4062 183 49 françaià
2077 4062 51 40 âe
2148 4075 74 26 nos
2243 4064 152 46 poètes,
2419 4064 105 36 celui

1518 4115 99 37 dont
1643 4111 38 39 la
1706 4114 120 44 grâce
1851 4112 196 37 demeure
2072 4112 156 44 malgré
2255 4111 91 36 tout
2371 4111 38 36 la
2435 4111 92 45 plus

1518 4161 110 36 forte
1650 4170 9 33 ;
1685 4162 49 41 et,
1759 4168 81 27 une
1864 4159 80 36 fois
1968 4168 53 27 au
2044 4159 145 41 moins,
2215 4157 312 36 l'anniversaire

1516 4207 50 35 de
1592 4205 151 37 Racine
1769 4215 103 27 aura
1898 4205 111 36 servi
2036 4205 23 36 à
2085 4205 178 37 QuelQue
2289 4204 135 36 chose.

2008 4253 35 35 J.
2068 4249 407 38 ERNEST-CHARLES.

448 4410 804 108 L'Opéra-Comique

612 4538 348 108 reprend
1004 4524 48 38 "
1084 4538 308 84 Louise

514 4696 107 42 Une
667 4705 177 30 œuvre
894 4693 238 42 moderne
1175 4694 230 41 devenue

507 4760 275 51 classique.
808 4780 36 9 —
878 4759 103 40 Les
1010 4758 156 41 douze
1197 4759 203 41 Louise.

614 4822 204 44 Débuts
844 4823 61 41 de
935 4823 116 40 Mme
1077 4823 215 41 Edvina.

502 4929 47 47 Je
576 4942 61 24 me
666 4928 182 38 souviens
878 4940 143 27 encore
1048 4928 49 37 de
1125 4933 100 32 cette
1255 4927 125 38 soiréè
1408 4929 52 35 du

450 4992 23 26 2
496 4982 146 37 février
667 4991 92 37 1900
780 4981 49 38 où
852 4986 123 43 parut
989 4992 99 36 pour
1109 4980 38 38 la
1167 4980 194 48 première
1383 4980 77 37 fois

450 5035 155 44 Louise,
625 5033 238 38 l'admirable
883 5033 318 38 roman-musical
1220 5033 47 37 de
1287 5032 174 42 Gustave

452 5086 272 48 Charpentier.

507 5139 33 37 Il
567 5153 24 34 y
616 5152 96 24 aura
736 5139 150 39 bientôt
913 5152 97 25 onze
1037 5151 70 26 ans
1134 5139 47 37 de
1209 5138 83 38 cela
1318 5138 8 37 !
1355 5144 38 31 et
1420 5137 41 49 je

452 5192 56 37 les
535 5191 36 38 ai
598 5191 205 48 comptées,
828 5193 92 36 elles
947 5192 133 37 furent
1104 5203 97 26 onze
1227 5191 234 48 interprètes

454 5245 48 36 de
530 5257 42 24 ce
601 5244 70 47 joli
700 5245 80 36 rôle
807 5245 46 36 de
882 5245 154 39 Louise.
1064 5246 109 35 Mme
1202 5243 165 45 Edvina,
1397 5244 65 47 qui

452 5296 58 48 s'y
542 5297 200 37 affirmera
774 5297 96 36 dans
903 5297 183 47 quelques
1118 5298 151 44 heures,
1302 5309 88 24 sera
1422 5297 38 36 la

453 5350 202 36 douzième
679 5349 161 37 héroïne
863 5349 49 37 de
934 5349 163 38 l'amour
1121 5349 146 38 libre..

506 5401 50 40 Et
574 5402 39 47 je
632 5403 54 36 les
706 5402 128 36 revois
863 5415 6 24 :
889 5403 38 35 la
943 5403 85 46 plus
1046 5402 228 37 charmante
1290 5401 172 45 d'abord,

452 5455 39 36 la
510 5454 202 47 première,,
733 5454 110 37 l'élue
864 5454 51 37 du
935 5455 123 47 poète,
1080 5454 96 37 Mlle
1197 5454 154 45 Rioton,
1372 5460 88 42 trop

454 5506 80 37 vite
561 5506 157 37 enlevée
746 5506 22 37 à
795 5508 37 35 la
859 5507 62 36 vie
949 5507 51 36 du
1025 5506 153 38 théâtre
1189 5510 114 43 'pour
1329 5506 131 38 l'exis-

454 5564 113 31 tence
595 5559 199 44 familiale,
822 5559 36 37 la
886 5560 84 46 plus
997 5559 110 37 vraie
1136 5560 46 36 de
1210 5561 128 35 toutés
1365 5570 96 28 avec

457 5623 42 24 sa
532 5611 181 47 jeunesse
746 5611 168 37 fleurant
945 5611 165 37 l'atelier
1142 5611 184 47 parisien,
1360 5611 101 45 vive,

456 5669 141 40 preste,
642 5663 150 36 sincère
835 5669 38 31 et
916 5663 175 45 franche,
1136 5664 221 37 volontaire
1413 5664 48 36 de

455 5715 176 44 l'amour,
668 5715 46 36 de
748 5728 64 23 ces
847 5721 193 31 cousettes
1074 5716 65 46 qui
1175 5716 87 37 font
1297 5715 37 38 la
1369 5716 93 37 robe

456 5767 221 37 entravée...
701 5767 104 37 Mais
828 5780 98 35 pour
949 5769 54 35 les
1027 5774 131 30 autres
1185 5769 51 38 !...,

511 5820 100 36 Miss
632 5818 155 42 Gariien
806 5818 77 48 qui,
902 5821 34 35 le
960 5831 42 25 10
1022 5821 111 43 avril,
1153 5820 195 48 remplaça
1366 5820 98 37 dans

457 5873 37 36 le
518 5872 199 38 troisième
744 5877 85 32 acte
856 5871 196 38 l'alouette
1078 5872 171 45 envolée,
1277 5872 187 38 arrachée

460 5938 80 23 aux
573 5925 125 39 bruits
735 5925 31 36 si
804 5924 177 37 flatteurs
1016 5924 67 36 des
1117 5924 143 37 bravos
1305 5938 7 23 :
1346 5925 48 37 de
1427 5925 38 37 la

460 5977 117 46 grâce
612 5977 116 44 aussi,
761 5989 76 24 une
872 5977 258 47 contrefaçon
1163 5976 193 47 exotique,
1390 5990 75 24 une

460 6029 143 39 Louise
625 6030 46 36 de
695 6028 222 48 Broadway
938 6041 51 26 ou
1010 6029 52 36 du
1088 6028 156 44 Strand,
1267 6028 85 48 plus
1374 6027 92 38 bril-

460 6083 105 35 lante
586 6094 69 35 par
675 6082 36 37 la
731 6081 94 38 voix
845 6093 74 36 que
940 6093 71 35 par
1032 6082 35 36 le
1088 6081 78 47 jeu.
1190 6081 54 40 Le
1265 6092 21 36 3
1308 6082 158 37 octobre

467 6143 103 36 1901,
605 6132 101 39 voici
743 6134 108 36 Mme
889 6133 164 38 Charles
1092 6131 176 39 Rothier.
1306 6132 84 40 Elle
1428 6144 41 26 se

459 6190 140 32 trouve
621 6186 249 47 aujourd'hui
894 6198 47 25 en
964 6186 198 48 province,
1187 6198 90 25 sous
1301 6197 52 25 un
1376 6196 91 26 nom

460 6237 65 46 qui
556 6237 233 48 m'échappe.
820 6238 96 38 Mlle
947 6238 188 45 Cesbron,
1166 6239 35 36 le
1231 6246 48 38 24
1309 6238 157 47 janvier

467 6296 103 39 1902,
596 6295 77 30 met
699 6303 49 23 au
773 6291 149 36 service
948 6291 54 37 de'
1022 6292 142 39 Louise
1191 6302 42 26 sa
1259 6291 95 36 voix
1378 6289 90 37 bien

462 6340 175 38 timbrée.
667 6340 83 40 Elle
777 6348 81 31 sort
884 6342 22 37 à
933 6343 111 47 peine
1071 6344 51 36 du
1150 6342 316 38 Conservatoire.

517 6394 55 39 Le
599 6404 23 36 9
649 6394 88 43 mai,
765 6394 108 38 Mme
901 6392 131 40 Claire
1062 6393 141 39 Friehé
1231 6396 131 47 prend,
1379 6407 88 36 pos-

465 6449 159 35 session.
652 6446 51 36 du
739 6458 253 35 personnage.
1030 6448 104 36 Mais
1170 6460 42 24 ce
1248 6448 98 41 n'est
1382 6446 86 49 plus

464 6499 158 47 l'image
660 6496 114 39 rêvée
812 6510 69 34 par
920 6498 269 48 Charpentier.
1229 6501 57 38 La
1325 6500 143 36 femnie

464 6552 77 43 oui,
557 6549 98 38 mais
678 6550 86 47 plus
785 6550 38 36 la
844 6549 117 47 jeune
976 6551 85 44 fille,
1077 6558 38 29 et
1137 6552 34 36 le
1193 6552 156 37 dernier
1372 6558 96 38 acte,

466 6616 95 24 avec
588 6604 36 36 la
651 6602 160 43 révolte,
838 6613 127 36 gagne
990 6612 48 30 en
1065 6603 181 39 intensité
1272 6604 197 47 d'expres-

467 6656 86 37 sion
576 6660 38 32 et
640 6656 47 36 de
714 6654 121 44 force,
861 6653 129 37 tandis
1016 6666 73 35 que
1115 6656 34 35 le
1177 6657 167 45 premier
1371 6662 38 30 et
1436 6656 34 36 le

465 6708 198 37 troisième
689 6707 163 47 perdent
879 6718 48 24 en
951 6705 118 47 grâce
1094 6712 37 30 et
1156 6719 48 24 en
1229 6707 134 39 vérité.
1392 6708 78 37 Par

465 6768 146 36 centre,
642 6759 125 48 quelle
797 6758 99 37 belle
927 6758 95 36 voix
1048 6758 7 36 !
1089 6759 55 38 Le
1175 6758 46 36 26
1253 6758 216 48 septembre

468 6822 103 36 1902,
621 6813 157 35 saluons
827 6823 50 25 au
926 6821 165 36 passage
1140 6810 95 37 Mlle
1283 6808 185 48 Tournié,

465 6863 96 37 Mlle
588 6863 82 38 Gril
694 6865 35 36 le
758 6874 43 26 10
825 6862 157 48 janvier
1011 6872 103 37 1903.
1141 6862 95 36 Mlle
1261 6862 147 39 Mastio
1434 6864 34 37 le

466 6915 23 35 6
524 6915 201 37 décembre
760 6916 46 36 de
840 6921 101 31 cette
975 6914 124 38 même
1134 6914 134 44 année,
1303 6920 57 31 est
1394 6928 75 25 une

467 6967 141 38 Louise
628 6974 86 41 trop
732 6968 148 47 grande
899 6967 95 37 dame
994 6967 210 37 d'allure.

522 7019 91 36 Plus
663 7020 230 36 exécutante
943 7020 47 36 de
1042 7023 159 32 concert
1250 7018 220 46 qu'actrice,

471 7068 96 38 Mlle
608 7071 220 44 Demellier,
867 7085 79 24 aux
985 7077 111 32 notes
1136 7075 127 43 purès,
1302 7070 58 36 est
1397 7083 74 25 une

471 7121 143 39 Louise
644 7123 78 36 très
752 7124 170 46 gentille,
953 7124 98 36 mais
1083 7129 88 40 trop
1203 7121 128 37 froide
1362 7121 33 38 le
1431 7132 42 39 17

472 7173 210 38 novembre
720 7185 101 37 1905.
857 7177 121 35 Mme'
999 7175 220 42 Vallandri,
1255 7174 42 36 si.
1322 7170 151 49 blonde,

470 7226 57 47 s'y
550 7231 151 30 montre
722 7232 86 42 trop
829 7226 97 38 belle
948 7232 37 32 et
1006 7228 80 36 très
1109 7226 128 37 habile
1260 7227 213 40 cantatrice

468 7279 35 36 le
527 7277 23 37 6
574 7277 214 46 septembre
818 7289 99 38 1907.
945 7279 95 37 Mlle
1065 7281 167 38 Lamare
1257 7289 99 26 nous
1383 7279 95 36 rend

472 7340 166 39 presque
664 7328 95 36 Mlle
785 7330 152 45 Rioton,
964 7332 171 36 fermant
1159 7344 43 24 ce
1229 7329 126 37 cercle
1379 7329 97 43 d'in-

471 7380 192 49 terprètes
692 7381 34 35 le
754 7391 46 25 22
828 7383 156 37 octobre
1017 7384 103 46 1908,
1150 7395 96 25 avec
1274 7380 202 48 beaucoup

472 7435 100 36 d'art
584 7432 127 38 .vocal
739 7437 38 31 et
803 7432 46 36 de
878 7431 213 50 simplicité.
1121 7436 108 36 Mme
1258 7433 155 41 Edvina
1441 7434 35 36 le

472 7485 183 40 rouvrira
680 7496 43 24 ce
749 7483 90 37 soir.

624 7554 79 41 Mme
730 7552 121 41 Edvina
875 7563 88 30 nous
988 7554 93 43 vient
1100 7555 43 44 de
1165 7555 159 41 Londres

525 7626 37 36 A
581 7637 72 25 son
674 7623 106 47 léger
801 7628 145 39 accent,
968 7637 49 23 on
1038 7626 36 35 la
1094 7625 160 38 croirait
1276 7624 202 48 Anglaise.

475 7676 84 40 Elle
591 7678 145 47 épousa
769 7674 89 36 bien
891 7685 51 25 un
975 7675 184 47 Anglais,'
1184 7677 97 37 mais
1315 7679 73 35 elle
1422 7682 58 31 est

473 7730 191 46 d'origine
695 7725 241 40 canadienne
965 7731 46 32 *et,,
1033 7727 227 40 Parisienne
1289 7730 62 36 six
1380 7728 99 40 mois

473 7783 46 35 de
541 7781 160 37 l'année.

529 7834 141 43 Quand
697 7832 40 45 je
762 7833 37 35 la
827 7829 177 45 regarde,
1029 7830 134 38 blottie
1189 7834 95 36 dans
1311 7846 53 25 un
1391 7832 87 38 fau-

474 7886 94 36 teuil
590 7886 47 35 de
661 7890 149 31 ce'tout
833 7882 96 48 petit
952 7882 109 36 salon
1083 7883 45 36 de
1151 7884 128 38 l'hôtel
1304 7875 175 55 Astdria,

475 7937 64 46 qui
560 7942 57 31 est
636 7949 70 23 son
727 7937 113 36 home
859 7935 47 36 de
928 7945 175 36 passage,
1125 7946 136 26 menue
1281 7944 37 30 et
1339 7938 84 44 fine,
1445 7937 33 37 le

476 7989 135 46 visage
641 7988 274 36 discrètement
944 7986 142 37 éclairé
1117 7997 68 36 par
1214 8000 74 24 une
1317 7989 162 37 lumière

476 8039 222 38 dissimulée
723 8040 237 40 habilement
984 8038 97 38 dans
1106 8039 66 36 des
1200 8038 215 50 feuillages,
1442 8042 37 37 la

1516 4396 211 38 silhouette
1754 4394 234 49 m'apparaît
2012 4392 91 39 bien
2130 4392 94 38 celle
2252 4393 47 37 de
2328 4405 62 25 ces
2418 4392 109 38 vives

1519 4449 140 42 petites
1679 4448 199 38 créatures
1898 4446 65 42 qui
1982 4446 208 37 trottinent
2210 4457 50 26 au
2279 4445 122 37 matin
2422 4451 37 32 et
2480 4457 48 26 au

1521 4502 80 37 soir
1625 4512 67 26 sur
1716 4500 56 38 les
1797 4500 179 37 trottoirs
2000 4490 109 46 cîe'ïà
2135 4509 68 26 rue
2228 4498 46 37 de
2300 4499 38 36 la
2364 4496 112 39 Paix.

1573 4554 107 37 Mme
1709 4551 156 42 Edvina
1891 4557 60 32 est
1975 4564 54 24 un
2056 4550 230 39 contralto...
2315 4550 153 45 haussé,
2498 4551 29 36 si

1520 4603 40 52 je
1582 4606 86 49 puis
1689 4605 95 38 dire.
1808 4605 34 36 Il
1863 4618 25 34 y
1910 4617 22 25 a
1955 4603 89 47 cinq
2066 4616 70 24 ans
2158 4616 86 34 que,
2266 4609 86 31 tout
2374 4602 22 38 à
2419 4615 109 35 coup,

1520 4660 37 37 la
1584 4658 78 49 prit
1689 4664 100 31 cette
1815 4657 99 37 belle
1941 4656 158 48 passion
2126 4656 52 37 du
2205 4656 118 37 chant
2349 4656 76 47 qui,
2452 4656 76 36 bri-

1521 4718 87 31 sant
1640 4717 88 31 tous
1760 4710 205 43 obstacles,
1997 4720 99 26 vous
2130 4709 155 36 attache
2318 4720 80 25 aux
2431 4707 99 49 joies

1520 4763 221 38 exclusives
1771 4762 92 37 d'un
1892 4761 144 37 travail
2066 4760 183 38 acharné.
2281 4759 84 41 Elle
2395 4761 85 36 vint
2509 4760 21 37 à

1519 4822 102 32 cette
1648 4815 148 48 époque
1822 4824 41 27 se
1891 4819 139 32 mettre
2059 4812 23 38 à
2110 4813 145 37 l'école'
2271 4814 47 36 de
2346 4813 56 38 M.
2431 4813 97 48 Jean

1519 4871 47 35 de
1585 4868 162 44 Rezské,
1765 4867 32 37 si
1816 4866 102 38 aimé
1935 4867 48 43 de.
2000 4878 61 25 ses
2079 4865 129 37 élèves
2225 4877 99 36 pour
2342 4866 54 36 les
2414 4866 118 37 belles

1519 4922 132 47 leçons
1681 4921 100 37 d'art
1809 4919 92 47 qu'il
1931 4920 85 35 leur
2046 4929 166 36 procure
2242 4924 38 30 et
2308 4919 37 36 la
2376 4917 151 38 flamme

1517 4972 95 47 qu'il
1648 4973 114 38 avive
1797 4985 48 24 en
1881 4971 104 37 elles.
2022 4970 339 37 Admirablement
2396 4970 134 43 douée,

1521 5025 108 38 Mme
1648 5024 155 41 Edvina
1821 5023 187 44 débutait,
2027 5022 106 37 deux
2153 5022 152 38 saisons
2326 5017 85 53 plus
2431 5023 98 39 tard,

1523 5091 50 30 au
1595 5075 332 44 Covent-Garden
1946 5075 48 38 de
2015 5075 190 45 Londres,
2227 5075 98 37 dans
2347 5075 186 47 Margue-

1522 5131 74 36 rite
1626 5131 48 36 de
1703 5128 136 44 Faust,
1870 5134 49 39 et,
1951 5128 38 37 la
2020 5133 158 42 voyant,
2210 5128 320 47 photographiée,

1523 5180 73 40 elle
1614 5181 180 49 apparaît
1810 5180 91 38 bien
1918 5180 97 37 dans
2033 5192 44 25 ce
2096 5180 82 37 rôle
2196 5190 151 27 comme

1566 5251 80 32 Une
1670 5247 118 40 vierge
1814 5259 42 21 en
1882 5259 40 21 or
1946 5248 47 31 fin
2019 5248 81 31 d'un
2126 5248 93 31 livre'
2239 5248 43 31 de
2307 5247 153 39 légende.

1574 5309 84 43 Elle
1683 5312 144 37 chanta
1850 5309 48 45 là,
1922 5309 76 38 l'an
2022 5309 158 38 dernier
2204 5321 154 31 encore,
2383 5310 148 37 Desde-

1521 5377 117 25 mona
1659 5363 211 43 d'Othello,
1893 5374 95 24 avec
2010 5362 81 39 Leo
2114 5361 177 45 Slezack,
2314 5362 218 37 Mélisande

1521 5430 96 24 avec
1640 5416 168 38 Devriès
1830 5421 38 31 et
1890 5414 198 37 Bourbon.
2113 5413 84 39 Elle
2218 5427 24 34 y
2265 5414 90 37 créa
2376 5415 156 44 Louise,

1523 5469 137 48 qu'elle
1694 5481 22 24 a
1748 5467 94 49 joué
1875 5465 92 49 déjà
1999 5466 222 47 vingt-cinq
2254 5466 90 39 fois.
2377 5466 61 38 De
2472 5479 60 26 ses

1521 5522 149 44 débuts,
1692 5521 109 37 Mme
1824 5518 154 42 Edvina
2000 5518 63 39 n'a
2085 5518 189 37 conservé
2295 5530 128 26 aucun
2444 5530 87 27 sou-

1525 5574 123 38 venir.

1516 5646 6 3 -
1575 5647 56 10 —.
1646 5623 136 50 J'étais
1807 5624 32 37 si
1863 5622 188 46 troublée,
2075 5635 61 25 me
2160 5622 161 46 dit-elle,
2346 5635 85 36 que,
2455 5624 80 37 lors

1526 5680 47 36 de
1604 5691 64 25 ma
1700 5677 167 39 seconde
1899 5674 324 50 représentation,
2256 5675 40 48 je
2330 5676 204 37 demandai

1527 5730 190 49 pourquoi
1742 5743 51 25 on
1815 5729 148 37 n'avait
1986 5740 70 36 pas
2078 5727 118 37 laissé
2218 5728 56 36 les
2298 5729 151 46 plantes
2472 5729 62 47 qui

1527 5783 263 48 garnissaient
1822 5782 38 37 la
1891 5793 170 35 rampe...
2094 5780 71 45 Or,
2197 5779 26 37 il
2255 5779 64 48 n'y
2350 5793 48 24 en
2430 5782 104 36 avait

1528 5835 143 46 jamais
1691 5847 59 25 eu.
1771 5835 46 47 Je
1837 5833 150 38 n'avais
2008 5845 69 35 pas
2097 5844 53 25 vu
2170 5832 34 37 le
2224 5832 129 48 public
2373 5838 38 31 et
2431 5834 104 36 n'au-

1525 5885 79 40 rais
1627 5900 51 36 pu
1700 5887 85 39 dire
1809 5888 37 36 la
1870 5885 127 38 forme
2022 5886 45 36 de
2091 5886 37 36 la
2153 5884 131 39 salle...
2308 5884 75 48 J'ai
2407 5885 126 38 moins

1523 5952 96 37 peur
1639 5939 23 37 à
1682 5939 168 48 présent.

1575 5992 38 37 A
1643 5993 38 36 la
1711 5992 51 39 fin
1792 5992 48 36 de
1871 5991 38 36 la
1938 6001 141 26 season
2110 5990 48 36 de
2189 5987 344 47 Covent-Garden,

1526 6045 109 37 Mme
1662 6043 154 41 Edvina
1842 6055 23 25 a
1892 6041 166 38 sollicité
2083 6042 48 36 de
2160 6042 55 37 M.
2245 6041 139 38 Albert
2412 6040 123 40 Carré

1528 6107 76 27 une
1624 6094 179 40 audition
1823 6095 64 47 qui
1909 6094 56 37 lui
1988 6094 62 36 fut
2072 6093 215 38 favorable.
2312 6092 85 41 Elle
2420 6094 117 37 adore

1530 6161 71 25 son
1626 6159 257 37 personnage.
1910 6145 86 41 Elle
2022 6158 48 24 ne
2097 6147 35 35 le
2158 6145 92 48 joue
2277 6144 144 49 jamais
2448 6156 89 27 sans

1530 6201 46 36 'de
1599 6200 129 38 vraies
1753 6200 142 37 larmes
1919 6211 49 25 au
1992 6197 158 38 dernier
2173 6203 97 32 acte.
2295 6196 85 41 Elle
2402 6209 25 36 y
2451 6210 87 25 sera

1529 6252 238 44 touchante.-

1584 6303 60 40 En
1662 6303 204 38 attendant
1887 6302 99 38 avril
2007 6302 65 47 qui
2092 6303 38 36 la
2152 6303 218 46 rappellera
2392 6299 22 40 à
2435 6303 102 39 Lon-

1529 6355 89 40 dies
1646 6367 98 36 pour
1772 6368 24 34 y
1824 6356 163 35 chanter
2016 6367 71 24 son
2115 6352 215 49 répertoire
2359 6360 49 38 et,
2439 6360 98 31 cette

1529 6407 136 45 année,
1717 6406 171 48 Juliette,
1941 6406 193 50 peut-être
2202 6405 106 38 aussi
2375 6404 161 42 Manon,

1531 6459 108 39 Mme
1666 6457 166 46 Edvina,
1858 6459 47 35 de
1933 6470 42 25 sa
2002 6456 94 38 voix
2123 6457 130 45 facile,
2280 6469 80 26 aux
2386 6459 150 36 cristal-

1531 6513 98 39 lines
1663 6510 205 44 sonorités,
1902 6522 98 24 nous
2034 6509 154 44 rendra,
2223 6510 97 37 dans
2353 6511 84 36 leur
2471 6523 65 24 en-

1529 6566 123 43 volée,
1671 6564 54 37 les
1743 6562 186 38 mélodies
1948 6561 188 47 inspirées
2154 6559 47 39 de
2221 6561 172 38 Gustave
2413 6561 124 39 Char-

1530 6617 187 48 pentier...
1751 6616 95 36 dont
1879 6626 99 25 nous
2013 6625 144 25 aurons
2190 6612 160 45 bientôt,
2386 6625 67 26 sur
2486 6626 51 25 un

1530 6676 111 31 autre
1662 6667 163 44 théâtre,
1848 6678 75 25 une
1944 6669 135 33 oeuvré
2102 6664 179 39 inédite...
2307 6663 168 50 Puisque
2498 6666 39 47 je

1530 6721 108 38 carie
1659 6722 46 36 de
1726 6720 66 42 lui,
1816 6717 283 45 annonçons-le
2126 6717 7 36 !

2074 6767 182 41 GEORGES
2295 6768 190 40 LOISEAU.

1548 6866 364 100 Candidats
1974 6896 88 66 au
2122 6862 400 98 Sociétariat

1616 7038 222 54 Quelques
1890 7039 286 50 impressions,
2230 7034 225 53 beaucoup

1617 7103 220 53 d'espoir...
1872 7116 108 38 pour
2009 7100 163 43 l'année
2210 7099 243 53 prochaine.

1580 7209 74 37 Las
1666 7210 8 36 !
1701 7210 195 36 Personne
1922 7220 47 24 ne
1993 7218 86 25 sera
2104 7205 183 37 nommé...
2315 7204 51 37 Ni
2392 7205 38 36 la
2455 7205 86 36 fou-

1531 7267 140 30 gueuse
1695 7256 93 36 Mlle
1812 7254 117 40 Roch,
1955 7252 40 37 ni
2020 7254 36 36 la
2081 7253 143 43 fragile
2249 7252 91 36 Mlle
2366 7250 174 44 Lifraud,

1532 7299 41 38 ni
1595 7300 92 38 Mlle
1713 7303 171 35 Provost,
1908 7301 159 35 délicate
2090 7311 143 24 comme
2256 7310 50 25 un
2331 7296 135 47 pastel,
2481 7309 58 35 jun

1536 7349 121 43 pastel
1684 7360 119 24 rose...
1833 7348 41 35 ni
1901 7347 92 35 Mlle
2020 7345 142 44 Maille,
2191 7344 67 46 qui
2284 7348 56 33 est
2368 7344 37 37 la
2431 7343 111 46 grâce

1533 7393 152 37 même...
1712 7395 37 35 ni
1773 7394 35 36 la
1832 7394 72 35 fine
1926 7392 93 36 Mlle
2041 7392 237 35 Dussanne...

1583 7440 55 36 La
1667 7439 165 36 décision
1863 7438 178 36 officielle
2071 7437 46 36 de
2145 7436 107 46 jeudi
2281 7435 185 46 prochain
2496 7449 47 24 ne

1534 7484 86 37 fera
1641 7498 72 32 que
1735 7486 143 36 ratifier
1900 7486 38 35 la
1960 7484 164 37 décision
2149 7483 197 37 officieuse
2369 7483 45 37 de
2435 7483 105 46 jeudi

1534 7531 186 37 dernier...

1586 7577 161 45 Jusqu'à
1777 7577 146 37 l'année
1955 7575 216 47 prochaine,
2203 7579 124 33 toutes
2356 7577 185 35 resteront

1536 7624 309 44 pensionnaires;
1884 7627 37 33 et
1960 7623 103 36 aussi
2100 7623 52 36 M.
2192 7623 137 43 Numa,
2368 7626 36 33 et
2441 7623 100 36 aussi

1536 7669 52 36 M.
1614 7671 155 35 Ravet...
1794 7674 37 32 et
1855 7669 52 37 M.
1934 7670 141 39 -Croué.,-

1586 7716 37 35 A
1644 7715 121 36 moins
1786 7728 106 33 que...

1586 7762 47 36 Je
1653 7762 51 35 les
1724 7761 37 36 ai
1779 7775 69 27 vus
1867 7762 23 36 à
1910 7774 74 32 peu
2005 7761 90 44 près
2113 7764 95 39 tous,
2229 7773 60 25 ces
2308 7761 234 39 candidats...

1587 7805 88 38 ...Et
1710 7809 51 35 les
1799 7820 70 24 uns
1904 7814 37 30 et
1978 7809 51 36 les
2065 7811 128 33 autres
2228 7811 199 42 acceptent
2461 7809 82 35 leur

1535 7854 240 43 déconvenue
1798 7866 89 25 avec
1910 7854 277 46 philosophie...

1805 7930 98 42 Mlle
1940 7931 145 41 Roch
2113 7930 170 41 attend

1586 7998 71 37 Les
1706 8009 99 34 yeux
1855 8000 153 44 grands,
2059 7999 116 44 noirs,
2225 7998 198 46 ombragés
2472 8010 73 35 par

1537 8046 55 37 les
1636 8045 165 38 cheveux
1844 8044 152 39 bouclés
2040 8050 228 33 recouvrant
2312 8057 66 25 son
2425 8049 119 37 iront,

2575 554 93 38 Mlle
2684 556 107 37 Roch
2808 570 47 24 ne
2872 559 177 43 pourrait
3068 571 46 25 en
3130 557 150 38 vouloir
3297 556 88 45 qu'à
3402 554 54 37 M.
3474 553 111 37 Mau-

2575 601 257 39 rice-Faure...

2623 679 51 6 —
2699 661 194 40 Personne
2916 674 48 27 ne
2985 674 86 25 sera
3093 661 149 38 nommé
3265 669 116 35 parce
3404 658 91 46 qu'il
3521 656 64 46 n'y

2577 717 23 25 a
2622 718 72 33 pas
2718 708 46 35 de
2793 720 30 22 «..
2840 712 138 40 part.)
3004 708 216 44 disponible
3246 720 34 31 .»,
3305 703 90 41 sauf
3420 705 90 36 celle
3535 704 50 35 du

2576 752 229 38 ministre!...
2831 755 101 36 C'est
2954 755 114 43 grâce,
3089 754 22 37 à
3135 757 96 33 cette
3255 756 90 41 part
3368 752 32 35 si
3424 751 53 36 M.
3501 751 85 35 Hu-

2575 803 139 39 guenet
2737 800 65 36 fut
2824 801 149 35 nommé
2997 797 209 45 sociétaire,
3231 800 74 34 l'an
3331 798 162 36 dernier.
3520 797 64 42 Or,

2577 845 34 37 le
2639 845 173 37 créateur
2840 846 45 37 de
2914 848 86 35 Sire
3030 849 117 42 ayant
3175 845 122 45 quitté
3326 846 37 34 la
3392 840 193 40 Comédie-

2577 892 218 44 Française,
2814 905 42 23 sa
2881 905 20 22 «
2923 895 90 42 part
3036 905 19 22 »
3076 896 55 33 est
3152 904 161 24 revenue
3332 904 50 23 au
3401 890 183 43 ministre,

2576 938 65 46 qui
2661 939 176 43 pourrait
2856 951 45 24 en
2922 939 184 44 disposer.
3127 939 34 35 Il
3181 951 46 23 ne
3246 938 33 36 le
3297 937 77 36 fait
3394 948 81 32 pas,
3496 936 89 36 c'est

2575 984 93 44 qu'il
2694 997 47 24 ne
2767 985 96 37 croit
2889 997 72 32 pas
2987 985 131 36 devoir
3142 985 34 36 le
3201 984 137 36 faire...
3366 984 104 35 Pour
3498 983 85 43 moi,

2576 1033 36 34 et
2635 1031 102 36 selon
2764 1032 33 36 le
2820 1035 77 33 mot
2920 1029 47 39 de
2990 1043 87 24 mon
3100 1028 338 45 Administrateur,
3464 1028 39 45 je
3527 1038 58 27 me

2576 1077 195 36 considère
2824 1088 141 26 comme
3018 1075 278 39 virtuellement
3350 1072 233 39 sociétaire...

2578 1123 264 37 Sociétaire!...
2871 1125 106 35 Nous
3004 1124 66 44 n'y
3097 1134 173 34 gagnons
3299 1135 70 33 pas
3396 1120 188 37 matériel-

2576 1170 172 37 lement...
2774 1170 112 44 Mais,
2913 1183 49 23 au
2985 1170 134 42 moins,
3145 1182 96 24 nous
3265 1169 139 44 jouons
3429 1170 23 34 à
3476 1174 108 30 notre

2577 1223 85 30 tour
2692 1217 52 35 les
2774 1217 144 44 grands
2948 1216 98 36 rôles
3076 1213 51 38 du
3157 1213 222 47 répertoire,
3411 1223 96 27 nous
3538 1225 46 25 ne

2577 1267 146 32 restons
2759 1272 71 35 pas
2864 1263 96 35 dans
2995 1261 231 37 l'inaction...
3262 1261 128 44 Enfin,
3426 1271 41 26 ce
3499 1272 85 27 sera

2576 1321 98 33 pour
2705 1308 147 38 l'année
2881 1308 244 46 prochaine...
3157 1308 37 37 A
3224 1306 123 38 moins
3377 1319 108 33 que...
3518 1319 66 24 au-

2574 1359 228 42 paravant...

2798 1424 102 42 Mlle
2934 1425 231 40 Provost
3195 1424 165 41 sourit

2624 1509 76 39 Des
2736 1523 104 25 roses
2877 1524 76 24 aux
2991 1510 120 38 joues,
3151 1511 64 36 des
3252 1509 125 39 perles
3415 1521 50 25 au
3501 1520 81 28 cou,

2575 1557 92 37 Mlle
2689 1559 163 37 Provost
2874 1557 121 37 sourit
3017 1569 89 24 sans
3128 1557 355 55 lassitude....,
3532 1601 7 7 .

2625 1624 50 5 —
2701 1605 205 41 Personne,
2948 1614 190 33 personne
3176 1615 48 24 ne
3263 1614 85 26 sera
3386 1601 199 37 sociétaire

2575 1653 96 34 cette
2704 1650 155 37 année...
2894 1651 99 36 Tant
3026 1650 81 45 pis!
3141 1650 104 35 Pour
3277 1648 86 45 moi,
3396 1648 98 36 c'eût
3526 1645 58 39 été

2576 1700 88 41 trop
2697 1697 90 36 d'un
2818 1696 81 37 seul
2928 1708 99 33 coup
3052 1708 8 24 :
3092 1695 70 46 j'ai
3193 1696 90 45 déjà
3314 1707 87 32 reçu
3432 1695 33 36 le
3496 1694 88 45 prix

2576 1742 141 37 Osiris!
2744 1743 51 36 Et
2818 1742 124 45 puis...
2968 1745 36 34 et
3028 1741 89 44 puis
3141 1742 93 36 rien.
3260 1742 36 36 Il
3318 1754 48 23 ne
3389 1741 88 36 faut
3501 1741 82 36 rien

2577 1790 91 36 dire.
2697 1789 51 39 Ce
2774 1789 22 36 à
2822 1789 89 44 quoi
2936 1787 28 37 il
2989 1789 89 39 faut
3102 1789 131 36 veiller
3259 1790 32 34 le
3317 1787 99 45 plus,
3448 1800 19 22 «
3497 1786 88 37 c'est

2575 1836 122 36 moins
2719 1836 23 36 à
2764 1848 40 24 ce
2826 1835 114 46 qu'on
2963 1835 56 36 dit
3042 1846 65 25 sur
3129 1834 38 37 la
3188 1835 109 36 scène
3320 1832 87 40 ou'à
3430 1846 40 24 ce
3492 1833 91 45 qu'il

2576 1895 46 24 ne
2644 1882 89 36 faut
2757 1894 71 31 pas
2852 1882 81 36 dire
2956 1881 96 36 dans
3075 1882 53 35 les
3151 1881 179 36 coulisses
3358 1893 57 23 »...
3443 1880 141 41 Certes,

2575 1929 39 44 je
2635 1928 97 37 crois
2752 1941 73 31 que
2844 1927 161 45 j'aurais
3026 1924 57 39 été
3104 1927 170 37 nommée
3293 1923 199 40 sociétaire
3515 1939 8 23 :
3547 1924 39 47 je

2575 1975 78 36 suis
2673 1974 126 45 jeune,
2820 1973 39 46 je
2879 1973 79 37 suis
2977 1972 120 46 gaie...
3118 1973 27 36 il
3164 1973 66 45 n'y
3250 1986 45 23 en
3317 1985 22 24 a
3360 1985 70 32 pas
3450 1975 136 37 autant

2574 2033 73 33 que
2671 2021 76 37 l'on
2771 2021 108 43 croit,
2905 2021 65 36 des
2995 2019 218 37 sociétaires
3238 2020 134 44 jeunes
3398 2022 36 33 et
3459 2018 124 45 gaies!

2579 2068 48 36 Et
2660 2066 89 46 puis
2781 2079 145 32 encore,
2960 2066 89 36 c'est
3081 2066 178 44 toujours
3291 2066 37 39 la
3361 2065 118 36 même
3510 2065 75 36 his-

2577 2114 95 37 toire
2696 2127 8 23 :
2740 2125 49 25 on
2822 2111 131 46 hésite,
2988 2125 49 23 on
3071 2112 155 37 chicane
3248 2124 9 33 ;
3293 2111 186 46 imaginez
3514 2124 73 33 que

2576 2160 38 45 je
2644 2160 91 44 joue
2766 2171 65 24 sur
2862 2160 34 36 le
2927 2158 218 39 boulevard,
3179 2159 48 35 ah
3251 2160 45 35 !...
3328 2157 39 45 je
3398 2155 188 39 recevrais

2577 2207 93 36 trois
2697 2207 130 35 lettres
2854 2218 73 33 par
2954 2205 101 45 jour,
3082 2217 48 23 on
3158 2205 206 37 remuerait
3391 2205 34 36 le
3453 2204 67 37 ciel
3549 2208 37 32 et

2577 2255 51 35 les
2660 2252 215 36 ministères
2908 2264 100 33 pour
3040 2263 58 24 me
3133 2250 102 37 faire
3268 2263 170 24 nommer
3471 2250 115 37 socié-

2577 2300 96 36 taire
2701 2312 50 25 au
2778 2298 198 45 Français,
3005 2300 84 33 tout
3118 2297 46 37 de
3192 2297 108 45 suite,
3330 2310 89 23 sans
3448 2297 138 46 perdre

2578 2358 50 25 un
2653 2346 125 45 jour...
2805 2344 101 37 Mais
2932 2345 39 44 je
2995 2343 80 38 suis
3099 2343 96 37 dans
3220 2342 37 38 la
3283 2342 163 47 Maison,
3473 2344 112 45 alors,

2576 2405 48 24 on
2643 2404 168 33 suppose
2830 2403 72 33 que
2919 2390 71 46 j'ai
3009 2391 34 36 le
3060 2393 125 42 temps
3204 2390 224 45 d'attendre,
3447 2390 137 37 voilà...

2626 2448 92 40 Mlle
2741 2451 162 35 Provost
2926 2446 134 46 sourit,
3083 2448 122 36 sourit
3227 2448 189 45 toujours,
3440 2450 36 34 et
3498 2448 91 45 joue

2577 2509 88 25 avec
2691 2509 58 24 ses
2776 2495 135 46 perles.
2940 2495 52 36 Et
3019 2494 69 37 elle
3114 2495 161 43 conclut,
3303 2496 95 35 dans
3424 2507 52 24 un
3503 2507 85 24 sou-

2577 2545 75 36 rire
2673 2542 106 47 perlé
2809 2555 8 24 :

2625 2621 50 8 —
2701 2601 127 44 Enfin,
2849 2612 41 25 ce
2909 2612 85 25 sera
3014 2611 100 34 pour
3133 2598 148 38 l'année
3301 2599 244 45 prochaine...
3566 2599 23 37 à

2577 2648 122 38 moins
2721 2660 107 33 que...
2853 2646 59 38 Ou
2934 2659 47 24 ne
3002 2646 75 36 sait
3098 2645 176 45 jamais...

2750 2719 73 40 M.
2846 2717 172 41 Numa
3045 2716 129 40 dans
3205 2727 61 29 sa
3297 2717 119 51 loge

2628 2798 37 36 A
2696 2797 136 46 l'étage
2867 2798 143 44 Talma,
3043 2797 95 36 dans
3159 2807 84 26 une
3274 2796 120 45 petite
3425 2797 85 44 loge
3542 2797 49 37 où

2579 2845 114 47 règne
2718 2846 37 35 la
2782 2844 190 40 quiétude,
2999 2843 53 36 M.
3080 2843 137 44 Numa,
3245 2855 47 25 en
3316 2844 90 40 bras
3433 2844 46 36 de
3506 2844 83 36 che-

2582 2903 100 33 mise,
2703 2903 163 32 arrange
2884 2903 42 24 sa
2943 2890 177 53 pendule.

2627 2958 50 6 —
2702 2938 52 36 Le
2777 2936 254 38 sociétariat...
3056 2936 33 37 le
3113 2934 253 38 sociétariat...
3393 2934 109 39 Oui...
3528 2935 63 38 Un

2581 2984 100 44 jour,
2705 2996 49 24 on
2778 2983 96 37 croit
2898 2995 71 33 que
2992 2995 44 32 ça
3058 2994 26 33 y
3104 2985 93 34 est...
3222 2983 52 36 Le
3298 2982 224 44 lendemain,
3547 2994 44 32 ça

2582 3031 63 45 n'y
2673 3034 55 34 est
2757 3042 107 33 pas...
2895 3027 100 39 C'est
3024 3038 141 28 comme
3193 3041 61 23 ma
3283 3030 200 43 pendule...
3514 3029 78 36 Va-

2580 3078 102 37 t-elle
2713 3088 139 25 sonner
2861 3075 53 38 L.
2949 3075 110 37 Oui...
3092 3086 112 26 non...
3240 3075 167 46 Serai-je
3440 3075 149 36 nommé

2580 3123 197 38 sociétaire
2799 3123 52 36 ?...
2885 3122 109 37 Oui...
3026 3133 76 25 non
3124 3122 53 36 ?...
3208 3122 86 36 Non
3317 3122 52 36 t..
3402 3122 58 35 Eh
3490 3122 99 43 bien,

2581 3174 83 33 tant
2700 3170 61 45 pis
2785 3170 8 36 !
2831 3181 160 26 ce'sera
3027 3181 100 34 pour
3163 3168 147 37 l'année
3344 3168 244 46 prochaine...

2583 3217 194 37 Peut-être
2801 3217 44 36 !...

2714 3336 186 98 Les
2972 3332 490 102 Théâtres

2947 3515 51 28 LA
3026 3507 195 36 JOURNÉE

2624 3567 54 30 Au
2698 3566 142 31 théâtre
2863 3563 164 38 Antoine,
3048 3563 20 32 à
3088 3564 19 31 2
3126 3563 146 37 heures,
3293 3562 295 41 représentation

2583 3608 135 38 unique
2753 3608 63 31 des
2852 3604 268 38 Polichinelles,
3156 3604 160 41 d'Henry
3351 3606 153 38 Becque,
3541 3612 45 23 au

2582 3650 105 37 profit
2711 3649 44 31 de
2780 3648 253 32 l'Association
3057 3647 65 32 des
3145 3646 241 41 journalistes
3410 3645 181 40 parisiens

2582 3692 33 31 et
2644 3686 260 45 républicains.

2623 3745 54 30 Au
2699 3741 144 33 théâtre
2866 3741 350 38 Sarah-Bernhardt,
3239 3741 20 31 à
3280 3741 19 31 8
3320 3741 34 32 h.
3376 3741 49 37 30,
3449 3738 138 43 répéti-

2584 3786 73 31 tion
2687 3785 171 40 générale
2889 3784 63 36 des
2981 3785 116 29 Noces
3129 3783 42 31 de
3200 3783 183 38 Panurge,
3413 3780 101 42 pièce
3543 3790 44 24 en

2582 3827 129 40 quatre
2736 3826 109 38 actes,
2869 3832 45 26 en
2936 3832 95 30 vers,
3057 3824 43 32 de
3123 3825 84 30 MM.
3231 3824 135 32 Adonis
3390 3824 130 32 frères.

3005 3919 166 50 ÉCHOS

2628 4032 259 33 PROCHAINE
2910 4032 218 32 LECTURE.
3150 4048 47 6 —
3218 4031 49 31 Le,
3291 4028 138 34 Comité
3453 4029 44 33 de
3521 4029 72 32 lec-

2588 4080 80 26 cure
2699 4080 38 25 se
2768 4073 149 32 réunira
2948 4072 277 41 probablement
3255 4078 131 26 encore
3417 4078 72 25 une
3522 4071 70 31 fois

2588 4115 108 31 avant
2716 4115 36 31 la
2773 4115 49 31 fin
2845 4114 44 32 de
2911 4113 141 33 l'année
3075 4114 35 31 et
3131 4113 177 32 entendra
3331 4120 71 24 une
3425 4112 100 40 pièce
3548 4112 44 31 de

2588 4157 44 30 M.
2654 4156 135 32 Gaston
2809 4155 151 37 Devore,
2981 4161 140 25 comme
3143 4160 92 25 nous
3256 4152 139 33 l'avons
3417 4152 175 32 annoncé.

2634 4197 28 31 Il
2682 4196 81 32 faut
2781 4195 148 41 espérer
2948 4198 69 37 que
3037 4194 158 33 l'auteur
3213 4194 67 32 des
3297 4193 296 39 Complaisances

2587 4244 90 25 aura
2705 4238 84 40 plus
2819 4236 44 33 de
2891 4236 138 32 chance
3058 4244 71 33 que
3157 4237 84 30 MM.
3272 4235 320 37 Saint-Pol-Roux,

2589 4278 142 37 Brieux,
2754 4278 142 31 Ferrier
2917 4278 35 31 et
2973 4278 88 30 Berr
3083 4277 43 31 de
3150 4277 171 39 Turique.

2632 4320 56 31 Un
2708 4318 191 32 sociétaire
2920 4318 44 31 de
2984 4318 36 31 la
3039 4317 140 31 maison
3201 4317 44 31 de
3265 4316 160 35 Mo:lière,
3446 4316 62 35 qui
3530 4324 63 27 ap-

2591 4360 134 40 partint
2746 4360 210 39 longtemps
2977 4366 47 23 au
3046 4356 137 34 Comité
3205 4358 139 36 ancien,
3364 4364 94 26 nous
3479 4349 117 41 confia

2587 4405 20 28 a
2627 4409 39 24 ce
2685 4407 135 35 propos
2839 4407 58 24 ses
2916 4399 251 41 impressions.

2632 4459 47 5 —
2706 4442 94 31 Tout
2827 4441 55 31 est
2909 4440 92 32 dans
3030 4440 35 31 la
3092 4440 108 40 façon
3229 4439 43 33 de
3301 4439 66 33 lire
3402 4447 9 25 :
3442 4439 150 38 Dumas,

2590 4481 179 41 Legouvé,
2786 4481 183 32 Pailleron
2989 4480 145 32 lisaient
3152 4479 75 33 très
3245 4480 94 36 bien,
3356 4480 91 33 Jean
3467 4482 126 32 Riche-

2590 4524 60 39 pin
2669 4530 131 25 encore
2820 4522 143 36 mieux;
2988 4522 24 31 il
3033 4521 123 32 faisait
3177 4521 64 33 des
3261 4522 132 36 gestes,
3414 4529 39 24 se
3474 4522 119 36 levait,

2591 4564 181 40 arpentait
2803 4563 36 31 la
2870 4562 90 32 salle
2992 4562 50 31 du
3074 4562 149 36 Comité,
3255 4562 119 38 jouait
3403 4562 53 32 les
3488 4563 108 36 rôles,

2590 4606 106 36 enfin,
2715 4604 112 32 vivait
2846 4610 66 25 son
2932 4603 164 34 scénario
3117 4603 34 32 et
3170 4603 91 33 ainsi
3281 4603 209 33 décrochait
3509 4604 85 33 l'ac-

2590 4646 194 41 ceptation.

2634 4687 87 32 Avis
2743 4687 20 31 à
2784 4688 46 31 M.
2855 4685 135 34 Gaston
3012 4686 151 31 Devore.

2634 4792 264 32 DEFERENCE
2927 4791 292 34 DISCUTABLE.
3247 4810 47 5 —
3343 4792 86 32 Mlle
3459 4792 138 38 Géniat,

2590 4834 44 30 M.
2663 4833 43 32 de
2733 4835 96 35 Max,
2856 4834 46 30 M.
2930 4832 124 38 Ravet,
3082 4832 166 40 jouaient
3273 4833 177 32 vendredi
3477 4834 74 31 soir
3579 4834 18 31 à

2591 4874 182 31 Marseille
2795 4875 79 29 Don
2898 4872 110 32 César
3031 4874 43 31 de
3097 4874 130 31 Bàzan.
3250 4874 28 31 Il
3302 4874 119 32 fallait
3443 4873 155 41 répéter.

2593 4915 44 31 Le
2667 4915 185 31 directeur
2882 4913 50 33 du
2963 4914 140 32 théâtre
3157 4913 195 34 n'accorda
3405 4913 101 42 point
3560 4920 39 26 sa

2590 4955 118 37 scène,
2741 4954 160 41 occupée
2934 4960 66 35 par
3031 4955 53 31 les
3117 4955 146 32 artistes
3308 4956 44 32 de
3397 4957 35 30 la
3478 4956 119 31 Veuve

2589 4997 166 39 joyeuse,
2777 4996 62 40 qui
2861 4995 121 32 devait
3004 5002 127 34 passer
3152 4997 178 40 quelques
3352 4997 106 39 jours
3481 4996 118 41 après.

2592 5037 125 34 C'était
2741 5037 33 32 le
2799 5043 66 35 pas
2889 5036 45 33 de
2959 5037 188 42 l'opérette
3173 5045 64 26 sur
3261 5038 33 34 le
3320 5039 137 32 drame.
3481 5038 117 39 Alors,

3639 551 35 32 la
3698 553 383 37 Comédie-Française
4105 559 76 31 s'en
4206 558 59 31 fut
4289 555 145 36 répéter
4458 553 92 31 dans
4574 555 73 26 une

3639 593 90 32 salle
3750 594 45 32 de
3814 593 76 36 bar,
3912 595 84 34 d'où
4017 598 71 31 l'on
4108 597 124 33 voyait
4252 595 33 34 le
4304 594 179 35 comptoir
4504 592 44 31 de
4569 590 79 31 zinc

3638 634 35 31 et
3697 632 83 34 d'où
3805 635 72 32 l'on
3901 636 187 34 entendait
4112 639 33 31 le
4169 637 212 40 tourniquet
4405 634 64 32 mû
4493 638 65 36 par
4582 629 65 33 des

3639 676 151 31 cochers
3819 677 131 39 jouant
3977 679 81 32 leur
4087 678 301 32 consommation.

3685 720 41 35 Et
3755 724 86 31 Mlle
3871 724 138 35 Géniat,
4039 724 192 35 fiévreuse,
4261 722 145 33 limitait
4436 727 59 25 ses
4525 718 123 41 gestes

3639 772 73 23 aux
3740 764 194 37 exigences
3962 765 44 32 de
4032 765 171 31 l'endroit
4229 762 194 34 encombré
4451 758 197 35 d'échelles

3638 805 32 31 et
3693 805 44 31 de
3759 805 125 34 tables\
3906 805 120 31 tandis
4046 813 70 29 que
4135 807 47 29 M.
4203 804 44 32 de
4266 805 95 36 Max,
4382 800 195 39 désignant
4596 807 52 24 un

3638 841 150 46 placard
3809 846 254 40 poussiéreux,
4083 844 158 33 s'écriait
4264 852 7 24 :

3682 906 46 9 —
3749 892 29 32 Il
3799 892 137 36 faudra
3957 890 187 38 s'habiller
4166 891 206 37 là-dedans,
4395 896 41 26 ce
4458 888 74 33 soir
4555 888 46 31 I...

3951 994 391 41 INFORMATIONS

3687 1102 162 37 ÔDEON.
3883 1121 47 9 —
3964 1106 95 33 C'est
4095 1102 201 42 l'Inquiète,
4331 1105 37 31 la
4403 1099 163 36 comédie
4601 1101 45 32 de

3638 1149 44 31 M.
3711 1149 91 31 Jean
3832 1148 168 35 Richard,
4031 1148 61 35 qui
4124 1147 162 32 formera
4314 1146 34 31 le
4378 1143 137 33 second
4545 1149 105 34 spec-

3642 1189 92 31 tacle
3756 1189 65 31 des
3842 1189 161 32 samedis
4025 1188 208 32 odéoniens.
4256 1188 102 30 Nous
4381 1191 179 35 pouvons,
4583 1182 65 32 dès

3638 1230 19 31 à
3682 1229 158 41 présent,
3863 1230 141 32 donner
4026 1230 37 31 la
4084 1227 236 34 distribution
4342 1226 45 33 de
4410 1226 57 32 cet
4488 1230 161 32 ouvrage

3635 1270 63 41 qui
3720 1277 83 30 sera
3822 1270 88 40 joué
3932 1277 67 35 par
4020 1277 17 31 .:
4572 1269 7 12 '

3676 1335 85 26 Mmes
3775 1334 152 34 Roggers
4224 1333 84 26 Mme
4332 1330 134 29 Renard

3776 1369 187 27 Grumbach
4221 1366 145 27 Thérèse
4383 1363 133 30 Renard

3773 1402 154 29 Kerwich
4224 1402 84 25 Mme
4333 1400 95 31 Bigot

3780 1436 87 28 Célia
4225 1434 144 28 Thérèse
4387 1433 132 28 Renard

3780 1472 106 27 Cécile
3902 1470 114 30 Didier
4223 1471 126 26 Jeanne
4373 1468 157 28 Blanchet

3779 1508 169 29 Barsange
4225 1504 132 28 Rosalie

3769 1542 175 27 Germaine
3966 1541 41 28 de
4019 1542 128 27 France
4225 1538 102 28 Marie
4352 1536 157 29 Blanchet

3777 1575 139 30 Mazalto
4224 1575 85 26 Mme
4334 1571 157 28 Blanchet

3777 1611 110 32 Rosay
4224 1610 43 25 La
4288 1606 187 28 Cuisinière

3778 1645 134 27 Delmas
4225 1642 103 28 Marie

3676 1693 73 27 MM.
3775 1692 127 30 Vargas
4224 1689 154 31 Philippe
4399 1686 134 28 Renard

3778 1726 103 27 Denis
3900 1725 113 28 d'Inès
4225 1721 98 30 Orner
4344 1721 90 28 Yonf

3778 1761 96 27 Coste
4224 1760 141 25 Vernon

3779 1795 131 29 Bacqué
4226 1791 139 29 Mouche

3781 1829 212 28 Chambreuil
4224 1827 128 28 Dubois
4373 1826 53 31 (de
4446 1824 32 28 la
4499 1823 129 33 Sarthé)

3774 1866 80 26 Jean
3872 1865 36 27 d'
3908 1865 48 27 Yd
4225 1863 46 26 De
4295 1859 218 30 Combrailles

3779 1896 136 30 Flateau
4226 1897 97 31 Bigot

3775 1933 139 33 Maupré
4227 1932 145 30 Georges
4395 1928 140 28 Mareuil

3769 1967 110 32 Hervé
4224 1966 133 27 Jérôme
4380 1965 134 26 Renara

3778 2001 118 29 Dubus
4227 2000 145 31 Georges
4394 1998 101 28 Lelen

3774 2037 148 33 Stephen
4228 2034 185 27 Gratadour

3781 2072 66 28 Gay
4226 2069 160 26 Blanchet

3781 2107 139 27 Courier
4088 2101 11 10 '
4226 2104 43 26 Le
4292 2103 115 27 Maître
4428 2099 125 31 d'hôtel

3777 2136 312 33 Person-Durnaine
4226 2139 43 26 Le
4293 2138 95 26 Valet
4412 2137 40 28 de
4476 2136 172 28 chambre,-

3780 2175 124 35 Quillot
4226 2173 64 27 Des
4293 2172 119 32 jaques

3684 2242 57 32 Un
3761 2237 77 35 rôle
3857 2239 97 32 reste
3975 2235 260 37 actuellement
4255 2242 87 26 sans
4361 2233 174 39 titulaire,
4556 2233 97 34 celui

3639 2282 44 33 de
3704 2282 151 32 Lucette
3876 2280 167 33 Mouche.

3692 2370 204 32 THEATRE
3916 2368 214 32 ANTOINE.
4150 2385 45 4 —
4214 2367 50 31 La
4284 2366 145 31 Femme
4450 2363 34 32 et
4504 2364 32 31 le
4557 2365 95 30 Pan-

3641 2411 53 31 tin
3715 2411 125 31 seront
3861 2409 151 37 donnés,
4033 2415 45 25 en
4099 2406 169 37 matinée,
4290 2406 21 31 à
4331 2406 20 32 2
4374 2406 33 30 h.
4428 2405 55 36 30,
4505 2412 88 24 avec
4615 2403 36 32 la

3646 2453 115 30 même
3797 2450 235 33 distribution
4066 2456 71 31 que
4171 2448 33 31 le
4239 2447 75 31 soir
4337 2455 7 23 :
4383 2447 95 30 Mme
4513 2445 139 38 Régina

3645 2493 122 33 Badet,
3785 2495 47 30 M.
3853 2492 153 32 Gémier.
4024 2489 108 33 Jeudi
4151 2488 56 38 22,
4226 2488 140 32 samedi
4385 2487 54 38 24,
4459 2486 193 32 dimanche

3645 2534 54 37 25,
3734 2532 105 33 lundi
3873 2532 55 38 26,
3962 2531 105 41 jeudi
4102 2530 54 37 29,
4191 2528 141 33 samedi
4367 2528 55 38 31,
4458 2525 194 34 dimanche

3647 2575 45 31 lor
3715 2574 155 41 janvier.

3686 2651 56 32 BO
3750 2647 390 36 UFFES-PARISIENS
4182 2644 129 41 (CORA
4341 2643 313 38 LAPARCERIE).

3640 2707 47 7 --
3714 2693 96 30 Mme
3840 2692 93 31 Cora
3961 2688 229 37 Laparcerie,
4220 2687 190 32 désireuse
4439 2685 45 32 de
4500 2685 156 35 .donner

3642 2740 47 25 un
3712 2732 134 32 nouvel
3866 2732 94 31 éclat
3980 2731 20 31 à
4021 2728 316 40 l'interprétation,
4358 2724 87 42 déjà
4465 2726 31 31 si
4516 2733 140 24 remar-

3645 2773 144 33 quable,
3810 2773 49 32 du
3880 2772 119 33 grand
4018 2770 131 33 succès
4168 2769 143 31 Xantho
4331 2767 87 31 chez
4438 2767 52 31 les
4512 2767 142 31 Courti-

3643 2823 119 25 seines,
3792 2823 20 23 a
3841 2813 115 32 confié
3985 2814 34 30 le
4048 2812 76 31 rôle
4153 2811 45 31 de
4227 2808 36 34 la
4293 2809 115 32 Grâce
4437 2807 138 38 Thalie,
4605 2805 50 34 du

3641 2857 67 33 joli
3738 2856 178 33 prologue
3947 2854 44 32 de
4021 2853 36 32 la
4085 2850 102 39 pièce
4217 2851 44 32 de
4290 2850 160 39 Jacques
4479 2847 175 41 Richepin

3644 2898 182 33 (musique
3847 2897 44 31 de
3911 2895 133 32 Xavier
4063 2893 175 35 Leroux),
4259 2892 20 31 à
4299 2891 86 31 Mlle
4407 2890 114 31 Paule
4543 2889 113 37 Rolle,

3643 2937 62 33 qui
3740 2938 97 32 avait
3871 2936 85 34 déjà
3992 2935 77 35 fait;
4105 2934 27 32 à:
4160 2934 177 31 l'Alcazar
4372 2931 45 33 de
4452 2930 204 37 Bruxelles,

3645 2987 70 25 une
3741 2976 161 35 création
3929 2976 75 33 fort
4029 2974 198 38 applaudie
4252 2974 45 32 de
4322 2978 41 27 ce
4389 2971 77 33 rôle
4491 2969 165 33 difficile.

3643 3022 68 31 Les
3743 3020 133 32 débuts
3909 3019 44 32 de
3985 3017 85 33 Mlle
4103 3015 115 33 Paule
4249 3013 102 33 Rolle
4384 3021 73 24 aux
4490 3011 166 33 Bouffes-

3647 3061 185 33 Parisiens
3852 3059 62 33 ont
3934 3059 56 32 été
4009 3058 196 33 l'occasion
4227 3056 86 32 d'un
4335 3060 169 26 nouveau
4526 3055 35 29 et
4582 3052 73 32 très

3644 3102 120 33 grand
3785 3101 129 33 succès
3937 3105 94 29 pour
4053 3100 34 31 la
4107 3098 95 32 belle
4225 3097 35 32 et
4282 3095 213 33 charmante
4519 3093 138 38 artiste,

3644 3144 59 32 qui
3727 3142 180 32 complète
3928 3142 21 32 à
3969 3140 146 33 souhait
4137 3139 35 32 la
4190 3137 173 34 brillante
4386 3135 183 41 phalange
4591 3134 66 32 des

3645 3185 201 32 excellents
3870 3182 219 40 interprètes
4113 3180 44 32 de
4183 3179 116 32 Xanto
4325 3178 85 32 chez
4436 3176 52 33 les
4515 3175 143 33 Courti-

3645 3234 107 26 sanes
3778 3231 74 28 aux
3876 3221 367 36 Bouffes-Parisiens.

3694 3331 205 33 THEATRE
3927 3331 83 32 DES
4036 3328 125 34 ARTS.
4187 3342 47 9 —
4259 3327 30 31 A
4315 3330 137 34 propos
4491 3322 66 33 des
4595 3320 64 34 dé-

3646 3381 82 25 cors
3761 3382 7 24 :
3798 3374 54 32 Un
3878 3372 141 34 peintre
4044 3369 97 33 avait
4166 3367 68 38 été,
4260 3366 161 40 pendant
4445 3364 55 33 les
4524 3363 135 41 répéti-

3646 3416 105 31 tions,
3776 3416 33 31 le
3833 3412 137 35 conseil
3995 3410 192 37 artistique
4211 3408 49 33 du
4286 3409 158 31 metteur
4468 3413 45 25 en
4538 3405 120 32 scène.

3647 3457 114 29 Grâce
3791 3455 21 31 à
3841 3454 94 32 cette
3964 3450 135 36 double
4129 3448 275 38 collaboration,
4434 3447 89 33 dont
4552 3446 46 32 M.
4627 3446 32 32 J.

3649 3498 157 30 Blanche
3833 3504 21 24 a
3878 3493 110 35 vanté
4015 3495 35 31 la
4076 3489 218 39 nouveauté,
4323 3490 33 31 le
4383 3485 181 35 Carnaval
4591 3486 64 32 des

3648 3538 156 35 Enfants
3836 3538 35 32 et
3904 3537 31 31 le
3967 3534 146 34 Sicilien
4145 3533 62 32 ont
4238 3539 46 25 eu
4317 3528 272 42 l'atmosphère,
4622 3527 36 33 la

3646 3581 163 35 couleur,
3830 3579 35 32 la
3883 3575 216 41 disposition
4119 3573 183 43 plastique
4321 3572 66 32 des
4407 3576 253 36 personnages

3646 3621 61 42 qui
3736 3621 135 33 étaient
3899 3615 211 36 conformes
4138 3616 21 31 à
4186 3616 36 31 la
4247 3615 134 31 beauté
4409 3615 44 29 de
4483 3615 35 28 la
4547 3615 112 37 pièce.

3692 3664 57 31 Du
3780 3663 108 33 reste,
3918 3659 133 37 depuis
4081 3658 221 38 longtemps,
4335 3652 20 34 à
4385 3652 210 40 l'étranger,
4627 3651 32 32 le

3648 3706 140 30 peintre
3824 3702 55 33 est
3913 3709 49 24 un
3998 3699 137 33 second
4193 3697 189 39 régisseur
4440 3695 219 30 nécessaire.

3646 3746 101 33 Ainsi
3777 3747 46 30 M.
3853 3743 123 37 Bakst,
4008 3739 142 41 malgré
4181 3740 54 31 les
4266 3739 158 30 travaux
4454 3735 61 41 qui
4548 3741 113 34 pour-

3648 3787 117 30 raient
3793 3786 32 31 le
3855 3784 135 32 retenir
4019 3781 22 34 à
4068 3781 115 36 Paris,
4214 3780 82 37 part
4325 3780 144 29 demain
4502 3782 94 35 pour
4626 3779 34 28 la

3648 3829 140 33 Russie,
3818 3827 70 35 afin
3917 3825 44 32 de
3989 3822 201 40 reprendre
4218 3822 21 30 à
4267 3819 146 41 l'Opéra
4441 3818 44 32 de
4514 3816 146 32 Péters-

3647 3872 123 39 bourg:
3794 3869 55 31 les
3877 3865 215 43 répétitions
4122 3861 273 43 interrompues
4424 3867 46 25 en
4499 3864 68 26 son
4597 3860 64 30 ab-

3648 3916 119 29 sence.

3695 3999 147 31 PORTE
3899 3993 344 35 SAINT-MARTIN.
4277 4007 48 8 —
4384 3990 53 33 On
4496 3987 166 33 donnera

3653 4041 99 30 jeudi
3774 4038 186 33 prochain,
3984 4037 20 32 à
4028 4037 98 32 deux
4148 4035 145 35 heures,
4317 4032 36 32 la
4374 4029 187 34 troisième
4586 4035 76 24 ma-

3651 4082 93 33 tinée
3770 4081 45 33 de
3842 4078 268 40 Crainquebille
4137 4077 36 32 et
4197 4076 51 32 du
4277 4074 98 33 Voile
4401 4072 51 32 du
4477 4070 184 34 Bonheur.

3696 4189 26 28 G
3732 4187 192 31 YMS'ASE.
3954 4202 46 7 —
4027 4186 51 31 La
4107 4183 167 34 Fugitive
4306 4189 20 24 a
4355 4176 134 36 réalisé
4520 4174 141 34 samedi

3650 4236 70 25 une
3742 4222 135 39 recette
3899 4228 44 31 de
3964 4226 84 35 plus
4069 4225 45 32 de
4134 4225 57 31 six
4212 4222 99 33 mille
4331 4222 140 39 francs.
4493 4217 169 33 L'émou-

3651 4272 106 29 vante
3781 4271 35 30 et
3839 4269 192 32 amusante
4056 4265 163 34 comédie
4243 4265 44 31 de
4310 4264 47 31 M.
4382 4261 123 33 André
4530 4260 133 30 Picard

3650 4321 21 22 a
3693 4310 67 33 fait
3782 4318 50 24 un
3856 4304 86 38 effet
3965 4303 148 38 énorme
4136 4314 64 24 sur
4224 4305 34 34 le
4280 4303 125 40 public
4428 4302 62 41 qui
4514 4300 60 35 n'a
4598 4304 66 34 pas

3652 4351 152 43 ménagé
3825 4357 59 27 ses
3905 4350 149 42 rappels
4076 4349 21 32 à
4118 4346 229 34 l'excellente
4368 4341 294 44 interprétation.

3698 4459 203 31 TREATRE
3930 4458 59 31 DE
4018 4454 227 34 L'ŒUVRE.
4272 4469 47 7 —
4372 4449 95 34 C'est
4520 4447 140 33 samedi

3654 4501 185 31 prochain,
3867 4499 74 32 soir
3970 4498 49 32 du
4047 4496 188 36 réveinon,
4264 4501 70 31 que
4360 4493 47 31 M.
4436 4489 222 42 Lugné-Poe

3652 4543 184 30 clôturera
3862 4541 35 32 la
3921 4540 95 32 belle
4043 4538 94 32 série
4163 4537 45 32 de
4233 4534 313 39 représentations
4572 4538 49 33 qu
4636 4531 26 30 il

3651 4585 119 28 donne
3799 4583 92 30 dans
3920 4582 36 31 la
3984 4580 91 32 salle
4103 4578 50 32 du
4194 4577 155 31 Théâtre
4378 4573 149 33 Femina
4566 4572 46 32 de
4650 4579 7 24 :

3651 4626 178 31 L'Amour
3851 4623 43 32 de
3916 4622 104 37 Késa,
4043 4620 149 32 Elektra
4214 4619 35 32 et
4272 4617 51 32 les
4347 4615 108 33 Pieds
4478 4612 183 33 Nickelés.

3698 4667 54 32 On
3784 4665 69 32 sait
3885 4664 33 31 le
3952 4662 129 33 succès
4113 4660 156 39 qu'aura
4301 4666 46 23 eu
4382 4656 94 32 cette
4509 4661 153 35 reprise,

3652 4708 88 29 dont
3771 4705 96 32 Mme
3901 4703 166 34 Suzanne
4100 4699 160 38 Després
4305 4698 55 32 est
4406 4704 86 25 sans
4539 4702 122 25 aucun

3653 4749 108 29 doute
3795 4748 35 31 la
3862 4744 139 35 grande
4035 4743 193 33 attraction
4251 4748 8 30 ;
4296 4740 84 31 tous
4414 4739 53 30 les
4501 4736 93 32 soirs
4628 4736 35 31 la

3653 4789 138 32 grande
3813 4788 126 31 artiste
3961 4787 54 31 est
4036 4782 194 37 acclamée,
4252 4781 35 33 et
4308 4781 164 32 l'Amour
4493 4779 44 31 de
4558 4778 104 37 Késa,

3653 4832 61 29 qui
3737 4830 97 31 avait
3856 4829 135 31 obtenu
4015 4834 50 25 un
4088 4826 31 31 si
4141 4822 162 38 légitime
4326 4820 130 34 succès
4479 4820 21 31 à
4522 4820 35 31 la
4581 4826 82 34 pre-

3656 4872 120 32 mière,
3808 4870 105 32 attire
3945 4875 50 25 un
4037 4866 124 38 public
4202 4864 81 32 tout
4324 4860 339 44 particulièrement

3658 4912 97 30 initié
3788 4918 72 24 aux
3893 4911 129 31 choses
4056 4908 48 32 du
4136 4907 129 36 Japon.
4299 4904 47 33 Ce
4378 4903 83 31 sont
4492 4903 168 34 souvent,

3655 4952 199 33 d'ailleurs,
3879 4952 65 32 des
3967 4947 392 35 Extrême-Orientaux
4382 4943 63 41 qui
4469 4942 195 42 apportent

3655 4995 229 29 eux-mêmes
3913 4990 35 33 le
3980 4990 114 33 crédit
4125 4989 44 32 de
4200 4989 82 31 leur
4324 4985 141 34 sincère
4509 4984 156 31 enthou-

3655 5037 133 33 siasme
3818 5036 20 31 à
3866 5036 96 31 Mme
3992 5033 165 32 Suzanne
4186 5030 171 40 Després.
4388 5026 56 33 Un
4475 5023 189 34 comédien

4699 548 135 86 japonais,
4834 548 27 86 à
4861 548 40 86 M.
4901 548 175 86 Lugné-Poe:M.
5076 548 150 86 Kawamura"
5259 564 151 40 écrivait
5441 569 271 37 dernièrement

4701 643 475 53 rrd'aLïïift:'ZSâ-'ntmt
5202 663 49 24 au
5277 661 195 35 spectacle.
5499 664 86 32 Mon
5612 674 102 22 cœur

4701 695 57 18 me
4785 695 126 23 battait
4936 695 45 24 de
5004 698 73 30 joie
5103 701 44 24 en
5172 700 135 29 voyant
5333 700 35 29 la
5391 703 232 26 satisfaction
5647 708 64 21 des

4700 728 176 43 spectateurs,
4876 728 81 43 toute
4957 728 40 43 la
4997 728 54 43 qui
5051 728 97 43 n'ont
5170 728 104 43 Céé
5294 728 420 43 ïwJ"*

4701 770 102 25 loute
4830 770 35 27 la
4892 774 114 28 durée
5033 772 44 32 de
5105 774 35 31 la
5164 775 115 36 pièce.
5305 780 53 31 En
5386 783 93 28 effet,
5518 786 36 25 la
5580 788 134 23 répéti-

4703 809 168 57 ravissante.
4871 809 126 57 générale
4997 809 57 57 de
5090 826 13 15 "
5120 817 127 49 L'OEuvre
5247 817 57 49 il
5323 833 14 15 1)
5372 823 85 33 était
5486 823 79 35 tout
5595 828 25 30 à
5643 830 71 29 fait

4702 885 154 40 critique
4881 888 22 31 à
4926 890 186 38 formulei,
5134 896 22 30 à
5180 898 96 33 tous.
5326 864 96 32 avait
5452 864 88 42 déjà
5569 875 144 27 aucune

4751 977 209 37 THEATRE
4989 983 171 37 REJANE
5195 988 141 39 (Saison
5369 996 136 31 belge).
5536 1017 46 7 -
5636 1004 80 23 Une

4702 1026 65 23 des
4794 1029 86 30 plus
4904 1029 176 34 joyeuses
5107 1029 170 35 étrennes
5303 1034 21 31 à
5349 1036 106 34 offrir
5481 1033 94 37 cette
5600 1043 116 28 année

4703 1069 62 62 sera
4765 1069 75 62 mans.
4901 1069 183 31 amement
5119 1070 33 31 le
5187 1070 164 44 Mariage
5386 1077 45 32 de
5465 1076 86 36 Mlle
5587 1083 147 34 Heule.,

4862 1152 137 34 Wp0rUJ
5014 1148 157 38 ^d0r?ner
5202 1153 123 33 toutes
5360 1155 160 31 facilités
5553 1168 74 18 aux
5661 1165 58 21 fa-
5758 1164 6 4 '

4705 1185 72 35 milles,
4777 1185 81 35 mitipf1
4864 1185 46 31 M.
4941 1185 95 34 Léon
5066 1190 140 35 Poirier
5233 1203 21 23 a
5282 1195 128 35 décidé
5439 1200 45 30 de
5513 1202 141 31 donner
5682 1208 37 25 la

5136 1232 45 33 de
5217 1237 83 29 MM.
5336 1237 132 29 Frantz
5503 1241 142 25 Fonson
5682 1249 36 17 et.

4707 1264 96 32 délicieuse
4803 1264 79 32 Fernand
4894 1264 187 37 Wicheler,
5115 1279 43 25 en
5183 1277 178 33 matinées
5383 1282 335 33 supplémentaires

5133 1320 19 24 e
5179 1314 20 31 2
5226 1319 156 34 janvier,
5410 1328 87 25 sans
5527 1326 191 27 préjudice

4803 1352 31 12 m
4865 1352 22 12 i-
5012 1352 220 46 habituelles
5263 1357 50 32 du
5356 1360 104 38 jeudi
5504 1363 36 32 et
5581 1366 51 32 du
5664 1369 55 29 di-

4706 1397 165 20 manche.
4904 1397 96 27 matinées
5000 1397 32 27 La
5032 1397 109 27 location
5175 1397 55 30 est
5261 1402 153 31 ouverte
5456 1403 66 30 dès
5565 1408 154 25 aujour-

4705 1431 102 26 d'hui
4833 1433 95 34 pour
4953 1437 62 25 ces
5041 1432 99 33 deux
5168 1437 177 34 matinées
5373 1444 346 41 supplémentaires.

5030 1526 45 36 /-
5137 1552 7 7 '
5159 1546 59 16 C
5316 1540 101 22 ancis
5445 1534 114 28 Robin
5587 1541 133 21 retient

4706 1561 35 28 la
4768 1561 84 30 date
4880 1561 28 32 <(u
4908 1561 22 32 du
4958 1563 43 32 23
5030 1565 193 36 décembre
5251 1578 96 27 pour
5369 1574 39 31 la
5435 1576 192 29 répétition
5656 1583 64 22 gé-

4706 1604 135 34 nérale,
4873 1610 21 23 a
4922 1607 169 31 bureaux
5120 1611 161 38 ouverts,
5324 1613 45 32 de
5414 1616 50 32 Va
5494 1617 226 32 Cheminot...ct

4706 1648 38 59 Ch
4744 1648 115 59 Chemine
4904 1647 22 34 !,
4982 1647 42 30 sk
5029 1648 81 31 etch
5166 1650 45 32 de
5266 1653 37 32 F.
5346 1655 46 32 de
5446 1657 173 46 Rouvray

4795 1682 24 49 ^
4866 1690 20 17 lun
4891 1693 24 32 y
4936 1692 9 30 ;
4976 1686 55 45 Utî
5052 1689 128 39 Invité,
5205 1700 50 28 un
5280 1695 80 32 acte
5384 1697 46 32 de
5455 1699 157 32 Géroule
5634 1711 8 20 ;
5670 1703 49 28 Le

4707 1730 155 31 Cobaye,
4893 1733 50 23 un
4973 1730 79 29 acte
5082 1730 44 31 de
5156 1732 150 35 Rumac,
5336 1736 35 31 et
5400 1737 36 30 la
5464 1747 113 20 revue
5605 1744 80 23 Alla
5709 1746 11 21 '

4705 1766 80 28 Allo
4806 1766 14 29 !
4840 1767 68 36 606,
4929 1766 44 32 de
4992 1768 90 33 Jean
5103 1771 121 34 Bastia
5243 1774 35 33 et
5299 1776 96 34 C.-A.
5414 1779 151 36 Abadie.

4752 1845 62 32 EN
4847 1847 223 35 TOURNEE.
5099 1869 47 6 —
5175 1855 86 33 Mlle
5290 1857 93 33 Jane
5413 1858 88 32 Esly
5542 1871 22 19 a
5603 1866 118 24 quitté

4707 1889 79 27 hier
4818 1889 162 32 l'affiche
5014 1891 65 32 des
5112 1893 357 30 Bouffes-Parisiens
5502 1910 95 21 pour
5630 1907 91 23 aller

4706 1933 109 32 jouer
4837 1936 44 24 en
4906 1930 162 39 tournée,
5093 1933 21 32 à
5137 1935 87 33 Nice
5247 1937 35 31 et
5304 1939 261 30 Monte-Carlo,
5589 1944 32 25 le
5644 1948 77 21 rôle

4707 1973 47 33 qu
4772 1968 69 31 elle
4874 1972 97 30 avait
5005 1973 86 33 tenu
5125 1983 88 25 avec
5258 1977 78 34 tant
5381 1979 46 32 de
5471 1983 114 28 talent
5627 1988 94 23 dans

4708 2010 143 30 Xantho
4879 2011 86 32 chez
4994 2013 52 32 les
5075 2017 249 34 Courtisanes.

3499 7985 104 33 Mme
3625 7984 175 33 EDVINA"

2734 8102 25 4 ..
2794 8098 8 7 1
2843 8040 27 23 .-
2916 8094 18 11 .1
3250 8038 213 38 nouvelle'«
3490 8040 132 34 Louise
3649 8052 14 18 »
3693 8040 44 32 de
3763 8039 337 34 l'Ovéra-Comiaue

4906 2126 622 100 MUSIQUE

5081 2275 52 28 LA
5161 2271 196 36 JOURNÉE

4755 2321 27 30 A
4793 2362 6 6 ^
4811 2321 351 44 l'Opéra.Comique,
5193 2326 22 32 à
5254 2328 20 32 8
5315 2328 148 43 heures,
5494 2336 143 35 reprise
5677 2338 47 33 de

4708 2371 51 22 Lo
4765 2371 74 23 Mtse
4845 2387 8 8 •

5134 2444 167 51 ÉCHOS

4756 2549 190 40 MUSSET,
4981 2552 158 39 ROLLA,
5174 2554 203 39 BERLIOZ,
5411 2560 57 31 P£
5474 2560 28 32 G
5503 2561 64 32 AN
5568 2563 68 30 INI
5668 2565 59 28 ET

4710 2592 50 30 SA
4795 2592 151 31 CANNE
4976 2593 59 31 DE
5065 2593 126 34 JONC.
5220 2613 47 6 —
5296 2597 51 32 De
5377 2598 153 34 Musset,
5561 2602 21 27 à
5613 2611 129 21 cause

4714 2631 44 31 de
4792 2639 66 23 son
4892 2633 227 39 centenaire;
5156 2635 45 32 de
5234 2637 150 37 Berlioz,
5417 2640 21 31 à
5470 2649 113 25 cause
5616 2644 45 30 de
5693 2645 37 29 la

4712 2673 191 30 fondation
4936 2674 149 38 Berlioz,
5116 2675 36 33 et
5182 2676 45 32 de
5257 2678 135 32 Roméo
5423 2681 33 31 et
5486 2682 151 30 Juliette,
5677 2692 50 22 on

4714 2713 102 40 parle
4842 2713 205 42 beaucoup.
5073 2715 53 33 On
5151 2724 21 24 a
5197 2719 151 36 rappelé
5371 2728 72 27 que
5469 2728 94 26 nous
5588 2724 141 31 devons

4712 2754 36 30 la
4769 2754 174 39 partition
4967 2754 44 33 de
5034 2756 134 32 Roméo
5191 2756 20 33 à
5234 2758 35 32 la
5291 2759 208 36 générosité
5522 2763 44 30 de
5590 2763 137 32 l'avare

4712 2794 180 39 Paganini
4929 2796 74 40 qui,
5041 2797 283 35 enthousiasmé
5355 2809 67 28 par
5459 2803 32 30 le
5529 2804 115 33 talent
5683 2807 45 30 de

4709 2836 149 36 Berlioz,
4879 2836 51 30 lui
4950 2836 39 31 fit
5007 2836 70 32 don
5098 2837 109 33 d'une
5225 2847 140 25 somme
5385 2841 44 32 de
5447 2843 125 38 20,000
5591 2846 139 35 francs.

4761 2875 96 32 C'est
4883 2877 100 30 aussi
5011 2876 194 33 l'occasion
5232 2880 44 31 de
5301 2881 164 36 signaler
5488 2892 72 25 que
5585 2886 33 31 le
5645 2895 85 22 pro-

4716 2916 146 32 fesseur
4890 2916 44 32 de
4961 2917 179 40 Paganini
5167 2919 193 39 s'appelait
5387 2923 114 33 Rolla.
5528 2925 47 32 Ce
5603 2927 58 31 fut
5688 2937 41 21 ce

4715 2964 230 34 personnage
4969 2957 136 33 obscur
5127 2960 62 39 qui
5215 2961 140 33 fournit
5378 2963 184 34 à.Musset
5585 2967 33 32 le
5642 2975 85 24 nom

4715 2998 87 31 d'un
4825 2998 109 31 héros
4955 2999 36 31 et
5011 2999 33 32 le
5067 3000 82 32 titre
5171 3000 88 33 d'un
5281 3003 140 36 poème,
5442 3005 78 29 l'un
5540 3007 36 27 et
5597 3007 133 31 l'autre

4714 3038 215 32 immortels.

4760 3079 179 40 Paganini
4963 3078 88 34 était
5074 3081 92 32 ainsi
5191 3083 208 33 coutumier
5421 3085 308 39 d'excentricités.

4714 3120 53 30 En
4811 3120 99 37 1817,
4953 3127 142 26 comme
5136 3122 25 31 il
5203 3123 162 35 donnait,
5407 3125 22 32 à
5469 3127 154 35 Vérone,
5665 3130 66 29 des

4714 3161 169 31 concerts
4909 3161 63 40 qui
4999 3161 355 35 enthousiasmaient
5380 3165 36 32 la
5440 3167 98 35 ville,
5566 3177 50 24 un
5643 3170 88 32 chef

4715 3201 227 32 d'orchestre
4967 3203 170 37 envieux,
5164 3205 145 31 nommé
5335 3206 224 34 Valdabrini,
5585 3210 147 33 préten-

4715 3242 52 31 dit
4800 3250 71 32 que
4905 3243 179 40 Paganini
5119 3243 222 34 n'exécutait
5374 3246 251 36 brillamment
5657 3260 73 23 que

4715 3283 160 31 certains
4898 3284 190 31 concertos
5113 3283 75 33 très
5210 3282 154 36 étudiés.
5386 3288 103 30 Mais,
5512 3290 218 34 ajouta-t-il,

4714 3323 136 40 jamais
4878 3323 24 31 il
4931 3328 44 27 ne
5003 3332 38 23 se
5070 3324 139 33 tirerait
5236 3325 87 33 d'un
5351 3328 76 31 sien
5457 3331 170 32 concerto
5656 3333 76 32 fort

4716 3364 152 32 difficile
4908 3364 110 41 après
5057 3372 71 25 une
5166 3366 103 32 seule
5307 3368 207 37 répétition.
5552 3369 192 37 Paganini'

4717 3405 152 40 accepta
4901 3405 33 31 le
4967 3405 82 38 défi,
5083 3413 44 25 ne
5160 3406 39 32 fit
5230 3412 71 33 que
5334 3409 66 32 des
5431 3407 301 39 improvisations

4715 3445 229 32 fantaisistes
4978 3446 21 31 à
5032 3446 37 32 la
5102 3446 206 41 répétition.
5343 3450 48 31 Le
5424 3450 208 34 lendemain
5679 3463 50 23 au

4716 3487 159 37 concert,
4899 3487 25 31 il
4948 3487 110 40 parut
5080 3495 95 25 avec
5192 3495 67 27 son
5281 3489 123 33 violon
5425 3491 70 33 et...
5519 3500 72 25 une
5614 3503 116 25 canne

4718 3527 43 32 de
4784 3527 87 40 jonc
4896 3528 46 32 !...

4763 3568 151 32 Chacun
4935 3576 39 24 se
4995 3568 213 34 demandait
5229 3578 40 24 ce
5289 3570 89 39 qu'il
5398 3572 141 34 voulait
5558 3582 45 25 en
5626 3576 104 31 faire.

4763 3608 172 38 Soudain,
4961 3610 194 32 saisissant
5180 3618 64 24 son
5272 3612 122 31 violon
5418 3613 36 32 et
5479 3615 76 31 s'en
5581 3620 151 30 servant

4717 3657 141 24 comme
4884 3649 87 32 d'un
4999 3651 137 37 archet,
5162 3650 24 32 il
5210 3651 91 37 joua
5326 3653 79 32 tout
5429 3654 33 32 le
5488 3657 182 35 concerto,
5695 3660 37 28 et

4718 3698 71 24 non
4809 3691 205 32 seulement
5033 3699 45 24 en
5096 3692 168 39 exprima
5282 3693 54 32 les
5354 3694 85 37 plus
5457 3695 173 34 difficiles
5648 3706 85 27 pas-

4718 3740 120 32 sages,
4885 3732 93 32 mais
5024 3741 25 32 y
5095 3732 129 40 ajouta
5269 3733 65 32 des
5379 3735 201 34 variations
5626 3739 108 33 char-

4717 3772 201 33 mantes!...

4760 3849 27 31 A
4815 3848 176 33 PROPOS
5016 3849 59 36 DE
5102 3849 120 37 PAUL
5249 3851 191 32 FUGERE.
5458 3834 54 42 —
5537 3853 48 33 Ce
5611 3855 123 33 comé-

4714 3890 95 37 dien,
4836 3898 45 24 au
4908 3890 162 32 bénéfice
5096 3890 138 41 duquel
5263 3891 57 32 fut
5346 3892 142 33 donnée
5513 3894 36 32 la
5574 3897 158 32 matinée

4715 3932 44 32 de
4791 3931 151 37 samedi,
4976 3931 57 31 fut
5064 3931 171 40 toujours
5266 3939 50 24 un
5347 3932 219 41 fantaisiste,
5609 3937 35 31 et
5685 3944 47 27 on

4718 3980 94 24 nous
4833 3972 137 32 contait
4990 3972 132 32 l'autre
5141 3972 87 38 jour
5248 3975 185 32 comment
5452 3975 25 32 il
5497 3983 39 25 se
5557 3977 174 38 présenta

4716 4022 45 24 al'
4790 4014 292 32 Conservatoire.

4763 4056 28 30 Il
4816 4054 97 33 avait
4936 4055 115 31 choisi
5076 4056 94 39 pour
5192 4056 195 32 concourir
5410 4064 73 25 une
5506 4058 109 33 scène
5639 4060 91 33 clas-

4717 4097 104 37 sique
4849 4112 47 6 —
4922 4095 84 32 bien
5036 4096 162 32 entendu
5227 4113 45 7 —
5301 4098 92 31 mais
5422 4098 62 38 qui
5513 4099 218 39 comportait

4716 4138 44 32 de
4782 4137 206 32 nombreux
5008 4137 36 31 et
5067 4137 193 40 fréquents
5286 4150 14 15 «
5317 4138 120 33 bruits
5457 4140 46 32 de
5523 4142 160 32 coulisse
5701 4156 31 21 Il,

4762 4179 40 31 P.
4834 4178 142 35 Fugère
5007 4178 63 31 eut
5100 4177 172 35 toujours
5304 4187 49 23 un
5385 4180 114 32 talent
5528 4183 219 29 extraordi-,

4720 4219 101 32 naire
4853 4219 226 32 d'imitateur
5110 4218 45 39 et,
5188 4219 135 33 devant
5355 4219 172 35 l'austère
5558 4223 89 37 jury
5679 4212 68 46 du,

4720 4260 296 37 Conservatoire,,
5034 4259 23 32 il
5079 4259 156 38 n'hésita
5254 4268 66 31 pas
5340 4261 21 32 à
5382 4262 86 38 être,
5491 4263 83 36 tour
5593 4264 22 31 à
5634 4263 97 39 tour,
5742 4262 29 37 '.

4718 4303 32 31 le
4771 4302 185 36 tambour,
4980 4301 32 32 le
5036 4308 128 31 canon,
5188 4301 33 32 le
5243 4302 184 39 tonnerre,
5449 4304 80 38 etc.,
5552 4305 22 31 à
5596 4305 36 32 la
5654 4307 76 32 stu-

4722 4351 93 34 peur
4842 4342 172 41 générale
5039 4342 7 31 !

4765 4385 94 31 Paul
4880 4383 144 42 Fugère
5045 4388 47 28 ne
5114 4383 60 34 fut
5194 4383 135 41 jamais
5350 4392 90 34 reçu
5460 4393 48 26 au
5530 4384 198 37 Conserva-

4717 4425 227 35 toire...

5443 4468 235 39 FORTUNIO.

5036 4569 392 42 INFORMATIONS

4768 4673 161 34 OPERA.
4964 4690 48 6 —
5044 4673 50 32 Le
5130 4673 130 31 maître
5294 4672 125 32 André
5453 4674 190 36 Messager
5679 4671 57 35 est

4722 4716 106 41 parti,
4856 4715 89 37 hier,
4974 4722 94 33 pour
5095 4712 36 34 la
5156 4713 143 38 Russie,
5326 4714 72 32 afin
5426 4713 44 33 de
5498 4709 138 46 diriger
5662 4722 72 25 une

4721 4758 94 32 série
4837 4757 45 33 de
4905 4756 180 35 concerts.

4768 4844 387 38 OPERA-COMIQUE.
5186 4860 49 6 —
5266 4845 48 30 M.
5346 4842 127 33 Albert
5507 4843 112 33 Carré
5653 4843 84 41 pré";

4722 4897 98 29 pare,
4851 4893 97 31 pour
4977 4886 32 31 le
5039 4883 181 33 mercredi
5249 4885 43 31 28
5322 4884 205 37 décembre,
5557 4891 72 25 une
5658 4892 78 24 ma-

4722 4931 94 32 tinée
4840 4930 43 31 de
4907 4927 86 40 gala
5016 4933 45 25 au
5086 4925 110 39 profit
5219 4925 43 32 de
5287 4925 242 40 l'Orphelinat
5551 4926 65 31 des
5638 4926 106 33 Arts.'

4722 4974 55 30 Un
4816 4971 105 32 conte
4958 4966 158 35 musical
5141 4974 7 24 :
5190 4966 103 37 Noël,
5331 4974 45 24 en
5415 4966 92 32 trois
5541 4967 111 36 actes,
5690 4967 45 32 de

4720 5014 86 32 Mlle
4832 5013 138 31 Jeanne
4999 5008 154 37 Ferrier,
5180 5008 47 32 M.
5252 5007 93 32 Paul
5372 5007 143 32 Ferrier
5541 5008 36 31 et
5603 5007 135 33 Frédé-

4721 5062 53 25 ne
4795 5052 228 38 d'Erlanger,
5045 5056 84 25 sera
5148 5048 215 40 représenté
5384 5055 94 34 pour
5499 5048 36 32 la
5555 5049 181 40 premiero

4723 5096 71 32 fois
4819 5095 21 31 à
4865 5093 93 33 cette
4983 5090 183 33 occasion.
5192 5090 48 31 Le
5266 5089 181 41 principal
5472 5089 77 32 rôle
5574 5089 46 32 de
5644 5089 92 33 l'ou-

4722 5144 114 28 vrage
4872 5133 84 33 sera
4992 5131 84 33 créé
5114 5138 68 32 par
5217 5131 97 32 Mme
5350 5129 225 41 Marguerite
5613 5131 123 37 Carré,

4723 5175 175 35 entourée
4925 5175 44 32 de
4998 5175 117 31 Mmes
5143 5171 148 41 Brohly,
5319 5171 43 32 de
5389 5171 244 40 Poumayrac,
5663 5172 75 31 Du-

4723 5224 150 30 vernoy,
4913 5214 154 40 Jurand,
5110 5213 184 41 Dauphin,
5334 5211 159 39 Villette,
5535 5212 165 32 Carrière
5722 5220 11 30 ;

4723 5261 84 32 MM.
4851 5259 101 36 Sens,
4994 5255 170 35 Vieuille,
5207 5253 262 37 Mesmaecker,
5513 5253 223 41 Belhomme,

4723 5300 130 37 Andal,
4878 5299 91 33 Jean
4997 5297 129 36 Laure,
5153 5296 137 35 Vaurs;
5312 5294 190 40 Pasquier,
5528 5294 68 32 etc.

4771 5343 55 27 Un
4856 5341 106 32 autre
4992 5344 165 29 ouvrage
5187 5336 114 31 inédit
5330 5334 45 33 de
5404 5336 47 31 M.
5481 5334 138 36 Claude
5649 5336 86 31 Ter-

4723 5391 103 20 rasse
4858 5386 296 30 accompagnera
5183 5377 104 32 Noël.
5316 5372 96 36 C'est
5443 5383 50 25 un
5525 5372 214 37 divertisse-,

4724 5424 100 33 ment
4847 5422 62 41 qui
4935 5430 22 24 a
4981 5428 108 35 pour,
5100 5419 85 32 titre
5209 5417 191 32 Libellule.
5423 5417 53 33 La
5500 5415 237 35 distribution

4724 5473 83 25 sera
4833 5463 144 33 celle-ci
5000 5470 9 24 :

4769 5517 92 31 Mlles
4892 5515 135 29 Chasles
5073 5514 57 32 (La
5171 5511 175 31 Libellule)
5355 5530 18 17 ,c
5404 5511 45 27 St.
5479 5506 263 37 Naplerkowska.

4730 5554 55 30 (Le
4809 5553 129 26 Pierrot
4961 5549 85 28 noir)
5071 5548 104 33 ;.,MM.
5200 5544 157 36 Quinault
5382 5545 57 33 (Le
5462 5546 131 29 Pierrot
5614 5547 127 33 blanc),

4728 5587 225 28 Mesmaecker
4976 5585 108 31 (Pan).

4767 5622 167 28 Premiers
4967 5621 149 26 Pierrots
5152 5625 8 19 :
5194 5616 93 28 Mlles
5320 5614 192 34 Richaume,
5544 5616 35 28 G.
5610 5616 126 34 Dugué,

4728 5659 173 30 Tesseyre,
4926 5656 109 29 Goetz,
5060 5655 129 29 Rugny.

4768 5691 146 29 Seconds
4938 5691 149 26 Pierrots
5116 5697 7 18 :
5149 5686 94 29 miles
5266 5685 132 34 Pernot,
5422 5687 130 32 Hugon,
5576 5685 164 36 GeudenSt.

4726 5727 141 31 poupin,
4889 5725 125 32 Pépita.

4768 5763 40 26 Le
4835 5766 99 26 corps
4959 5760 41 27 de
5027 5758 102 28 ballet
5153 5758 33 27 et
5212 5756 49 29 les
5286 5756 135 29 enfants
5447 5757 39 27 de
5512 5755 32 29 la
5570 5756 101 29 danse
5699 5757 34 32 d<

4727 5795 319 34 l'Opéra-Comique.

4771 5850 51 31 La
4850 5847 157 33 matinée
5036 5853 84 25 sera
5148 5844 179 41 précédée
5355 5844 110 32 d'une
5495 5844 166 31 causerie
5690 5843 43 33 de

4724 5893 47 31 M.
4796 5890 105 32 Jules
4926 5887 193 35 Lemaître,
5148 5886 44 32 de
5219 5884 221 33 l'Académie
5467 5884 197 41 française.

4775 5982 206 33 THEATRE
5012 5979 192 33 APOLLO.
5237 5996 47 7 —
5315 5978 96 33 C'est
5443 5978 177 33 vendredi
5653 5986 81 32 pro..

4727 6025 106 28 chain
4876 6023 155 37 qu'aura
5073 6017 73 35 lieu
5189 6020 36 32 la
5266 6019 141 39 reprise
5449 6019 45 32 de
5536 6018 35 31 la
5616 6019 120 31 Veuve

4725 6067 166 33 joyeuse.
4926 6062 138 38 Depuis
5098 6061 193 32 l'annonce
5325 6060 64 36 des
5423 6059 314 41 représentations

4727 6107 44 31 de
4801 6106 36 31 la
4866 6104 143 32 célèbre
5040 6102 174 40 opérette,
5243 6101 54 32 les
5328 6099 147 34 feuilles
5506 6099 43 33 de
5579 6100 158 32 location

4727 6147 62 32 ont
4826 6146 55 31 été
4920 6144 119 38 prises
5076 6142 177 37 d'assaut,
5291 6149 71 24 non
5399 6141 206 32 seulement
5643 6147 93 34 pour

4726 6186 178 34 vendredi
4932 6186 35 30 et
4995 6185 36 31 la
5059 6183 117 33 soirée
5207 6183 48 31 du
5286 6182 198 37 Réveillon,
5514 6181 92 32 mais
5636 6181 100 32 aussi

4725 6236 95 35 pour
4850 6228 34 31 la
4915 6225 157 32 matinée
5103 6225 45 31 de
5179 6223 193 32 dimanche
5404 6222 187 42 prochain.

4773 6270 51 31 En
4858 6266 201 37 attendant,
5091 6264 197 32 Malbrouk
5318 6264 77 31 s'en
5428 6264 142 30 va-t-en
5600 6270 135 31 guerre

4726 6312 34 31 et
4789 6310 94 31 Rêve
4913 6307 44 32 de
4991 6307 105 32 Valse
5125 6305 215 33 continuent
5367 6305 23 31 à
5417 6304 154 33 réaliser
5599 6304 44 32 de
5671 6312 64 25 su-

4726 6352 130 42 perbes
4878 6349 167 31 recettes.

4836 6436 156 36 Sur
5017 6437 200 32 votre
5248 6433 384 32 IVCouclxoir

4726 6490 96 78 LA
4838 6484 492 82 FEUILLERAIE
5348 6484 74 76 de
5440 6482 298 78 GUELDY

4730 6632 426 68 MUSIC-HALLS
5186 6630 76 62 ET
5290 6622 446 70 ATTRACTIONS

4771 6765 27 29 A
4830 6763 35 30 la
4898 6756 412 36 Gaîté-Rochechouart,
5343 6754 21 31 à
5395 6753 134 33 minuit
5561 6753 36 32 et
5629 6751 108 37 demi,

4729 6803 191 32 répétition
4946 6800 171 33 générale
5140 6798 44 31 de
5208 6799 53 29 Tu
5285 6796 101 30 viens
5410 6802 87 24 avec
5518 6795 16 32 ?
5558 6801 112 25 revue
5693 6800 42 24 en

4727 6845 94 32 seize
4847 6843 183 35 tableaux,
5057 6840 44 32 de
5125 6840 85 31 MM.
5234 6835 285 34 Bataille-Henri
5544 6836 35 32 et
5603 6834 127 33 Valen-

4730 6886 52 32 tin
4805 6883 183 34 Tarrault.

4775 6955 393 36 FOLIES-BERGERE.
5193 6971 48 6 —
5265 6954 148 32 210.225
5441 6952 137 38 francs,
5607 6950 48 32 tel
5683 6946 54 36 es\

4728 7002 33 30 le
4784 7000 129 32 chiffre
4936 6993 120 39 global
5082 6996 44 32 de
5149 6996 156 31 recettes
5327 6994 85 38 qu'a
5434 6993 139 36 atteint,
5596 6990 140 32 samedi

4729 7042 84 34 soir,
4845 7040 20 31 à
4897 7047 41 23 sa
4969 7037 204 39 quinzième
5206 7034 304 42 représentation,
5542 7033 36 31 la
5610 7031 126 32 triom-

4727 7081 135 42 phante
4884 7081 122 30 Revue
5029 7078 63 31 des
5115 7075 306 39 Folies-Bergère.

4778 7122 94 32 C'est
4903 7121 35 30 la
4971 7119 252 31 consécralion
5257 7117 50 32 du
5339 7114 130 34 succès
5500 7112 234 33 retentissant

4731 7171 70 26 que
4842 7160 239 37 remportent,
5124 7159 141 38 chaque
5307 7157 84 35 soir,
5433 7154 130 41 depuis
5606 7153 127 40 quinze

4729 7205 117 31 jours,
4869 7201 92 32 dans
4983 7201 53 31 les
5060 7200 171 32 tableaux
5254 7200 82 30 tour
5357 7198 20 30 à
5399 7197 83 30 tour
5504 7196 229 30 irrésistible-

4731 7244 99 32 ment
4864 7242 90 34 gais,
4989 7242 84 31 tour
5107 7241 21 31 à
5161 7241 84 30 tour
5278 7236 340 40 somptueusement
5653 7235 78 32 évo-

4728 7285 167 32 cateurs,
4913 7283 52 31 les
4993 7281 221 33 admirables
5240 7278 218 39 interprètes
5484 7284 71 32 que
5582 7277 45 30 M.
5654 7275 74 32 Clé-

4729 7325 99 31 ment
4848 7323 137 32 Bannel
5005 7331 21 24 a
5045 7330 44 24 su
5110 7328 161 34 grouper
5289 7326 45 25 en
5353 7325 71 25 une
5444 7317 111 40 gerbe
5575 7316 149 32 éblouis-

4728 7365 115 32 sante.

4777 7440 86 31 BAL
4895 7439 63 33 DU
4987 7435 362 35 MOULIN-ROUGE.
5377 7450 48 6 —
5453 7433 48 31 M.
5530 7432 142 36 Fabert,
5703 7431 29 32 le

4733 7481 195 32 directeur,
4962 7480 101 31 vient
5098 7478 162 32 d'ouvrir
5296 7482 49 25 un
5379 7473 238 38 concert-bal,
5653 7473 77 30 tous

4732 7522 53 31 les
4809 7521 118 40 jours,
4953 7521 44 31 de
5022 7521 19 30 5
5067 7520 21 31 à
5113 7519 18 32 7
5156 7518 145 31 heures.

4728 7620 246 80 SAVON
5020 7616 452 80 DENTIFRICE
5514 7612 210 80 GIBBS

4730 7724 56 36 En
4803 7725 114 34 vente
4936 7722 173 44 partout.
5132 7736 44 7 —
5196 7716 105 36 Boîte
5329 7715 226 37 aluminium
5571 7715 25 35 1
5618 7713 98 37 franc

4832 7814 284 98 Nez
5176 7810 460 116 Rouge

4748 7937 223 31 Couperose,
4994 7934 142 29 taches,
5157 7934 101 27 rides
5277 7937 33 24 et
5329 7939 182 24 rougeurs
5528 7930 50 27 du
5594 7929 125 29 visage

4729 7980 175 25 Disparition
4930 7976 120 27 radicale
5073 7983 51 22 par
5149 7969 162 32 CRÈME
5342 7971 217 29 SPECIALE
5590 7967 145 28 RESSE

5054 8006 130 23 donnant
5199 8012 37 17 un
5252 8006 68 23 teint
5334 8004 72 24 idéal

4727 8039 48 27 f/2
4784 8042 42 25 Dot
4835 8042 17 24 3
4860 8040 32 26 fr.
4907 8039 41 25 Dot
4957 8040 16 23 s
4983 8037 33 26 fr.
5028 8037 40 25 Fco
5081 8039 61 24 n.9K
5155 8043 30 21 en
5202 8037 64 26 BIUS.
5283 8036 87 26 RESSÉ.
5385 8035 34 25 19.
5437 8033 49 27 Rue
5498 8034 29 25 Le
5539 8031 112 27 Peletier.
5664 8028 71 29 Paris
