6314 8650
846 424 34 36 •
1008 384 706 102 Mondanités
1846 428 36 34 •
2014 392 288 100 Modes
2302 392 96 100 •

659 574 105 62 Les
795 574 158 62 robes
984 573 301 63 d'intérieur
1317 574 214 60 doivent
1564 582 111 52 être

727 694 67 35 en
814 668 275 63 harmonie
1110 694 127 34 avec
1260 668 48 60 le
1396 667 45 61 "
1441 667 114 61 home
1577 666 29 18 "

702 805 72 37 Les
797 805 113 37 robes
935 804 225 37 d'intérieur
1183 807 88 34 sont
1296 816 53 24 un
1374 805 65 36 des
1465 803 138 38 détails
1627 805 47 36 de

650 852 149 36 toilette
829 860 101 35 pour
957 851 162 45 lesquels
1145 851 39 36 la
1212 851 231 44 coquetterie
1471 851 141 37 semble
1639 852 35 36 le

649 899 91 44 plus
770 897 179 46 légitime.

700 945 53 36 Et
784 944 34 36 si
850 944 35 37 le
921 956 21 22 «
971 944 110 36 home
1109 955 22 24 »
1164 943 82 37 doit
1278 943 112 37 offrir
1422 944 24 37 à
1477 944 97 39 celui
1606 944 66 45 qui

648 994 142 40 rentre,
844 992 120 43 ayant
1020 1002 21 22 «
1071 990 111 44 porté
1233 993 85 34 tout
1369 992 35 36 le
1455 992 114 44 poids
1621 992 52 36 du

649 1039 92 44 jour
771 1049 35 32 »,
861 1048 73 25 une
984 1035 162 45 impres-

651 1085 84 36 sion
786 1084 47 36 de
884 1082 166 44 confort,
1101 1084 46 35 de

651 1130 200 43 bien-être,
917 1129 228 44 d'élégance,

651 1178 47 35 de
724 1176 83 37 soin
835 1177 96 35 dans
957 1176 34 36 le
1016 1175 130 43 détail,

650 1223 25 37 à
701 1224 88 43 plus
813 1222 105 36 forte
942 1221 141 44 raison,
1109 1223 38 35 la

651 1269 123 46 petite
800 1268 64 38 fée
888 1268 67 45 qui
981 1268 99 45 régit
1106 1280 42 25 ce

649 1316 179 37 domaine
876 1315 270 36 voudra-t-elle

648 1363 82 36 être
782 1373 51 25 un
885 1360 108 45 objet
1044 1361 101 37 d'art

647 1408 129 46 parmi
822 1408 54 36 les
921 1410 141 41 autres,
1107 1411 36 34 et

648 1455 199 37 réservera
861 1455 18 35 -
879 1455 28 35 t
921 1475 15 6 -
950 1454 71 36 elle
1086 1466 60 25 ses

646 1502 217 37 meilleures
892 1501 252 43 coquetteries

645 1560 103 33 pour
774 1548 54 35 les
853 1547 136 36 heures
1014 1547 129 37 d'inti-

647 1594 103 37 mité.
780 1593 150 44 Depuis
955 1594 34 36 le
1019 1605 20 23 «
1056 1596 87 34 saut

646 1641 48 36 de
715 1640 46 36 lit
778 1653 21 21 »
822 1639 136 44 qu'elle
977 1640 166 36 choisira

646 1687 80 36 très
757 1686 139 44 simple
927 1686 47 36 de
1004 1686 137 43 forme,

645 1733 81 36 très
782 1733 137 44 souple
974 1732 167 43 d'étoffe,

643 1779 186 44 jusqu'au
885 1778 257 37 déshabillé

643 1830 86 32 tout
789 1825 245 36 frissonnant
1089 1826 52 35 .de

645 1872 177 42 dentelle,
882 1873 84 35 tout
1023 1872 119 40 devra

644 1919 82 37 être
751 1930 46 25 en
824 1917 200 37 harmonie
1050 1930 92 25 avec

643 1977 42 24 ce
734 1964 67 44 qui
851 1964 198 40 l'entoure.
1088 1964 53 36 Le

642 2011 148 37 modèle
838 2010 204 45 reproduit
1090 2011 51 36 ici

643 2060 57 34 est
739 2070 46 24 en
803 2057 36 37 -
839 2057 216 37 mousseline
1093 2058 47 36 de

643 2105 48 36 de
711 2103 80 39 soie
811 2115 86 25 rose
917 2104 108 36 chair
1047 2104 94 43 plis-

641 2151 75 43 sée,
737 2162 67 25 sur
825 2153 253 41 transparent
1093 2151 47 36 de

642 2197 103 37 satin
776 2197 137 43 souple
943 2198 46 35 de
1020 2196 121 37 même

641 2255 161 25 nuance.
820 2243 64 37 Un
904 2243 104 46 petit
1008 2243 157 46 capu--:-

642 2291 97 35 chon
774 2302 46 24 en
853 2289 102 37 satin
989 2297 50 29 se'
1063 2293 76 34 ter-

637 2336 115 45 mine,
772 2348 68 25 sur
860 2337 35 36 le
914 2337 157 43 devant,1
1088 2349 48 25 en

637 2384 101 36 deux
787 2395 129 25 revers
965 2384 168 37 souples.

638 2428 87 38 Une
749 2429 220 38 cordelière,
982 2430 46 36 de
1051 2429 80 38 soie
1156 2429 74 37 fixe
1253 2429 232 46 légèrement
1508 2430 55 37 les
1588 2430 76 45 plis

636 2475 25 37 à
695 2476 39 37 la
766 2475 118 39 taille.
921 2476 109 37 Cette
1064 2475 138 44 forme,
1238 2475 77 38 très
1349 2476 194 46 pratique,
1577 2488 86 26 sera

636 2522 130 51 plutôt
790 2521 173 38 réservée
983 2534 75 25 aux
1085 2535 21 22 «
1135 2525 108 34 sauts
1265 2523 47 37 de
1334 2523 45 36 lit
1408 2535 35 25 ».

689 2569 72 37 Les
787 2568 146 38 formes
961 2568 160 46 Empire
1147 2571 36 35 et
1212 2568 214 39 Directoire
1451 2570 214 44 s'emploie-

637 2618 103 42 ront,
770 2616 47 37 de
848 2614 239 45 préférence,
1119 2627 112 34 pour,
1250 2616 53 36 les
1338 2629 20 21 «
1389 2617 110 37 robes
1529 2617 136 37 d'inté-

635 2662 107 37 rieur
770 2671 25 27 ».
795 2671 27 27 @
840 2661 59 37 On'
933 2662 54 36 les
1019 2673 139 25 couvre
1191 2662 154 44 parfois
1377 2662 92 38 d'un
1507 2676 20 22 «
1557 2676 106 24 man-

636 2713 90 32 teau
756 2721 21 23 »
799 2709 47 36 de
867 2708 228 36 mousseline
1117 2709 46 36 de
1183 2708 79 37 soie
1284 2709 146 37 voilant
1450 2709 24 37 à
1495 2710 113 44 peine
1629 2712 35 36 le
1673 2703 6 3 -

636 2757 158 35 dessous
815 2758 37 34 et
874 2754 324 40 Qu'alourdissent
1220 2756 66 36 des
1308 2756 196 37 broderies
1526 2769 50 25 ou
1598 2759 65 35 des

635 2802 146 39 bandes
805 2803 46 36 de
873 2801 197 38 fourrure.

1331 2850 39 39 J.
1405 2850 205 40 FERRANT.

990 2934 327 39 INFORMATIONS

689 3035 254 43 Aujourd'hui
968 3040 35 31 et
1028 3035 146 36 demain
1199 3037 193 42 mercredi,
1416 3038 163 43 pendant
1602 3052 60 23 ces

631 3083 101 41 d,eux
760 3083 108 42 jours
898 3083 217 40 seulement,
1115 3083 79 40 M.
1224 3084 155 41 Brandt,
1409 3086 32 34 le
1470 3086 188 36 couturier

632 3130 49 35 du
718 3129 48 42 16,
796 3141 66 24 rue
891 3129 45 35 de
967 3129 35 35 la
1034 3129 104 41 Paix,
1168 3135 76 30 met
1273 3142 44 23 en
1349 3137 107 29 vente
1485 3137 96 30 tous;
1600 3144 58 24 ses

630 3176 167 36 modèles
826 3175 46 36 de
902 3176 35 34 la'
967 3175 124 36 saison
1121 3175 143 37 d'hiver
1287 3188 8 23 :
1327 3177 108 36 robes
1465 3177 45 36 de
1541 3178 116 42 dîner,

636 3224 109 34 robes
779 3221 254 41 d'après-midi
1071 3227 36 30 et
1141 3222 49 35 du
1226 3222 86 42 soir,
1348 3229 211 35 manteaux,
1595 3231 66 29 etc.

636 3268 142 37 Toutes
807 3280 60 24 ces
895 3268 196 41 créations,
1120 3268 61 42 qui
1211 3274 63 29 ont
1304 3280 45 24 eu
1378 3281 46 23 au
1455 3270 141 35 théâtre
1627 3276 34 30 et

635 3317 92 34 dans
760 3316 33 34 le
825 3314 137 36 monde
994 3315 52 34 les
1079 3314 82 43 plus
1194 3315 178 35 éclatants
1406 3316 136 41 succès,
1576 3323 84 29 sont

634 3363 154 36 offertes
817 3361 21 36 à
865 3361 68 36 des
962 3361 85 43 prix
1079 3361 268 35 extrêmement
1377 3362 151 41 réduits,
1560 3363 99 43 n'ap-

633 3410 181 45 prochant
840 3419 76 32 pas,
944 3408 119 35 même
1091 3407 45 35 de
1162 3407 87 41 loin,
1276 3408 80 34 leur
1383 3409 110 35 réelle
1520 3410 138 34 valeur.

796 3520 708 84 MONDANITES

1005 3679 53 29 LA
1087 3670 197 38 JOURNÉE

682 3778 59 33 CE
768 3774 160 35 MÂTIN
963 3787 12 21 :
1003 3777 32 31 A
1064 3786 98 32 MIDI,
1191 3776 53 33 En
1273 3777 132 38 l'église
1433 3778 227 32 Saint-Fran-

630 3820 262 39 çois-de-Sales,
920 3820 154 36 mariage
1099 3819 43 31 de
1168 3819 85 31 Mlle
1280 3819 96 38 Gaby
1404 3821 123 34 Daum,
1554 3822 101 31 belle-

631 3864 69 31 fille
725 3863 44 32 de
795 3863 47 31 M.
870 3868 33 26 et
929 3862 44 31 de
1001 3862 93 30 Mme
1121 3862 121 38 Henry
1266 3862 89 39 Japy
1379 3862 43 33 de
1452 3864 203 37 Beaucourt,

631 3916 85 22 avec
745 3905 48 32 M.
821 3904 121 32 André
972 3904 181 31 Houdard.

683 3998 319 40 NOUVELLES
1021 3999 102 38 DES
1143 3999 175 39 COURS

684 4066 36 37 S.
751 4066 44 35 A.
827 4066 27 34 I.
885 4066 35 35 le
949 4064 210 43 grand-duc
1192 4065 91 35 Paul
1314 4065 46 35 de
1390 4065 135 36 Russie
1555 4072 34 30 et
1620 4068 34 34 la

624 4120 183 30 comtesse
825 4112 46 36 de
893 4112 272 40 Hohenfelsen,
1185 4112 60 42 qui
1265 4112 147 36 avaient
1431 4114 105 42 passé
1555 4115 101 41 quel-

627 4172 91 31 ques
746 4160 182 36 semaines
955 4159 23 35 à
1008 4158 388 43 Saint-Pétersbourg,
1426 4166 82 28 sont
1537 4167 117 28 atten-

629 4208 70 35 dus
723 4219 59 24 ces
806 4205 160 44 jours-ci
991 4217 46 24 en
1059 4205 81 36 leur
1163 4204 190 38 résidence
1376 4206 46 36 de
1439 4207 235 43 Boulogne-,

629 4253 207 38 sur-Seine.

681 4333 339 40 RECEPTIONS

682 4396 53 35 M.
761 4400 36 31 et
825 4395 103 35 Mme
956 4391 172 39 Edmond
1156 4394 95 35 Beer
1275 4398 68 30 ont
1366 4392 133 43 donné,
1525 4396 142 34 avant-'

629 4441 92 43 hier,
743 4453 50 24 un
817 4441 106 35 dîner
948 4440 90 35 dont
1061 4440 53 35 les
1136 4440 176 35 convives
1334 4439 137 36 étaient
1494 4451 8 24 :

682 4501 94 30 Mme
803 4498 190 36 Anenkoff,
1020 4503 170 26 comtesse
1217 4497 183 38 Sampieri,
1429 4498 47 30 M.
1503 4503 34 26 et
1560 4498 97 32 Mme

631 4542 191 39 Cappiello,
842 4542 94 30 Mme
959 4540 83 31 Paul
1063 4540 94 42 May,
1177 4540 108 31 baron
1305 4545 32 25 et
1356 4541 155 30 baronne
1530 4540 124 32 Fould-

635 4586 178 37 Springer,
842 4584 94 30 Mme
967 4583 113 36 Kohn,
1110 4583 47 31 M.
1187 4587 34 26 et
1250 4583 93 30 Mme
1373 4582 104 38 Willy
1499 4583 158 31 Blumen-

633 4628 84 36 thal,
742 4627 47 32 M.
814 4625 149 37 Chanut,
986 4625 89 31 MjM.
1098 4624 29 39 J.
1151 4629 34 27 et
1208 4625 53 31 W.
1287 4624 126 37 Kinen,
1437 4625 37 31 M
1510 4626 38 31 R.
1574 4626 83 31 Por-

634 4671 70 37 gès,
733 4675 63 26 etc.

681 4745 45 7 —
755 4723 174 43 Musique
947 4723 89 36 chez
1054 4722 35 36 le
1108 4727 120 31 comte
1246 4727 36 31 et
1300 4722 36 35 la
1355 4728 181 30 comtesse
1556 4723 97 36 Nos-

629 4773 78 41 titz,
728 4772 35 35 le
786 4770 182 37 mercredi
991 4780 41 24 21
1057 4769 204 42 décembre,
1284 4769 23 35 à
1326 4779 22 33 9
1369 4769 36 35 h.
1431 4769 72 44 1/2.

682 4832 58 35 De
770 4829 162 37 Biarrit--
950 4839 14 25 :

682 4884 62 35 Au
769 4882 165 41 Carlton,
960 4880 139 36 samedi
1123 4880 159 41 dernier,
1306 4880 61 35 thé
1392 4892 88 23 avec
1503 4886 150 30 tourna-

631 4937 102 34 ment
756 4930 46 36 de
823 4928 140 43 bridge.
985 4928 61 34 Au
1068 4928 154 34 nombre
1244 4927 65 35 des
1332 4927 155 42 joueurs
1518 4939 8 24 :

683 4987 159 38 Marquis
871 4986 250 37 d'Arcangues,
1153 4986 93 30 Mme
1275 4984 43 33 de
1347 4984 189 39 Amegaga,
1567 4996 91 21 com-

634 5037 92 27 tesse
759 5029 227 35 Tarnowska,
1021 5027 83 32 Mlle
1138 5028 47 31 M.
1218 5026 64 32 Th.
1315 5027 105 32 Vidal
1455 5027 109 37 Soler,
1597 5029 60 31 du-

634 5074 122 32 chesse
797 5072 43 31 de
881 5071 48 33 La
970 5069 121 37 Torre,
1133 5070 93 31 Mme
1268 5070 172 37 Montojo,
1481 5071 177 38 princesse

633 5115 239 37 Kotchoubey,
908 5114 98 30 Mme
1048 5112 299 36 Bridaux-Brune,
1388 5113 93 31 Mme
1522 5114 132 36 Meller,

633 5159 96 31 Mme
756 5157 180 35 Détroyat,
965 5155 84 31 Mlle
1076 5155 38 30 R.
1141 5154 42 31 de
1211 5153 189 38 Candamo,
1428 5155 85 31 Mlle
1540 5156 38 30 R.
1608 5156 47 30 M.

635 5200 105 32 Vidal
783 5198 111 36 Soler,
937 5197 96 31 Mme
1075 5195 145 38 Léglise,
1265 5196 93 32 Mme
1402 5197 124 36 Blaise,
1570 5198 88 31 Miss

634 5241 144 39 Keyser,
815 5240 84 32 Mlle
956 5239 249 37 d'Arcangues,
1238 5238 87 31 Mlle
1385 5239 40 31 O.
1462 5240 192 38 Zographo,

635 5286 49 31 M.
717 5285 43 31 de
792 5282 190 36 Candamo,
1016 5287 112 26 comte
1161 5280 42 32 de
1238 5281 188 36 Luzannet,
1462 5282 46 30 M.
1542 5281 37 31 F.
1613 5283 42 31 de

637 5327 189 35 Candamo,
858 5330 113 26 comte
1026 5323 30 38 J.
1088 5323 249 37 d'Arcangues,
1395 5324 48 31 M.
1478 5324 178 38 Détroyat,

636 5370 49 31 M.
713 5370 37 30 R.
777 5368 101 32 Vidal
905 5366 111 37 Soler,
1042 5365 48 32 M.
1115 5364 43 32 de
1184 5365 162 38 Vergées,
1372 5365 47 32 M.
1446 5366 73 37 Osi,
1546 5367 46 31 M.
1619 5367 35 32 C.

636 5412 44 32 de
709 5410 186 32 Candamo.

686 5464 178 39 Gagnants
893 5473 11 22 :
926 5462 85 33 Mlle
1031 5461 105 33 Vidal
1158 5460 110 38 Soler,
1287 5462 50 31 M.
1361 5461 121 34 Carlos
1503 5462 43 33 de
1569 5463 87 32 Can-

637 5508 113 33 damo.

685 5608 145 38 DANS
855 5605 96 40 LES
976 5605 293 39 CHATEAUX

687 5676 72 38 LL.
783 5673 82 36 AA.
889 5673 34 35 le
946 5672 124 43 prince
1094 5678 35 29 et
1152 5671 36 35 la
1210 5671 187 43 princesse
1421 5671 127 36 Murat
1572 5672 81 35 réu-

634 5722 190 39 nissaient,
853 5731 59 24 ces
942 5719 106 42 jours
1078 5718 176 41 derniers,
1284 5718 174 42 quelques
1488 5718 92 35 amis
1611 5730 43 24 en

1730 571 79 35 leur
1833 573 154 35 château
2011 575 45 34 de
2081 575 188 43 Chambly.
2294 577 83 36 Une
2401 578 74 35 très
2500 578 92 34 belle
2616 577 129 35 chasse

1727 617 21 34 à
1768 618 46 34 tir
1834 630 21 23 a
1874 631 43 23 eu
1937 620 72 34 lieu
2029 621 21 34 à
2069 627 94 29 cette
2182 623 180 35 occasion.
2385 624 124 34 Parmi
2529 624 52 33 les
2603 623 108 34 fusils
2735 634 7 23 :

1780 675 119 32 Comte
1923 677 128 37 Joseph
2076 678 42 31 de
2145 678 286 39 Gontaut-Biron,
2458 686 110 26 comte
2592 680 86 36 Jean
2703 679 42 31 de

1731 716 48 32 La
1815 717 293 38 Rochefoucauld,
2143 720 66 31 duc
2243 721 238 37 d'ElChingen,
2517 721 151 35 marquis
2703 720 42 32 de

1732 757 128 39 Ganay,
1887 760 105 30 baron
2021 761 164 37 Lejeune,
2212 762 47 31 M.
2284 763 110 31 Avril.

1775 832 45 6 —
1847 812 59 35 Au
1932 813 153 35 château
2112 815 44 34 de
2183 815 202 43 Courance,
2411 818 88 34 chez.
2523 817 35 34 le
2581 817 163 41 marquis

1728 863 34 30 et
1790 859 35 33 la
1853 859 185 41 marquise
2066 861 44 34 de
2141 860 138 45 Ganay,
2308 864 74 34 très
2411 863 222 42 importante
2663 862 80 35 réu-

1725 904 88 34 nion
1851 906 247 38 cynégétique,
2139 908 34 33 la
2214 909 162 35 semaine
2415 908 168 35 dernière
2597 918 9 5 '
2622 908 119 37 égale-

1725 956 109 29 ment.
1858 944 60 41 Au
1939 953 153 34 nombre
2114 952 64 36 des
2201 954 134 35 tireurs
2359 967 8 23 :

1776 1008 124 31 Prince
1937 1009 155 36 Auguste
2128 1009 224 39 d'Arenberg,
2389 1011 152 37 marquis
2577 1010 46 31 du
2659 1011 83 36 Lau,

1727 1050 152 36 marquis
1905 1050 42 31 de
1976 1051 95 36 Mun,
2099 1058 112 25 comte
2240 1052 340 37 Hallez-Claparède,
2608 1053 65 30 duc
2700 1053 42 30 de

1728 1091 145 36 Luynes,
1906 1098 113 24 comte
2053 1092 188 38 Greffulhe,
2274 1100 111 26 comte
2417 1094 127 38 Joseph
2576 1095 42 30 de
2653 1094 89 32 Gon-

1727 1133 210 36 taut-Biron,
1967 1139 111 26 comte
2110 1136 153 31 Potocki.

1777 1193 87 34 Plus
1891 1192 46 35 de
1966 1204 94 25 1.100
2087 1194 141 36 faisans
2255 1207 47 24 au
2327 1195 154 36 tableau.

1775 1250 59 35 De
1865 1250 139 35 Vienne
2023 1263 11 23 :
2461 1257 12 27 7

1776 1301 126 36 Grand
1941 1302 115 42 dîner,
2093 1304 36 35 la
2167 1305 161 35 semaine
2366 1304 178 43 dernière,
2583 1305 87 35 'chez
2705 1305 35 36 le

1721 1349 115 34 baron
1863 1348 191 43 Alphonse
2079 1350 46 35 de
2150 1350 229 36 Rothschild.
2721 1361 6 4 "

1767 1406 47 32 Le
1852 1406 118 37 prince
2010 1412 33 26 et
2081 1408 33 31 la
2152 1408 175 37 princesse
2365 1407 43 31 de
2449 1408 220 37 Metternich,
2708 1409 33 31 la

1725 1447 174 38 princesse
1935 1448 89 31 Rose
2056 1449 42 31 de
2133 1449 89 38 Croy
2256 1448 215 39 Sternberg,,
2487 1450 32 30 le
2551 1450 118 38 prince
2702 1450 37 31 F.

1727 1489 247 36 Montenuovo,
2008 1491 30 30 le
2080 1496 112 26 comte
2247 1496 32 26 et
2335 1491 31 30 la
2421 1496 169 27 comtesse
2624 1492 41 31 H.
2698 1493 42 31 de

1726 1531 172 35 Lutzow,.
1910 1531 33 31 la
1974 1532 153 31 baronne
2161 1532 103 39 Othon
2264 1532 329 39 ;,de,.Bo,urgoing,
2627 1535 46 29 M.
2707 1541 32 25 et

1726 1572 92 31 Mme
1853 1573 179 36 Raymond
2067 1574 153 37 Leghait,
2254 1574 31 31 le
2318 1580 112 26 comte
2463 1575 140 38 Agénor
2638 1576 101 32 Golu-

1725 1614 151 32 chowski
1905 1615 130 32 étaient
2062 1616 110 37 parmi
2200 1616 51 31 les
2278 1617 181 31 convives.'
2620 1636 7 6 -

1769 1719 426 39 DEPLACEMENTS

1766 1797 45 7 —
1841 1779 51 37 La
1923 1785 180 29 comtesse
2135 1779 45 36 'de
2213 1779 168 37 Salverte
2412 1785 55 32 est
2496 1781 118 42 partie
2644 1794 93 30 pour

1714 1823 318 44 'Champigny-sür-
2032 1823 160 44 Vende.
2412 1836 7 24 ;

1772 1897 44 5 —
1845 1878 52 36 La
1928 1883 181 29 comtesse
2141 1877 46 36 de
2219 1878 70 38 La.
2304 1874 294 48 Roche-Aymon
2630 1885 57 31 est
2717 1881 22 34 à

1720 1922 453 42 Saint-Cyr-sur-Loire..

1769 1995 45 5 —
1842 1976 52 33 M:
1930 1974 165 36 Grandin
2130 1975 45 35 de
2206 1974 205 45 l'Eprevier
2445 1981 55 31 est
2533 1978 124 35 rentré
2678 1990 59 24 -au

1718 2021 153 35 château
1898 2021 46 35 de
1970 2022 203 41 Jucoville.,

1769 2093 44 5 —
1842 2074 61 34 M.
1922 2079 36 30 et
1986 2074 102 34 Mme
2101 2074 179 42 .Georges
2303 2073 284 43 Firrnin-Didot
2613 2087 123 31 passe-

1718 2125 83 29 ront
1833 2120 36 34 la
1900 2120 82 41 plus
2016 2117 140 44 grande
2188 2121 135 42 partie,
2339 2121 45 34 de
2416 2121 108 36 l'hiver
2524 2121 41 36 -
2579 2134 45 23 en
2657 2123 78 34 leur

1716 2165 155 35 château
1895 2166 45 35 de
1962 2166 192 42 Jucoville.

1747 2237 63 6 —
1825 2219 66 37 ,La
1918 2225 192 28 -comtesse
2148 2218 45 35 de
2231 2217 230 44 Foidefopd,
2482 2219 65 35 des
2587 2218 149 45 Farges,

1717 2264 67 35 née
1809 2264 377 42 ReVersèaux,"vient
2210 2263 54 37 ilé*
2279 2277 38 23 se
2327 2266 231 35 'réinstaller
2573 2267 21 34 à
2611 2267 141 40 'Paris,.

1718 2318 125 27 retour
1878 2310 45 35 de
1958 2323 67 23 son
2059 2310 154 37 château
2226 2344 13 6 -
2247 2311 45 36 de
2327 2308 172 39 Forthois"
2519 2317 6 4 '
2536 2312 199 42 (Sèine:et-

1719 2357 160 43 Marne).
1970 2378 6 5 -

1841 2410 50 38 Le
1924 2409 141 42 prince,
2082 2415 35 29 et
2132 2409 52 36 .la
2215 2410 187 42 princesse
2434 2410 46 36 de
2513 2409 223 46 Castagneta

1718 2456 157 42 quittent
1911 2457 149 42 Naples:
2080 2467 93 32 pour
2208 2457 204 35 Bruxelles.

1768 2528 44 6 —
1840 2508 119 42 Après
1972 2520 7 4 -
1994 2519 48 24 un
2076 2508 88 42 long
2198 2519 141 31 voyage
2373 2521 59 26 en.
2452 2509 132 35 Orient
2619 2515 35 29 et
2686 2521 48 24 un

1716 2555 52 42 séj
1775 2558 67 32 oùr
1871 2555 21 35 à
1922 2553 153 44 Ceylàn,'
2098 2555 34 35 le
2159 2561 120 29 comte
2308 2554 46 36 de
2384 2555 117 43 Ségur
2514 2568 7 5 -
2531 2561 56 30 est
2601 2572 7 2 -
2615 2557 121 35 rentré

1714 2614 45 23 en
1780 2602 231 42 Angleterre.
2679 2619 6 6 -
2748 2613 6 3 -

1768 2681 275 38 MARIAGES

1775 2736 260 47 Aujourd'hui,
2064 2741 21 34 à
2112 2740 100 41 midi,
2241 2752 100 23 sera,
2351 2741 148 41 célébré,
2528 2753 44 24 en
2582 2742 156 42 l'église

1708 2787 517 44 ,Saint-François-de-Sales,
2239 2788 33 34 le
2295 2788 163 42 mariage
2472 2789 44 35 de
2532 2789 90 34 Mlle
2637 2789 102 43 Gaby

1721 2845 120 26 jJaum
1862 2848 87 23 avec
1969 2837 52 33 M.
2042 2835 128 34 André
2190 2835 194 35 Houdard.
2468 2850 30 32 -,,
2586 2839 58 36 ,1.-

1789 3790 87 34 Mlle
1907 3794 100 33 GABY
2035 3795 114 32 DAUM

2269 3795 48 31 M.
2344 3794 132 31 ANDRÉ
2505 3795 182 32 HOUDARD

1766 3889 45 7 —
1827 3871 71 35 -On
1923 3884 165 25 annonce
2112 3874 34 35 le
2169 3873 192 43 prochain,
2361 3873 173 43 mariage
2549 3872 53 41 ,de
2624 3885 8 23 :

1768 3927 46 31 M.
1840 3928 167 38 François
2030 3942 68 20 van
2122 3932 61 30 der
2208 3930 83 37 Elst,
2316 3931 185 31 secrétaire
2525 3932 41 30 de
2591 3932 32 30 la
2647 3931 86 38 léga-

1720 3969 72 31 tion
1824 3971 43 31 de
1904 3973 162 37 Belgique
2096 3974 20 30 à
2151 3974 107 36 Paris,
2291 3984 83 20 avec
2407 3974 84 30 Mlle
2520 3974 215 37 Marguerite

1718 4012 43 30 de
1792 4012 31 31 la
1855 4013 152 38 Sayette,
2038 4015 69 31 fille
2137 4016 45 31 du
2213 4020 111 27 comte
2355 4020 33 27 et
2419 4016 43 31 de
2491 4016 33 31 la
2555 4022 179 33 comtesse,

1719 4054 63 31 née
1809 4054 196 39 d'Andigné
2017 4068 7 25 ;

1767 4096 45 31 M.
1844 4098 31 30 le
1916 4104 111 26 comte
2082 4099 143 32 Charles
2278 4100 193 31 d'Amédon
2501 4101 42 31 de
2574 4101 160 34 Mollans,

1719 4138 189 33 lieutenant
1931 4151 43 21 au
1996 4145 31 26 21
2048 4142 165 33 bataillon
2236 4143 41 31 de
2298 4143 183 31 chasseurs
2501 4143 20 31 à
2541 4143 90 38 pied,
2652 4154 82 21 avec

1721 4180 81 32 Mlle
1833 4182 124 31 Berthe
1983 4183 42 31 de
2053 4183 158 33 Ferrière
2237 4186 31 30 le
2296 4185 133 37 Vayer;

1767 4223 46 32 M.
1832 4222 162 34 -Charles
2056 4226 94 38 Gény
2209 4226 42 32 de
2311 4226 314 39 Fiammérécourt,*
2651 4235 83 25 avec

1720 4265 82 31 Mlle
1830 4265 182 33 Fernande
2042 4268 149 32 Lefranc
2203 4279 8 25 ;

1766 4307 45 30 M.
1838 4307 128 34 Gaston
1995 4311 133 36 Roblin,
2154 4311 198 36 architecte,
2377 4322 83 22 avec
2472 4310 99 34 ---Mlle
2596 4311 137 34 Marthe

1718 4348 195 39 Thiébault,
1948 4352 69 31 fille
2051 4352 42 32 de
2128 4353 220 35 l'inspecteur
2381 4354 43 31 de
2458 4354 32 31 la
2525 4354 210 38 Compagnie

1718 4391 45 31 du
1787 4392 136 32 chemin
1950 4394 42 31 de
2020 4394 54 31 fer
2098 4395 42 31 de
2166 4394 124 38 l'Etat;
2409 4405 10 4 *
2438 4403 8 6 *
2620 4403 16 8 "
2669 4400 6 2 "

1761 4434 51 31 M.
1850 4435 158 38 Adolphe
2045 4437 42 31 de
2125 4438 147 36 Valette,
2310 4438 138 31 attaché
2483 4439 250 39 d'assurances,

1717 4487 84 21 avec
1827 4478 82 31 Mlle
1937 4479 211 36 Marguerite
2175 4479 225 38 Galbrunner,
2426 4481 69 32 fille
2520 4482 42 31 de
2587 4483 147 32 l'ancien

1720 4519 154 31 médecin
1903 4521 42 30 de
1973 4521 31 30 la
2034 4523 132 29 marine
2178 4533 7 25 ;

1765 4561 45 31 M.
1843 4562 110 31 Henri
1987 4564 120 36 Milon,
2140 4564 181 37 ingénieur
2351 4566 60 31 des
2441 4571 116 32 postes
2589 4573 32 26 et
2652 4569 79 30 télé-

1716 4604 157 37 graphes,
1904 4615 83 21 avec
2020 4606 82 31 Mlle
2132 4607 142 36 Jeanne.
2274 4607 178 36 Capitan,
2483 4610 69 31 fille
2581 4611 45 31 du
2656 4622 74 25 pro-

1719 4646 134 32 fesseur
1878 4658 43 20 au
1949 4647 138 37 Collège
2113 4649 42 30 de
2181 4648 152 37 France;

1764 4689 46 30 M.
1843 4689 118 31 André
1994 4689 178 37 Schaefer,
2205 4692 143 31 docteur
2380 4704 41 20 en
2455 4694 186 37 médecine,
2674 4707 58 20 an-

1718 4730 75 31 cien
1821 4731 136 31 interne
1983 4733 61 30 des
2070 4733 178 37 hôpitaux,
2277 4735 80 30 chef
2384 4736 45 30 du
2455 4736 210 33 laboratoire
2692 4740 41 30 de

1717 4772 156 38 l'hôpital
1914 4774 197 38 Boucicaut,
2149 4786 84 21 avec
2271 4777 84 31 Mlle
2393 4778 196 33 Madeleine
2630 4781 103 35 Bove.

1718 4815 68 31 fille
1806 4815 43 32 de
1870 4816 134 31 l'avoué
2016 4827 8 25 ;

1761 4857 51 31 lM.
1841 4858 105 37 Joseh
1980 4859 89 31 Bech
2099 4859 42 32 de
2172 4859 132 33 Careda
2332 4872 21 26 y
2384 4863 126 36 Olivet,
2540 4864 193 37 industriel,

1718 4910 83 20 avec
1830 4900 83 31 Mlle
1940 4901 132 31 Hélène
2100 4901 231 39 Guichardan,
2358 4905 68 31 fille
2452 4905 46 32 du
2522 4906 83 38 juge
2630 4908 102 32 d'ins-

1718 4943 151 30 truction
1894 4953 44 20 au
1962 4943 150 31 tribunal
2138 4945 42 30 de
2205 4945 31 30 la
2262 4945 123 38 Seine;

1764 4984 45 30 M.
1837 4985 105 32 Louis
1971 4986 205 37 Bonvillain,
2203 4988 191 38 ingénieur,
2420 5001 83 21 avec
2530 4992 83 32 Mlle
2639 4993 91 31 Mar-

1719 5027 132 37 guerite
1882 5026 95 33 Gras.

1765 5102 337 42 NECROLOGIE

1767 5162 52 38 La
1851 5170 178 29 comtesse
2061 5166 45 34 de
2135 5164 179 45 Pournès,
2344 5169 67 34 née
2442 5169 160 41 Nathan,
2633 5171 98 35 vient

1714 5220 44 23 Ge
1787 5210 167 45 mourir,
1969 5223 42 23 en
2044 5224 65 22 son
2140 5213 153 35 château
2323 5215 44 35 de
2399 5215 154 36 Cambes
2585 5216 146 35 (Calva-

1715 5255 92 42 dos).
1835 5254 79 38 Elle
1938 5257 87 35 était
2051 5258 34 34 la
2109 5259 99 35 mère
2234 5260 43 35 de
2302 5261 35 35 la
2361 5268 179 29 comtesse
2566 5264 164 33 Rochaïd

1718 5314 30 22 sï
1777 5295 44 41 de
1851 5303 33 33 la
1912 5310 180 30 comtesse
2121 5305 45 35 de
2195 5306 140 39 Valori,
2364 5313 101 30 tante
2493 5308 50 35 du
2570 5310 162 39 marquis

1722 5348 35 35 le
1784 5349 160 34 Nathan.

1763 5415 44 5 —
1837 5396 58 34 On
1937 5396 100 36 vient
2079 5397 45 35 de
2165 5399 170 41 célébrer,
2378 5400 21 34 à
2439 5401 203 41 Vendôme,
2685 5414 45 23 au

1715 5441 123 35 milieu
1864 5442 107 35 d'une
1997 5444 200 35 assistance
2224 5447 228 40 nombreuse,
2479 5447 51 34 les
2557 5448 176 42 obsèques

1789 5489 103 34 Mme
1925 5489 44 34 de
2001 5488 122 43 Sachy
2155 5491 44 34 de
2230 5490 246 43 Pourdrinoy,
2507 5494 66 34 née
2604 5494 45 34 de
2682 5495 53 37 La

1714 5535 186 39 Marlière,
1938 5531 155 39 décédée
2132 5549 43 22 en
2214 5550 64 22 son
2318 5539 154 34 château
2510 5539 45 35 de
2594 5538 138 43 l'Epau.

1720 5580 75 36 Elle
1824 5581 88 34 était
1942 5582 34 34 la
2005 5583 99 34 mère
2135 5584 45 34 de
2211 5585 50 33 M.
2293 5584 139 36 Gaston
2464 5585 45 35 de
2541 5585 118 41 Sachy
2689 5587 44 32 de

1714 5625 235 44 Fourdrinoy
1971 5634 33 28 et
2028 5629 44 34 de
2096 5630 101 35 Mme
2219 5631 35 34 la
2276 5631 219 35 vicomtesse
2519 5633 146 34 Hubert
2688 5633 44 34 de

1752 5687 9 20 t
1794 5674 322 36 Rochebrochard.

2366 5724 311 41 MOUSQUETAIRE.

3340 438 36 34 •
3658 402 668 108 Mouvement
4450 412 640 118 scientifique
5370 458 34 36 •

3174 591 52 28 LA
3254 583 192 38 JOURNÉE

2853 637 89 32 CET
2967 638 283 33 APRES-MIDI
3283 652 11 20 :
3322 641 31 31 A
3381 651 17 27 3
3427 646 156 32 HEURES,
3603 641 132 36 Séance
3761 651 55 23 or-

2803 678 135 32 dinaire
2964 680 43 31 de
3033 680 211 33 l'Académie
3270 683 42 31 de
3340 683 190 31 Médecine.

2802 790 94 96 La
2912 792 240 96 Séance
3166 794 320 126 publique
3500 794 316 96 annuelle

3280 944 61 46 de

2872 1018 394 98 l'Académie
3296 1024 112 92 des
3440 1022 298 96 Sciences

2801 1209 57 39 M.
2900 1210 137 39 Emile
3071 1210 176 49 Picard,
3292 1210 233 49 président
3572 1212 55 39 de
3666 1211 147 41 l'Aca-

2859 1272 158 49 démie,
3042 1283 27 30 a
3101 1274 126 47 parlé
3250 1285 56 31 en
3331 1278 172 37 termes
3522 1274 235 49 éloquents

2915 1338 54 39 de
3008 1339 46 39 la
3100 1340 250 41 recherche
3394 1340 301 48 scientifique.

2853 1444 100 36 Hier
2985 1454 25 26 a
3043 1454 52 28 eu
3130 1445 84 37 lieu
3249 1447 38 36 la
3320 1446 148 37 séance
3500 1446 201 46 publique
3736 1456 75 26 an-

2801 1491 150 44 nuelle
2977 1491 50 36 de
3069 1491 245 39 l'Académie
3354 1493 70 36 des
3465 1492 201 37 Sciences.
3710 1493 104 36 C'est

2800 1537 48 36 M.
2881 1537 134 36 Emile
3049 1538 157 43 Picard,
3241 1538 213 47 président
3485 1538 50 37 de
3567 1539 246 36 l'Académie

2798 1592 107 36 pour
2925 1610 26 4 ..
2970 1584 109 43 1910,
3117 1584 72 44 qui
3225 1594 23 27 a
3282 1585 208 43 prononcé
3552 1584 37 37 le
3624 1585 188 37 discours

2798 1628 177 47 d'usage.

2851 1676 32 34 II
2912 1686 23 25 a
2963 1676 169 44 rappelé
3160 1676 92 37 tout
3279 1677 167 38 d'abord
3474 1677 121 45 qu'en
3626 1678 99 35 1910
3753 1678 58 36 les

2790 1721 153 43 ,deuils,
2977 1722 23 36 à
3032 1723 246 37 l'Académie
3307 1724 70 36 des
3411 1724 199 44 Sciences,
3645 1724 71 36 ont
3747 1724 65 36 été

2800 1767 229 37 nombreux
3058 1778 8 26 :

2844 1832 86 31 Mon
2955 1829 268 43 prédécesseur
3248 1834 153 40 pouvait
3427 1842 39 24 se
3492 1834 169 37 féliciter,
3688 1834 26 32 il
3739 1844 26 28 y
3791 1843 21 24 a

2789 1879 61 25 !un
2877 1880 56 29 an,
2961 1873 210 32 de'n'avoir
3200 1882 66 32 pas
3293 1876 21 31 à
3340 1875 172 39 déplorer
3538 1875 37 31 la
3600 1875 97 31 mort
3723 1875 89 32 d'un

2799 1913 80 31 seul
2903 1914 163 31 membre
3090 1915 45 32 de
3158 1915 232 33 l'Académie,
3416 1916 92 31 mais
3531 1916 58 31 les
3610 1923 201 28 moyennes

2788 1950 92 38 Isont
2902 1953 244 39 inexorablés,
3169 1956 35 31 et
3225 1957 37 39 je
3285 1957 80 32 dois
3386 1956 241 40 aujourd'hui
3650 1956 161 40 évoquer

2788 1995 43 31 'le
2867 1995 175 31 souvenir
3078 1996 88 31 d'un
3200 1997 83 37 trop
3320 1997 120 36 grand
3475 1997 153 32 nombre
3663 1997 45 31 de
3744 2004 66 24 nos

2801 2035 189 32 confrères
3030 2036 163 40 français
3234 2039 35 31 et
3310 2038 202 38 étrangers.
3552 2038 103 31 Nous
3697 2045 114 24 avons

2803 2075 111 41 perdu
2929 2076 98 32 MM.
3052 2077 169 40 Bouquet
3246 2079 44 32 de
3314 2079 36 31 la
3377 2079 107 39 Grye,
3510 2078 164 32 Maurice
3699 2078 111 40 Lévy,

2788 2117 147 31 bernez
2955 2118 118 39 parmi
3092 2119 53 30 les
3163 2120 184 31 membres
3367 2119 193 37 titulaires,
3580 2119 105 35 deux.
3697 2127 113 23 mem-

2787 2157 95 35 bres
2904 2158 148 37 libres;,
3052 2158 83 37 MM.
3159 2159 148 32 Rouché
3331 2160 35 31 et
3389 2161 181 37 Tannery,
3595 2160 90 31 trois
3710 2168 101 23 asso-

2799 2198 73 31 ciés
2909 2198 204 35 étrangers,
3149 2202 85 30 MM.
3270 2200 164 34 Agassiz,
3470 2201 135 31 Robert
3640 2201 100 31 Koch
3776 2201 36 32 et

2787 2233 250 44 ;Schiaparélli
3060 2248 8 28 ;
3100 2241 36 31 la
3161 2242 95 30 mort
3283 2249 95 23 nous
3406 2250 20 23 a
3452 2242 97 31 enfin
3575 2241 127 32 enlevé
3729 2242 82 39 sept

2797 2280 44 32 de
2862 2287 67 25 nos
2953 2282 312 39 correspondants
3288 2282 203 40 étrangers.

2849 2338 60 37 On
2924 2338 94 36 sait
3046 2340 94 45 quel
3169 2340 234 46 géographe
3431 2340 41 37 et
3499 2340 218 46 ingénieur
3744 2340 67 36 fut

2799 2385 46 35 ,M.
2876 2385 191 45 Bouquet
3096 2385 49 37 de
3176 2387 38 35 la
3242 2388 109 44 Grye
3386 2396 8 26 :
3424 2397 75 26 son
3527 2397 96 26 nom
3653 2387 158 36 restera

2798 2431 163 36 attaché
2993 2441 53 26 au
3078 2432 137 45 projet
3245 2434 49 35 de
3326 2433 117 36 Paris
3473 2433 96 46 port
3598 2433 49 37 de
3678 2443 88 27 mer
3801 2443 9 34 ;

2798 2478 182 36 Maurice
3004 2478 112 45 Lévy
3142 2478 68 37 fut
3235 2479 23 36 à
3285 2480 37 35 la
3349 2480 81 36 fois
3457 2490 56 25 un
3539 2479 270 37 mathémati-

2786 2523 113 45 cien:
2917 2524 184 37 éminent
3129 2524 40 37 et
3196 2535 57 27 un
3282 2526 256 36 mécanicien
3564 2526 171 45 capable
3763 2526 49 36 de

2797 2570 223 45 profondes
3050 2571 280 45 spéculations
3366 2581 8 34 ;
3404 2572 23 36 à
3456 2573 167 41 Gernez,
3654 2582 158 27 comme

2798 2616 20 36 à
2829 2631 6 16 ;
2851 2626 72 26 son
2958 2617 150 37 maître
3141 2618 126 36 Henri
3300 2618 306 37 Sainte-Claire
3638 2619 171 43 Deville,

2800 2662 160 37 revient
2995 2663 216 37 l'honneur
3245 2665 157 36 d'avoir
3436 2665 80 36 fait
3548 2665 49 36 de
3631 2665 38 35 la
3701 2665 108 45 phy-

2783 2709 442 39 isico-chimie-avant
3259 2712 37 35 la
3329 2710 135 37 lettre.
3498 2711 167 43 Eugène
3699 2713 111 35 Rou-

2797 2753 85 44 ché,
2915 2756 341 37 mathématicien
3283 2758 107 35 doué
3444 2758 49 36 de
3549 2758 160 43 l'esprit
3763 2759 49 36 de

2799 2802 158 43 finesse,
2999 2812 158 26 comme
3197 2804 49 35 de
3287 2804 159 44 l'esprit
3484 2804 49 36 de
3572 2804 237 45 géométrie,

2797 2848 103 36 était
2924 2849 168 36 surtout
3117 2859 135 27 connu
3278 2860 76 36 par
3379 2860 65 26 ses
3471 2860 242 36 remarques
3739 2861 73 26 sur

2782 2895 52 39 Ma
2858 2895 234 36 discussion
3114 2896 71 36 des
3209 2896 217 46 équations
3452 2897 54 36 du
3530 2898 184 44 premier
3737 2898 72 36 de-

2794 2942 71 45 gré
2893 2942 42 35 et
2960 2952 76 36 par
3064 2952 73 26 son
3165 2944 203 35 excellent
3398 2944 140 35 Traité
3563 2945 50 35 de
3640 2944 167 44 géomé-

2782 2989 92 35 trie
2892 2999 16 31 ;
2931 2990 115 35 Jules
3073 2990 191 46 Tannery
3291 2990 130 36 l'était
3444 3000 77 35 par
3546 3000 64 27 ses
3637 2991 170 36 recher-

2796 3035 95 37 ches
2932 3035 50 36 de
3021 3036 266 45 philosophie
3328 3037 274 45 scientifique.
3643 3037 167 45 Agassiz

2800 3082 63 35 fut
2882 3091 57 26 un
2959 3082 70 36 des
3051 3082 212 36 créateurs
3286 3083 49 36 de
3357 3083 38 35 la
3414 3083 179 45 biologie
3615 3084 161 36 marine
3802 3094 7 33 ;

2798 3128 112 36 Koch
2953 3128 98 36 s'est
3094 3128 164 37 illustré
3301 3139 50 26 en
3392 3129 297 46 bactériologie
3731 3140 76 35 par

2798 3174 241 37 l'invention
3072 3174 50 36 de
3154 3176 213 36 nouvelles
3401 3176 225 43 méthodes,
3661 3186 77 36 par
3773 3177 37 35 la

2796 3221 247 36 découverte
3073 3221 54 36 du
3156 3221 148 37 bacille
3332 3222 49 36 de
3411 3223 38 35 la
3478 3222 264 37 tuberculose
3771 3224 44 35 et

2798 3276 72 35 par
2895 3267 102 36 celle
3022 3267 54 36 du
3102 3267 149 37 bacille
3274 3268 175 44 virgule,
3478 3278 123 29 cause
3626 3269 55 38 du
3707 3269 101 37 cho-

2798 3313 84 36 léra
2903 3313 219 46 asiatique.
3144 3314 131 43 Enfin,
3301 3315 274 44 Schiaparelli
3597 3326 22 25 a
3640 3326 57 34 pu
3718 3316 90 36 éta-

2797 3359 79 35 blir
2907 3369 89 36 que,
3030 3369 52 26 au
3112 3361 133 35 moins
3278 3361 101 35 dans
3408 3361 199 46 quelques
3639 3372 78 33 cas,
3752 3364 58 34 les

2795 3406 171 36 essaims
2992 3406 183 36 d'étoiles
3202 3407 161 36 filantes
3388 3408 94 35 sont
3504 3408 69 36 des
3597 3409 139 36 débris
3761 3410 49 36 de

2796 3452 190 36 comètes.
3025 3453 101 35 Mais
3165 3454 56 35 les
3260 3463 160 26 canaux
3457 3454 49 36 de
3545 3455 117 43 Mars,
3704 3466 103 25 aux-

2796 3499 114 45 quels
2937 3508 73 27 son
3034 3509 96 26 nom
3155 3500 87 36 doit
3265 3499 87 37 être
3377 3500 199 44 rattaché,
3603 3501 71 36 ont
3698 3503 112 36 semé

2799 3545 35 35 la
2857 3545 189 36 discorde
3069 3545 100 36 dans
3193 3547 37 35 le
3251 3556 118 36 camp
3393 3547 70 36 des
3488 3547 269 38 astronomes.

2842 3609 103 32 Nous
2970 3617 45 24 ne
3041 3609 54 32 les
3121 3610 292 39 départagerons
3440 3619 77 31 pas,
3544 3612 52 31 dit
3621 3614 47 30 M.
3695 3613 115 32 Emile

2798 3649 141 37 Picard,
2960 3651 173 31 retenons
3154 3652 44 31 de
3219 3652 35 31 là
3274 3652 206 31 seulement
3498 3653 37 31 la
3552 3653 121 32 vieille
3694 3654 115 38 leçon,

2797 3699 69 32 que
2892 3691 33 32 le
2950 3691 131 41 départ
3105 3693 56 31 est
3185 3693 142 39 parfois
3353 3693 152 32 difficile
3530 3694 101 32 entre
3657 3695 53 31 les
3737 3695 71 32 élé-

2799 3733 118 30 ments
2942 3733 200 40 subjectifs
3166 3735 35 30 et
3224 3734 53 31 les
3303 3733 178 33 éléments
3506 3734 174 41 objectifs
3705 3736 43 32 de
3775 3737 36 31 la

2799 3774 274 31 connaissance.

2846 3832 76 38 Les
2962 3832 111 46 sept.
3091 3834 345 45 correspondants
3477 3834 212 45 étrangers
3729 3846 79 33 que

2798 3878 245 37 l'Académie
3074 3889 22 26 a
3126 3880 151 45 perdus
3309 3881 94 36 sont
3432 3882 89 35 MM.
3552 3882 135 43 Kûhn,
3721 3884 87 34 Van

2796 3925 200 43 Beneden,
3035 3926 235 44 Cannizaro,
3310 3928 194 45 Huggins,
3544 3928 147 43 Treub,
3728 3939 80 26 von

2800 3972 160 43 Leyden
2983 3972 41 36 et
3047 3973 143 35 Mosso.
3212 3974 57 35 La
3291 3975 116 42 place
3429 3984 102 26 nous
3554 3985 179 34 manque
3757 3976 51 35 ici

2798 4028 103 35 pour
2926 4018 193 46 indiquer
3143 4020 110 35 leurs
3276 4021 282 36 découvertes.

2845 4064 150 37 Arrivé
3027 4075 53 26 au
3113 4066 130 36 terme
3275 4067 49 36 de
3355 4067 108 37 cette
3493 4069 93 36 voie
3618 4068 187 44 funèbre,

2795 4111 63 42 où,
2892 4112 70 35 des
2994 4112 349 46 mathématiques
3377 4114 23 36 à
3433 4115 38 35 la
3502 4114 188 45 biologie,
3727 4116 26 35 il
3787 4126 21 26 a

2798 4158 217 37 rencontré
3070 4159 244 36 d'éminents
3373 4161 309 44 représentants
3739 4162 69 36 des

2785 4204 251 46 ,dis.cjpIines
3062 4205 293 47 .scientifiques
3391 4207 56 37 les
3483 4208 92 44 plus
3611 4208 196 43 diverses,

2797 4251 69 45 qui
2894 4251 70 36 ont
2993 4251 90 36 tous
3109 4253 194 36 consacré
3330 4253 90 36 leur
3444 4254 67 35 vie
3537 4254 23 36 à
3586 4255 37 35 la
3649 4256 161 36 science

2796 4295 42 38 et
2858 4297 90 36 obéi
2973 4297 23 36 à
3018 4306 45 27 ce
3084 4298 121 42 qu'on
3229 4308 21 26 a
3274 4309 52 31 pu
3352 4300 169 41 appeler
3550 4313 18 19 «
3596 4301 210 43 l'impéra-

2796 4343 51 36 tif
2872 4343 54 36 du
2951 4344 90 39 yrai
3070 4357 35 30 »,
3134 4344 49 36 M.
3208 4345 133 36 Emile
3367 4346 146 36 Picard
3540 4356 42 26 se
3607 4347 199 38 demande

2793 4390 110 36 enfin
2931 4399 46 27 ce
3006 4400 79 36 que
3114 4390 102 37 vaut
3245 4392 119 36 -notre
3393 4393 305 37 connaissance.

2881 4467 180 51 Qu'est-ce
3089 4479 68 42 que
3186 4469 30 41 la
3239 4469 205 42 recherche
3465 4470 228 53 scientifique
3709 4472 16 41 ?

2842 4543 28 31 Il
2900 4544 149 37 semble,
3079 4544 107 36 dit-il,
3216 4552 70 33 que
3316 4545 53 31 les
3398 4546 161 38 savants,
3588 4546 170 33 habitués
3788 4548 20 31 à

2796 4584 260 32 l'observation
3078 4586 34 30 et
3134 4586 20 31 à
3174 4586 255 38 l'expérience,
3452 4587 107 37 aient,
3582 4595 43 23 en
3646 4588 162 38 général,

2791 4632 71 32 peu
2878 4625 43 31 de
2937 4626 91 39 goût
3043 4633 94 33 pour
3152 4626 53 31 les
3221 4627 256 32 controverses
3493 4628 314 39 philosophiques.

2797 4666 48 31 Ils
2882 4667 253 31 n'établissent
3173 4676 65 32 pas
3276 4675 71 24 une
3386 4669 211 31 distinction
3635 4670 173 32 tranchée

2794 4707 102 32 entre
2920 4707 35 32 la
2979 4709 263 31 connaissance
3268 4709 228 40 scientifique
3521 4711 34 31 et
3579 4711 35 31 la
3639 4712 168 31 connais-

2795 4755 109 25 sance
2933 4748 168 39 vulgaire
3125 4756 7 29 ;
3167 4749 45 32 ils
3241 4757 46 24 ne
3316 4749 199 33 dissocient
3544 4759 66 31 pas
3640 4751 64 32 des
3735 4752 71 31 élé-

2799 4789 117 31 ments
2949 4790 288 40 inséparables...
3269 4791 75 31 Nos
3377 4792 184 39 concepts,
3594 4793 36 30 et
3661 4794 148 30 surtout

2797 4837 66 24 nos
2893 4830 169 37 théories,
3093 4839 46 23 au
3170 4832 144 31 contact
3343 4832 65 31 des
3438 4832 97 35 faits,
3566 4833 82 31 sont
3678 4834 130 38 perpé-

2795 4871 215 31 tuellement
3043 4872 120 39 sujets
3198 4873 20 31 à
3250 4872 172 32 revision.
3457 4873 347 37 Qu'adviendra-t-il

2794 4912 44 31 de
2858 4920 59 23 ces
2937 4913 316 38 approximations
3274 4913 230 32 successives
3516 4914 14 31 ?
3549 4915 102 31 Nous
3670 4922 136 32 posons

2797 4953 32 31 le
2851 4954 174 39 postulat,
3047 4954 36 30 et
3104 4954 88 31 c'est
3213 4961 40 24 ce
3274 4954 89 41 qu'il
3386 4954 81 32 faut
3489 4955 175 31 entendre
3687 4964 66 27 par
3774 4956 35 32 la

2795 5001 179 33 croyance
3004 4995 21 30 à
3053 4995 35 31 la
3116 4995 154 37 science,
3300 5003 70 32 que
3401 5003 60 24 ces
3490 4996 316 40 approximations

2796 5036 231 31 successives
3047 5036 83 31 sont
3151 5037 277 39 convergentes,
3451 5044 142 25 comme
3614 5037 121 36 disent
3755 5038 53 32 les

2797 5076 329 37 mathématiciens,
3159 5078 35 30 et
3213 5085 83 32 -que
3328 5084 94 24 nous
3456 5078 232 40 approchons
3722 5087 86 23 sans

2795 5124 101 24 cesse
2917 5117 86 31 d'un
3026 5118 89 38 petit
3134 5118 152 31 nombre
3307 5118 43 31 de
3371 5118 135 32 vérités
3529 5119 170 39 toujours
3721 5120 85 39 plus

2793 5158 337 41 compréhensives,
3165 5159 174 39 synthèse
3373 5159 64 31 des
3472 5160 241 32 nombreuses
3745 5160 62 32 vé-

2795 5199 87 31 rités
2916 5199 188 39 partielles
3137 5207 71 33 peu
3242 5200 20 31 à
3296 5207 70 33 peu
3401 5199 252 33 découvertes.
3711 5202 96 31 C'est

2796 5240 186 39 peut-être
3013 5248 73 23 une
3118 5240 172 38 chimère,
3323 5240 93 32 mais
3448 5241 69 31 elle
3550 5241 160 32 soutient
3742 5242 65 32 des

2796 5280 236 40 générations
3056 5281 43 32 de
3124 5282 150 30 savants
3299 5281 92 32 dans
3417 5282 80 30 leur
3522 5282 129 32 labeur
3674 5282 133 40 jamais

2796 5321 164 37 terminé,
2993 5322 35 31 et
3059 5322 93 31 offre
3183 5329 50 24 un
3263 5322 107 32 noble
3400 5322 67 32 but
3498 5330 73 24 aux
3602 5322 129 33 efforts
3762 5323 44 32 de

2793 5362 141 40 l'esprit
2953 5362 162 31 humain.

2840 5403 41 32 Je
2912 5403 110 31 laisse
3052 5403 44 31 ici
3126 5403 44 32 de
3201 5404 79 32 côté
3310 5404 53 31 les
3393 5403 160 35 services
3584 5404 222 33 admirables

2794 5451 71 32 que
2888 5443 34 32 la
2943 5444 143 31 science
3109 5444 91 32 rend
3223 5445 20 31 à
3265 5444 215 32 l'humanité
3503 5445 34 31 et
3559 5445 74 39 qui,
3658 5453 93 32 pour
3774 5446 32 31 le

2796 5484 84 41 plus
2899 5485 120 39 grand
3037 5485 163 37 nombre,
3220 5485 86 32 sont
3321 5485 35 32 la
3374 5485 142 32 science
3535 5486 130 37 même,
3686 5486 121 31 tandis

2795 5525 109 40 qu'ils
2932 5533 43 24 en
3003 5526 83 30 sont
3112 5526 206 31 seulement
3369 5526 32 32 le
3452 5526 204 31 corollaire.
3708 5527 100 31 Pour

2795 5566 136 40 qu'une
2963 5566 221 32 découverte
3215 5567 178 31 intéresse
3423 5567 33 31 le
3487 5567 141 36 savant,
3659 5567 24 31 il
3715 5567 94 32 n'est

2793 5614 68 33 pas
2889 5606 127 32 besoin
3047 5607 133 40 qu'elle
3209 5616 38 23 se
3277 5608 164 31 traduise
3471 5615 44 24 en
3545 5608 129 39 profits
3704 5608 103 40 quel-

2796 5654 162 33 conques
2981 5655 8 30 ;
3027 5648 147 31 ceux-ci
3206 5648 184 37 viennent,
3424 5648 56 31 s'il
3513 5657 24 32 y
3569 5656 21 23 a
3622 5648 84 37 lieu,
3740 5655 66 33 par

2795 5688 170 31 surcroît.
2994 5689 35 31 Si
3058 5689 263 31 intéressantes
3350 5696 71 33 que
3450 5688 168 41 puissent
3647 5688 76 32 être
3753 5689 53 31 les

2796 5729 242 40 applications
3067 5729 191 41 présentes
3287 5730 33 32 et
3349 5730 147 31 futures
3547 5729 51 32 du
3648 5728 157 37 radium,

3874 586 90 33 elles
3990 589 82 32 sont
4097 591 244 38 secondaires,
4368 594 50 31 du
4443 595 102 34 point
4569 595 44 33 de
4638 603 73 24 vue
4737 596 142 33 stricte-

3874 628 100 31 ment
3997 630 240 39 scientifique,
4261 639 43 24 en
4328 636 254 33 comparaison
4606 636 65 31 des
4692 643 92 25 vues
4808 645 71 24 que

3875 668 56 30 cet
3957 668 150 39 étrange
4133 671 158 32 élément
4317 681 20 23 a
4362 675 201 32 suggérées
4589 684 66 23 sur
4680 676 54 31 les
4758 677 121 30 trans-

3875 706 218 36 formations
4119 711 44 32 de
4189 712 35 31 la
4249 713 162 33 matière.
4436 716 88 31 Rien
4550 717 101 31 aussi
4675 717 93 31 n'est
4794 718 85 30 plus

3875 747 211 44 platonique
4120 759 71 32 que
4224 752 158 33 l'intérêt
4415 756 104 35 porté
4553 757 20 31 à
4607 757 45 32 de
4686 757 193 33 lointaines

3874 790 222 32 nébuleuses
4129 792 238 33 irrésolubles
4386 796 92 33 .qui
4493 796 210 33 n'exercent
4735 806 144 23 aucune

3874 828 119 33 action
4018 838 66 24 sur
4108 832 104 32 notre
4237 833 156 40 planète,
4420 836 188 37 mais-que
4633 844 95 26 nous
4753 845 126 28 regar-

3874 872 92 29 dons
3997 878 141 26 comme
4169 872 66 33 des
4265 875 153 32 mondes
4451 876 181 32 stellaires
4663 885 46 23 en
4740 878 139 30 forma-

3873 907 110 35 tion...

3920 950 95 32 C'est
4038 959 72 25 une
4133 953 66 32 des
4222 955 207 36 grandeurs
4453 957 45 32 de
4521 958 36 33 la
4580 959 143 32 science
4746 959 133 35 qu'elle

3873 995 94 27 nous
3999 993 179 37 permette
4210 994 45 32 de
4288 996 186 33 satisfaire
4505 998 36 32 la
4573 999 173 31 curiosité
4779 1000 35 30 et
4845 1001 34 29 le

3872 1029 125 33 besoin
4026 1033 44 31 de
4099 1036 301 35 comprendre-si
4429 1039 166 32 naturels
4624 1040 21 31 à
4672 1040 171 31 l'homme
4866 1049 9 22 ;

3873 1072 92 30 mais
3998 1073 179 40 qu'est-ce
4213 1075 94 32 donc
4340 1084 71 29 que
4447 1070 241 43 comprendre
4710 1081 16 31 ?
4760 1081 29 31 II
4824 1083 55 30 est

3872 1112 184 37 peut-être
4079 1114 153 32 difficile
4255 1116 223 33 d'enfermer
4503 1119 35 31 la
4561 1120 155 34 réponse
4741 1121 21 31 à
4785 1122 93 32 cette

3872 1153 169 37 question
4070 1154 92 32 dans
4190 1163 72 24 une
4291 1157 161 33 formule
4481 1160 147 34 unique.
4656 1162 103 31 Nous
4788 1169 91 27 pou-

3872 1198 91 26 vons
3986 1195 215 40 cependant,
4210 1198 241 39 semble-t-il,
4473 1199 77 33 dire
4572 1209 70 26 que
4664 1209 95 24 nous
4781 1209 99 24 com-

3872 1239 160 32 prenons
4066 1242 49 24 un
4148 1236 228 39 phénomène
4407 1240 135 35 quand,
4575 1249 88 24 avec
4694 1249 66 24 nos
4793 1250 86 24 con-

3871 1273 213 34 naissances
4106 1277 179 40 acquises,
4307 1285 94 25 nous
4423 1280 146 42 aurions
4569 1280 54 42 pu
4623 1280 75 42 le
4720 1282 158 41 prévoir.

3916 1312 262 43 L'explication
4216 1325 70 30 que
4326 1326 92 24 nous
4456 1320 167 32 donnons
4661 1323 158 32 consiste
4857 1323 21 32 à

3872 1354 222 42 développer
4116 1358 93 31 cette
4232 1358 203 37 possibilité
4457 1361 45 32 de
4525 1362 195 35 prévision.

3915 1394 50 33 La
3987 1397 131 32 nature
4141 1398 64 31 des
4228 1399 69 32 lois
4319 1407 46 25 ou
4389 1401 63 31 des
4475 1402 170 33 théories,
4656 1404 21 31 à
4699 1405 178 30 invoquer

3872 1434 91 33 dans
3985 1445 60 24 ces
4068 1438 242 36 explications
4332 1442 66 32 est
4398 1442 200 32 d'ailleurs
4620 1444 258 30 éminemment

3869 1476 162 33 variable
4054 1486 8 29 ;
4107 1473 96 44 déjà,
4244 1481 69 31 elle
4353 1483 88 34 peut
4481 1483 150 33 différer
4671 1485 92 32 dans
4803 1494 73 23 une

3870 1516 117 33 même
4019 1519 154 38 science,
4204 1520 22 31 à
4256 1521 86 38 plus
4374 1523 96 36 forte
4499 1525 123 31 raison
4653 1521 223 38 varie-t-elle

3869 1558 109 31 d'une
4004 1559 193 42 discipline
4223 1562 228 42 scientifique
4477 1565 21 31 à
4523 1573 72 24 une
4621 1567 178 33 autre....

3915 1598 50 32 La
3986 1608 181 33 croyance
4189 1602 22 31 à
4231 1602 37 33 la
4289 1604 153 37 science,
4465 1606 88 31 dont
4574 1607 36 34 je
4632 1606 136 35 parlais
4791 1610 85 31 plus

3869 1640 100 37 haut,
4001 1641 177 37 implique
4209 1643 81 32 tout
4321 1653 46 24 au
4399 1646 118 32 moins
4549 1647 245 37 l'espérance
4794 1647 82 37 que

3869 1686 93 25 nous
3999 1683 187 39 puissions
4223 1684 93 33 faire
4352 1688 144 30 rentrer
4532 1690 104 31 notre
4671 1690 135 33 vision-
4826 1686 65 37 du,

3870 1722 133 32 monde
4045 1724 187 32 extérieur
4275 1726 91 32 dans
4408 1735 50 24 un
4501 1729 90 34 petit
4633 1731 152 32 nombre
4829 1733 44 30 --de

3869 1762 153 33 moules.
4061 1765 68 32 Les
4168 1765 160 34 théories
4367 1768 220 33 deviennent
4624 1771 45 32 de
4708 1772 85 31 plus
4831 1779 50 24 en',

3869 1802 85 41 plus
3994 1806 333 43 compréhensives,
4369 1810 93 31 mais
4502 1811 141 38 parfois
4684 1812 64 32 des
4788 1815 99 34 phé-

3869 1848 175 29 nomènes
4077 1854 198 25 nouveaux
4308 1849 173 33 viennent
4513 1852 166 32 troubler
4711 1853 165 32 l'édifice.

3868 1884 101 32 Nous
4006 1886 226 42 élargissons
4269 1889 97 32 alors
4403 1893 184 35 concepts,
4623 1893 169 35 théories,
4829 1904 47 24 au

3867 1927 126 30 besoin
4032 1928 139 33 formes
4209 1931 320 35 mathématiques,
4567 1934 35 32 et
4639 1935 160 31 l'accord
4837 1945 39 21 se

3869 1965 147 34 rétablit
4041 1976 46 24 au
4112 1970 119 32 moins
4257 1979 93 30 pour
4373 1980 50 24 un
4447 1973 132 36 temps,
4603 1975 132 32 travail
4760 1977 118 32 inces-

3868 2008 83 30 sant
3990 2016 67 32 par
4094 2010 122 39 lequel
4255 2012 141 37 l'esprit
4434 2014 152 33 humain
4625 2017 168 32 s'efforce
4833 2019 43 30 'de

3868 2048 103 32 créer
3993 2049 37 32 la
4051 2051 143 33 science
4218 2061 88 24 avec
4330 2061 50 24 un
4404 2062 102 25 amas
4530 2056 44 32 de
4598 2057 286 35 faits..,

3914 2107 56 36 Le
4000 2109 214 44 président
4243 2112 49 36 de
4323 2112 245 39 l'Académie
4598 2116 178 38 termine
4806 2129 74 25 son

3868 2153 188 36 discours
4086 2165 50 26 en
4164 2158 221 42 rappelant
4412 2169 80 31 que
4521 2161 360 39 l'observation-et

3870 2199 271 45 l'expérience
4170 2204 95 35 sont
4297 2205 22 34 à
4351 2205 38 35 la
4419 2205 98 38 base
4547 2208 50 36 de
4628 2209 118 36 notre
4778 2221 118 26 çon-.

3869 2246 214 37 naissance
4108 2248 54 35 du
4188 2250 157 42 monde,
4374 2260 79 32 que
4478 2263 103 27 nous
4608 2264 125 28 avons
4757 2260 121 33 passé

3871 2291 100 45 l'âge
4000 2292 69 36 des
4100 2296 264 43 expériences
4394 2298 155 42 faciles,
4581 2301 41 36 et
4650 2311 79 29 que
4757 2304 35 35 si
4822 2305 56 35 les

3869 2339 402 43 expérimentateurs
4314 2342 71 36 ont
4427 2345 267 41 aujourd'hui
4736 2348 143 38 besoin

3867 2385 50 34 do
3939 2385 139 43 talent,
4104 2386 49 36 ils
4177 2387 71 36 ont
4268 2389 177 37 souvent
4466 2393 113 35 aussi
4600 2393 145 35 besoin
4766 2396 109 34 d'ar-

3868 2429 107 45 gent.

3917 2487 105 38 C'est,
4053 2488 107 39 dit-il,
4190 2499 51 24 un
4271 2492 127 33 devoir
4427 2501 95 28 pour
4550 2503 73 26 une
4654 2498 223 32 Compagnie

3869 2535 141 26 comme
4043 2529 36 33 la
4113 2532 104 35 nôtre
4251 2533 278 38 d'encourager,
4565 2544 71 25 non
4671 2541 206 28 seufement

3873 2570 240 33 moralement
4140 2580 141 26 comme
4310 2575 68 32 elle
4406 2576 47 32 l'a
4481 2577 171 34 toujours
4681 2580 77 32 fait,
4788 2584 92 24 mais

3872 2611 100 30 aussi
3993 2611 317 42 matériellement,
4333 2615 54 33 les
4408 2616 158 35 travaux
4589 2620 62 33 qui
4675 2623 206 30 paraissent

3871 2652 126 30 devoir
4020 2652 76 33 être
4120 2653 166 35 féconds.

4110 2718 135 53 L'éloge
4266 2721 44 41 de
4331 2721 128 44 Claude
4481 2725 159 43 Bernard

3921 2797 129 45 Après
4081 2801 116 35 avoir
4227 2801 180 38 entendu
4436 2814 64 26 ces
4533 2807 237 35 éloquentes
4801 2822 77 23 pa-

3869 2844 117 42 roles,
4015 2845 41 35 et
4082 2846 36 35 la
4144 2849 301 42 proclamation
4469 2852 68 36 des
4564 2855 95 37 prix
4684 2856 193 35 décernés

3869 2899 46 26 en
3944 2891 108 42 1910,
4078 2893 94 44 prix
4195 2894 99 37 dont
4316 2905 102 27 nous
4444 2907 124 27 avons
4593 2899 141 38 publié
4758 2904 119 33 anté-

3869 2936 255 38 rieurement
4155 2940 57 35 les
4244 2941 125 43 listes,
4405 2943 259 40 l'Académie;
4681 2958 22 26 a
4735 2950 143 34 écouté

3870 2982 140 46 l'éloge
4042 2983 49 36 de
4149 2986 150 37 Claude
4330 2988 187 39 Bernard
4575 3002 76 30 par
4707 2996 49 36 M.
4789 2998 89 34 Van

3869 3031 208 43 Xieghem.

3872 3136 118 78 Un
4016 3140 202 94 grand
4242 3164 220 58 savant
4488 3146 150 80 bien
4666 3150 214 80 oublié

3916 3294 41 41 LE
3990 3295 234 44 CENTENAIRE
4264 3300 43 40 DE
4341 3301 44 41 LA
4425 3303 107 42 MORT
4572 3306 43 40 DE
4649 3307 183 44 FLEURIAU

4056 3361 44 40 NE
4128 3362 59 41 LUI
4213 3365 24 39 A
4265 3365 97 41 VALU
4390 3367 112 49 QU'UN
4530 3370 162 42 ARTICLE

3920 3465 308 42 Charles-Pierre
4258 3472 128 38 Claret
4414 3475 46 37 de
4487 3475 183 40 Fleuriau
4697 3480 134 35 naquit
4858 3481 23 34 à

3870 3514 119 43 Lyon,
4011 3514 34 37 le
4063 3516 22 34 2
4106 3515 128 45 juillet
4255 3519 426 37 1738..

3917 3556 129 48 Après
4073 3563 108 36 avoir
4209 3565 148 46 débuté,
4384 3580 23 24 à
4434 3568 168 43 dix-sept
4630 3584 80 27 ans,
4737 3586 142 25 comme

3868 3610 295 44 garde-marinq,
4193 3610 23 36 à
4249 3612 157 47 Toulon,
4437 3615 27 35 il
4497 3629 114 30 passa
4640 3619 146 38 bientôt
4816 3634 63 24 en-

3866 3664 129 33 seigne
4013 3658 45 33 de
4075 3658 193 45 vaisseau;
4288 3660 100 43 puis,
4408 3661 27 35 il
4452 3663 77 35 suit
4548 3665 52 35 les
4618 3677 110 25 cours
4746 3668 45 35 de
4808 3668 71 35 l'il-

3869 3701 117 36 lustre
4000 3702 192 49 horloger
4221 3705 196 39 Berthoud
4448 3712 37 33 et
4515 3713 243 38 entreprend,
4787 3727 91 24 avec

3868 3750 154 41 Pingre,
4052 3750 94 35 dans
4174 3751 264 46 l'Atlantique,
4467 3756 37 36 la
4530 3757 146 38 célèbre
4702 3760 176 37 croisière

3867 3796 45 33 de
3938 3796 111 46 l'Isis
4067 3796 258 46 (1768-1769),
4353 3813 45 23 en
4423 3814 71 24 vue
4520 3804 46 36 de
4590 3805 296 37 perfectionner,

3869 3841 36 34 la
3926 3841 200 45 technique
4147 3845 45 35 de
4213 3844 87 37 l'art
4321 3847 46 35 de
4388 3848 37 35 la
4445 3849 223 39 navigation
4693 3864 8 24 ;
4724 3853 38 35 la
4782 3855 95 33 rela-

3869 3886 79 36 tion
3969 3888 46 36 de
4036 3900 40 25 ce
4095 3901 158 34 voyage,
4276 3893 153 43 Pltbliée
4449 3907 44 24 en
4515 3896 107 41 1773,
4643 3898 55 36 lui
4717 3900 106 36 valut
4844 3901 34 36 le

3865 3936 120 41 grade
4008 3936 46 35 de
4076 3936 211 38 lieutenant
4311 3940 45 35 de
4379 3940 185 38 vaisseau.

3916 3980 172 38 Membre
4112 3984 46 35 de
4182 3984 232 39 l'Académie
4439 3989 45 35 de
4508 3988 162 41 Marine,
4696 3992 46 36 de
4766 3992 113 33 Fleu-

3867 4027 84 36 riau
3986 4028 141 46 devint,
4163 4042 45 24 en
4244 4032 108 44 1776,
4388 4033 219 43 inspecteur
4641 4038 152 38 adjoint
4827 4040 51 36 du

3869 4075 127 44 Dépôt
4017 4076 66 36 des
4104 4081 123 32 cartes
4249 4079 37 36 et
4307 4078 113 42 plans
4442 4082 46 36 de
4509 4082 37 36 la
4567 4083 151 37 Marine
4741 4098 8 23 ;
4774 4087 104 36 capi-

3869 4124 102 34 taine
3992 4122 46 36 de
4059 4123 185 45 vaisseau,
4268 4125 100 45 puis,
4389 4139 45 24 en
4455 4127 153 43 janvier
4629 4131 108 39 1777,
4761 4133 118 37 direc-

3869 4171 83 33 teur
3980 4169 65 36 des
4076 4170 112 36 Ports
4217 4174 36 34 et
4280 4172 214 38 Arsenaux.
4525 4175 106 37 Dans
4659 4189 41 25 ce
4728 4179 151 37 dernier

3870 4218 119 41 poste,
4018 4215 26 36 il
4073 4216 66 36 fut
4168 4217 46 45 le_
4230 4218 197 38 conseiller
4455 4221 65 36 des
4548 4221 192 39 ministres
4767 4224 46 38 de
4841 4226 37 34 la

3870 4261 149 38 Marine
4046 4263 46 36 de
4122 4263 115 37 Louis
4266 4265 99 36 XVI
4388 4278 9 28 ;
4426 4266 113 40 grâce
4566 4268 24 36 à
4617 4281 59 25 ses
4702 4272 175 37 services,

3868 4308 218 37 hautement
4105 4309 213 46 appréciés,
4338 4323 48 24 on
4407 4316 71 39 put
4499 4315 250 38 reconstituer
4768 4321 110 34 notre

3867 4354 104 37 flotte
3990 4355 175 37 anéantie
4183 4369 45 23 en
4245 4358 114 42 1763;
4379 4358 27 36 il
4424 4359 129 43 rédige
4571 4361 53 36 les
4632 4361 248 40 instructions

3868 4401 51 36 du
3942 4413 146 33 voyage
4111 4403 46 36 de
4180 4403 53 36 La
4257 4404 167 37 Pérouse
4448 4409 35 33 et
4508 4408 45 35 de
4576 4420 92 24 ceux
4692 4410 46 36 de
4762 4410 117 37 d'En-

3867 4450 250 35 trecasteaux.
4141 4449 178 38 Ministre
4340 4452 45 36 de
4405 4452 37 36 la
4462 4453 152 37 Marine
4635 4467 45 24 en
4703 4457 108 39 1790,
4833 4459 46 32 de

3866 4494 183 37 Fleuriau
4072 4496 131 44 publie
4226 4509 81 26 son;,
4317 4498 60 36 bel
4400 4510 167 34 ouvrage
4591 4513 7 23 :
4624 4503 254 37 Découvertes

3869 4543 62 35 des
3953 4544 198 44 Français,
4173 4556 46 23 en
4238 4545 96 35 1768
4354 4551 36 30 et
4409 4546 108 43 1769,
4539 4549 94 35 dans
4654 4551 33 34 le
4706 4551 173 37 Sud-Est

3867 4590 44 34 de
3963 4590 36 35 la
4047 4592 349 35 Nouvelle-Guinée
4400 4605 18 30 j
4470 4593 313 40 démissionnaire
4835 4610 44 26 en

3867 4636 107 43 179.1,
3999 4636 29 35 il
4055 4637 129 35 devint
4209 4649 241 30 gouverneur
4476 4640 51 35 du
4554 4640 204 41 Dauphin;
4787 4657 89 26 pen-

3868 4683 93 35 dant
3984 4683 38 35 la
4044 4682 240 43 Révolution,
4308 4684 28 36 il
4357 4685 65 36 fut
4443 4686 110 37 ruiné
4577 4691 36 33 et
4636 4690 243 40 emprisonné

3869 4729 170 43 pendant
4063 4729 134 44 quinze
4219 4730 106 36 mois.

3917 4775 55 36 De
3998 4775 181 37 Fleuriau
4203 4780 105 33 entre
4332 4777 22 36 à
4377 4778 189 38 l'Institut
4589 4793 46 24 en
4659 4782 107 40 1795,
4791 4784 88 39 puis

3867 4834 50 24 au
3950 4822 156 37 Bureau
4138 4823 65 36 des
4236 4823 235 45 Longitudes
4494 4838 8 31 ;
4540 4839 45 24 en
4619 4828 108 43 1797,
4763 4843 48 23 on
4844 4832 34 36 le

3869 4872 132 33 trouve
4024 4870 165 35 membre
4211 4870 51 35 du
4286 4870 151 37 Conseil
4461 4873 65 35 des
4549 4873 167 38 Anciens
4740 4888 8 28 ;
4772 4876 28 36 il
4823 4882 55 30 est

3865 4915 140 45 appelé
4030 4927 48 24 au
4103 4915 151 37 Conseil
4278 4916 132 37 d'Etat
4433 4930 74 30 par
4530 4919 236 43 Bonaparte,
4790 4936 88 24 sous

3867 4961 33 37 le
3922 4962 183 36 Consulat
4129 4974 8 31 ;
4159 4962 173 36 ministre
4351 4963 236 39 intérimaire
4607 4967 46 36 de
4671 4968 37 36 la
4727 4968 152 39 Marine

3868 5021 42 23 en
3936 5009 106 42 1803,
4065 5008 26 36 il
4115 5007 162 45 devient,
4301 5021 45 24 en
4370 5010 107 43 1804,
4500 5010 202 40 intendant
4724 5015 155 40 général

3867 5056 46 35 de
3933 5055 36 35 la
3990 5055 85 35 liste
4095 5054 120 44 civile,
4236 5054 179 38 sénateur
4438 5068 8 32 ;
4469 5057 100 41 puis,
4591 5071 46 24 en
4658 5061 108 40 1805,
4787 5074 92 28 gou-

3870 5113 160 24 verneur
4065 5101 65 36 des
4167 5101 195 37 Tuileries.
4397 5102 36 36 Il
4469 5106 56 34 est
4560 5105 83 37 créé
4677 5111 121 34 comte
4833 5122 46 24 en

3868 5148 105 35 1808.

3916 5194 107 36 Dans
4042 5194 54 35 les
4115 5193 192 37 dernières
4327 5194 139 38 années
4485 5197 46 36 de
4548 5209 43 25 sa
4610 5198 70 43 vie,
4699 5199 27 36 il
4747 5202 130 41 publie

3866 5252 134 24 encore
4029 5252 8 23 :
4061 5242 256 34 Fondements
4340 5243 63 35 des
4424 5249 121 31 cartes
4569 5246 49 35 du
4641 5246 179 43 Cattégat
4840 5255 36 28 et

3861 5289 45 34 de
3924 5289 37 33 la
3976 5288 179 41 Baltique
4179 5299 8 31 ;
4207 5298 69 24 son
4293 5288 181 41 Neptune
4493 5291 64 35 des
4575 5303 97 24 mers
4691 5294 49 35 du
4755 5295 121 40 Nord,

3871 5334 154 43 Voyage
4043 5338 140 31 autour
4201 5334 50 36 du
4268 5335 143 36 'Monde
4430 5336 45 35 de
4490 5337 215 37 Marchand
4723 5344 35 31 et
4778 5341 96 36 Cha-

3866 5380 77 42 nal,
3965 5381 92 34 etc...

3894 5447 44 40 Sa
3962 5446 175 42 modestie
4161 5449 53 39 n'a
4239 5458 66 41 pas
4327 5449 176 53 empêché
4524 5452 102 50 qu'on
4655 5452 181 43 l'inhumât

4244 5523 43 30 au
4311 5513 177 42 Panthéon

3913 5587 52 37 Le
3988 5591 120 34 comte
4131 5590 46 35 de
4200 5589 184 38 Fleuriau
4405 5595 152 33 mourut
4580 5592 239 43 subitement,
4843 5596 34 33 le

3865 5634 46 35 18
3933 5634 89 36 août
4043 5635 107 36 1810.
4170 5636 36 35 Il
4224 5636 65 36 fut
4307 5637 154 36 inhumé
4482 5650 49 24 au
4550 5639 212 42 Panthéon,
4782 5643 93 34 hon-

3864 5692 95 24 neur
3982 5680 177 45 suprême
4182 5682 93 44 qu'il
4299 5683 103 36 avait
4427 5683 85 36 bien
4537 5685 143 37 mérité.

3916 5726 261 46 Assurément,
4217 5741 40 24 ce
4295 5741 87 24 nom
4421 5732 55 34 est
4514 5731 249 44 aujourd'hui
4800 5748 78 32 peu

4935 610 133 36 connu,
5097 602 28 36 il
5152 603 96 37 n'est
5276 616 72 33 pas
5376 608 204 42 populaire
5607 624 141 26 comme
5774 629 94 21 ceux
5896 620 45 30 de

4935 649 276 45 Bougainville,
5249 651 46 36 de
5329 651 143 45 Borda,
5508 656 46 36 de
5589 657 56 37 La
5681 659 176 37 Pérouse,
5895 667 45 29 de

4935 695 24 30 d
4974 695 300 37 'Entrecasteaux
5298 709 8 23 :
5354 699 46 35 de
5444 700 184 39 Fleuriau
5672 706 86 36 n'en
5802 722 23 17 a
5870 723 72 19 pas

4936 747 120 27 moins
5081 740 57 37 été
5161 742 160 45 l'émule,
5345 744 112 37 sinon
5481 746 34 37 le
5537 749 148 40 maître,
5710 754 46 35 de
5779 767 59 22 ces
5862 769 79 20 ma-

4934 788 279 45 £m?1.iyu^res
5245 789 94 37 dont
5370 790 29 35 il
5431 803 22 24 a
5484 793 191 40 lui-même
5706 800 166 33 préparé
5904 806 37 27 et

4934 831 148 35 facilite
5106 832 53 38 les
5182 847 167 34 voyages
5374 836 299 46 d'exploration.'
5691 843 100 39 Mais
5814 848 53 35 M.
5894 851 46 32 de

4934 882 183 31 Fleuriau
5149 882 103 35 avait,
5285 895 74 24 une
5391 884 194 44 profonde
5616 889 180 39 modestie
5819 906 8 22 :
5861 894 80 34 être

4936 927 181 38 apprécié
5140 929 277 44 par'quelques
5440 932 142 41 esprits
5605 933 126 39 d'élite
5753 933 54 40 lui
5830 941 111 32 suffi-

4935 972 85 40 sait,
5020 972 71 40 et,
5112 972 158 38 laissant
5291 975 23 36 à
5335 976 168 37 d'autres
5525 978 38 35 la
5582 983 212 30 renommée
5815 997 125 18 popu-

4937 1014 105 43 laire,
5064 1015 27 34 il
5112 1027 39 24 se
5171 1022 176 36 contenta
5368 1022 119 37 d'être
5508 1024 104 37 utile.

4979 1059 51 36 Ce
5047 1061 123 36 serait
5180 1075 96 31 pure
5292 1066 237 44 ingratitude
5546 1083 73 27 que
5637 1073 45 35 de
5698 1073 133 37 laisser
5848 1080 92 30 tom-

4939 1109 63 32 ber
5030 1109 96 33 dans
5153 1109 13 34 l
5180 1111 103 35 oubli
5311 1125 51 24 un
5390 1116 52 35 tel
5469 1128 90 23 nom
5588 1120 48 32 et,
5665 1118 23 34 à
5716 1131 146 22 propos
5890 1125 49 26 du

4936 1152 214 37 centenaire
5171 1154 45 36 de
5235 1156 38 36 la
5292 1163 99 32 mort
5412 1162 46 36 de
5480 1162 45 36 de
5546 1162 195 38 Fleuriau.
5763 1166 53 32 M.
5838 1168 103 32 Dou-

4936 1198 101 50 blet,
5048 1198 34 37 le
5104 1203 136 33 savant
5263 1205 36 33 et
5322 1204 123 39 érudit
5469 1212 217 35 astronome
5710 1212 45 36 de
5777 1212 165 36 l'Obser-

4937 1246 146 34 vatoire
5118 1246 46 35 de
5198 1246 214 49 Bordeaux,
5447 1266 23 23 a
5502 1255 159 41 retracé,
5698 1269 46 24 en
5779 1259 47 35 de
5859 1260 82 36 fort

4937 1295 113 31 belles
5072 1302 119 33 pages
5216 1296 110 40 (dans
5349 1296 34 35 le
5403 1299 169 37 Bulletin
5595 1303 45 35 de
5663 1303 38 35 la
5723 1303 149 35 Société
5896 1308 44 31 de

4937 1337 242 43 Géographie
5206 1340 44 34 de
5274 1340 235 47 Bordeaux),
5534 1347 185 37 l'histoire
5744 1350 46 35 de
5816 1362 40 24 ce
5882 1363 58 24 sa-

4938 1387 92 31 vant
5053 1386 65 40 qui
5138 1395 23 24 a
5182 1386 91 41 joué
5294 1398 51 23 un
5366 1387 80 37 rôle
5467 1394 172 36 essentiel
5662 1395 96 35 dans
5778 1396 35 34 le
5835 1397 105 33 déve-

4936 1428 220 49 loppement
5178 1431 235 45 scientifique
5434 1435 46 36 de
5499 1437 37 35 la
5556 1441 159 35 seconde
5736 1441 130 36 moitié
5888 1444 52 33 du

4936 1476 263 36 dix-huitième
5244 1476 120 38 siècle.
5411 1478 61 38 En
5516 1483 117 38 même
5677 1488 126 33 temps
5847 1488 93 33 qu'il

4935 1520 190 37 adressait
5151 1533 23 23 à
5203 1522 46 36 de
5279 1523 183 38 Fleuriau
5489 1539 52 23 un
5570 1530 195 37 hommage
5795 1533 144 34 mérité,

4935 1565 89 37 c'est
5045 1578 51 23 un
5118 1567 142 38 service
5281 1568 146 45 signalé
5449 1572 87 43 qu'a
5555 1577 121 36 rendu
5696 1578 52 36 M.
5772 1579 165 36 Doublet

4937 1623 75 25 aux
5032 1614 216 44 historiens,
5271 1626 75 25 aux
5367 1620 156 34 savants
5545 1622 36 33 et
5603 1632 74 25 aux
5699 1624 164 37 curieux.

5010 1747 353 79 Nouvelles
5425 1752 440 100 Scientifiques

4981 1911 152 33 ECOLE
5189 1913 278 36 NATIONALE
5522 1918 93 33 DES
5669 1920 155 33 PONTS
5878 1924 61 29 ET

4940 1952 283 35 CHAUSSEES.
5260 1956 252 34 CONCOURS
5543 1960 323 35 D'ADMISSION.
5899 1984 43 5 —

4938 1994 47 33 Le
5019 2005 166 22 concours
5218 1997 225 33 d'admission
5476 2011 68 20 aux
5576 2003 113 35 places
5721 2005 129 33 d'élève
5884 2017 56 20 ex-

4938 2041 96 26 terne
5068 2037 153 38 français
5254 2039 19 30 à
5306 2040 128 32 l'Ecole
5466 2043 176 31 nationale
5674 2045 60 31 des
5769 2047 105 31 Ponts
5908 2055 33 23 et

4938 2077 189 33 Chaussées
5152 2081 169 31 s'ouvrira
5344 2083 31 29 le
5400 2093 16 27 3
5441 2084 114 36 juillet
5581 2096 91 26 1911,
5696 2087 19 29 à
5740 2088 107 31 Paris.

4983 2120 47 32 Le
5044 2137 6 2 -
5062 2122 142 30 nombre
5238 2123 59 31 des
5331 2125 113 35 places
5478 2126 102 31 mises
5614 2138 43 20 au
5690 2139 165 22 concours
5888 2137 51 25 est

4937 2161 66 31 fixé
5028 2163 89 29 ainsi
5143 2164 80 36 qu'il
5249 2166 69 29 suit
5352 2176 7 20 :

4986 2214 109 32 Cours
5121 2217 252 36 préparatoires
5410 2229 7 20 :
5451 2222 37 29 18
5512 2231 6 25 ;
5549 2231 99 21 cours
5675 2224 161 36 spéciaux
5873 2236 7 20 :
5911 2237 28 26 3.

4984 2257 64 32 Les
5083 2259 180 31 candidats
5297 2260 145 32 devront
5476 2263 158 31 adresser
5667 2265 74 30 leur
5774 2267 167 31 demande

4937 2297 239 44 d'inscription
5213 2312 43 20 au
5293 2303 177 31 ministère
5506 2304 60 32 des
5602 2305 162 33 Travaux
5799 2309 140 34 publics,

4937 2346 102 26 avant
5065 2342 31 30 le
5125 2351 36 28 15
5190 2344 67 30 mai
5288 2355 90 26 1911.

4980 2439 320 35 ASSOCIATION
5361 2443 425 38 INTERNATIONALE
5848 2449 91 33 DES

4937 2481 248 34 MEDECINS
5206 2483 93 33 DES
5320 2484 189 34 ECOLES.
5531 2505 44 5 —
5596 2488 48 32 La
5666 2490 153 31 création
5841 2492 100 30 d'une

4939 2524 219 32 commission
5193 2525 145 38 chargée
5373 2527 191 32 d'élaborer
5598 2530 49 30 les
5682 2536 124 26 statuts
5841 2533 101 31 d'une

4940 2564 220 33 Association
5183 2567 267 32 internationale
5473 2570 60 30 des
5555 2570 172 33 médecins
5749 2573 60 31 des
5832 2574 108 32 écoles

4939 2607 93 31 avait
5059 2608 53 30 été
5139 2608 140 32 décidée
5306 2609 19 30 à
5352 2609 32 31 la
5411 2610 123 32 séance
5561 2612 42 31 de
5630 2613 129 32 clôture
5786 2616 46 30 du
5859 2617 78 29 troi-

4938 2648 104 31 sième
5085 2648 152 39 Congrès
5278 2651 245 31 international
5565 2654 179 36 d'hygiène
5786 2657 154 35 scolaire,

4938 2691 56 36 qui
5020 2701 36 20 se
5079 2691 67 31 tint
5169 2692 20 30 à
5215 2692 99 31 Paris
5338 2703 44 21 au
5405 2694 87 31 mois
5516 2695 116 32 d'août
5656 2696 148 33 dernier.

4987 2731 96 32 Cette
5119 2734 221 31 commission
5376 2736 94 30 vient
5505 2737 42 30 de
5583 2748 36 20 se
5656 2740 196 31 constituer.
5890 2740 53 34 En

4939 2774 88 31 voici
5058 2775 33 30 la
5121 2776 228 36 composition
5387 2787 7 21 :

4986 2839 196 32 Présidents
5222 2841 192 31 d'honneur
5462 2853 7 20 :
5514 2843 56 32 Sir
5610 2845 135 33 Lauder
5786 2847 153 31 Brunton

4939 2881 245 38 (Angleterre),
5213 2883 49 30 sir
5287 2884 115 36 James
5431 2885 107 31 Grant
5566 2886 182 35 (Canada),
5778 2888 85 31 MM.
5891 2891 48 29 les

4938 2924 218 37 professeurs
5213 2924 244 33 Chantemesse
5524 2933 34 25 et
5612 2920 136 40 Albert
5787 2931 152 31 Mathieu

4940 2965 173 38 (France).

4987 3005 180 34 Président
5203 3019 6 20 :
5239 3010 46 29 M.
5313 3009 104 37 Cayla
5445 3010 172 38 (France).

4985 3048 296 39 Vice-présidents
5315 3061 7 21 :
5350 3052 86 31 MM.
5463 3053 41 31 H.
5531 3053 205 37 Gourichon,
5762 3056 42 32 H.
5830 3056 110 37 Gillet,

4941 3092 34 30 P.
5004 3093 178 37 Raymond
5211 3092 173 38 (France).

4987 3133 192 32 Secrétaire
5204 3135 137 37 général
5375 3146 8 20 :
5410 3137 46 29 M.
5484 3137 100 31 Butte
5609 3138 172 38 (France).

4985 3175 210 32 Secrétaires
5242 3186 7 21 :
5289 3177 87 31 MM.
5418 3178 111 37 Biard,
5568 3179 128 38 Meyer,
5734 3182 42 31 de
5813 3183 117 33 Laura-

4938 3217 87 32 dour
5051 3216 172 39 (France).

4956 3284 5 8 ..
4982 3259 179 32 Trésorier
5190 3270 8 21 :
5223 3260 45 31 M.
5292 3260 160 32 Dufestel
5474 3261 172 39 (France).

4968 3364 342 34 NOMINATIONS
5341 3367 408 39 UNIVERSITAIRES,
5761 3369 181 35 ECOLES

4937 3406 60 33 ET
5021 3406 243 33 FACULTES
5288 3408 64 31 DE
5378 3406 260 36 MEDECINE.
5664 3429 44 4 —
5730 3412 50 30 ,M.
5807 3413 31 30 le
5863 3414 79 30 doc-

4939 3454 76 25 teur
5046 3449 184 37 Moureyre
5260 3456 50 24 est
5340 3450 151 36 institué,
5522 3461 86 27 pour
5637 3463 66 20 une
5733 3454 139 37 période
5902 3456 42 30 de

4938 3491 84 31 neuf
5051 3492 148 34 années,'
5217 3492 180 36 suppléant
5425 3493 60 30 dés
5493 3493 155 31 ."chaires
5677 3495 41 30 de
5747 3496 195 38 pathologie
5973 3507 8 6 '

4940 3538 32 25 et
4994 3533 41 30 de
5058 3533 147 36 clinique
5228 3533 193 37 médicales,
5444 3534 20 30 à
5485 3534 129 33 l'Ecole
5636 3536 42 31 de
5701 3537 179 32 Médecine
5901 3540 40 29 de

4939 3573 355 32 CIermont-Ferra'nd.
5323 3584 10 5 "
5375 3575 37 7 "*

4985 3617 47 31 Le
5055 3627 167 20 concours
5245 3627 86 26 pour
5353 3628 67 20 une
5443 3618 96 37 place
5559 3619 44 31 de
5626 3620 154 33 médecin
5803 3622 59 31 des
5884 3622 59 31 hô-

4936 3658 190 39 pitaux'de
5148 3658 273 33 :SaihtrE'tienne
5449 3660 81 31 s'est
5557 3662 146 31 terminé
5732 3673 62 27 par
5822 3664 33 30 la
5882 3674 61 21 no-

4938 3700 230 32 mination'de
5192 3701 45 30 M.
5263 3701 137 31 Bérard"

4978 3800 103 33 AU.'
5081 3800 82 33 J.1
5163 3800 124 33 UM.-
5313 3819 57 10 —.
5383 3801 228 32 L'assemblée
5637 3803 60 30 des
5723 3805 217 36 professeurs

4939 3844 95 30 vient
5045 3843 65 33 .de.
5124 3843 191 36 présenter.
5327 3843 178 38 M..Lamy,
5505 3843 80 38 du
5612 3845 132 37 P.C.N.,
5770 3846 19 31 à
5814 3848 32 29 la
5871 3858 74 20 suc-

4935 3886 135 30 cession
5098 3885 42 30 de
5166 3885 50 30 iM.
5246 3884 167 32 Trémeau
5442 3886 53 30 de.
5513 3887 235 37 Rochebrune,
5776 3889 164 31 assistant

4935 3927 41 31 de
4998 3927 34 30 la
5054 3927 115 31 chaire
5191 3927 42 30 de
5256 3927 155 36 zoologie
5435 3927 192 37 (annélides
5650 3934 33 26 et
5705 3931 234 37 mollusques),

4934 3969 84 30 dont
5051 3979 86 20 nous
5170 3979 108 20 avons
5311 3970 155 29 annoncé
5498 3970 33 30 la
5563 3971 85 31 mise
5681 3971 19 31 à
5733 3972 33 31 la
5798 3974 141 31 retraite

4934 4021 86 28 pour
5043 4011 32 31 le
5100 4013 42 28 1er
5167 4010 138 38 janvier
5328 4011 175 37 prochain.

4981 4134 87 33 LES
5122 4134 213 33 SEANCES
5388 4134 65 34 DE
5506 4135 289 35 L'ACADEMIE
5849 4137 92 34 DES

4936 4176 237 33 SCIENCES.
5203 4194 44 5 —
5277 4177 65 32 Les
5373 4177 168 32 membres
5570 4177 43 32 de
5643 4178 209 34 l'Académie
5881 4181 60 31 des

4937 4218 161 32 Sciences
5128 4219 61 30 ont
5220 4218 120 31 'décide
5370 4218 43 31 dé
5447 4228 19 22 «
5497 4218 91 32 faîte
5618 4220 32 30 le
5680 4221 96 31 lundi
5808 4232 33 26 »,
5874 4233 66 20 eux

4934 4260 57 38 gui
5030 4260 218 35 travaillent,
5260 4260 295 32 .essentiellement
5615 4272 39 20 ce
5713 4263 12 36 j
5732 4263 119 36 our-là,
5889 4265 50 30 les

4936 4303 40 29 26
5011 4301 178 31 décembre
5225 4306 34 26 et
5293 4300 26 31 ir
5347 4301 148 42 janvier,
5532 4302 194 32 lendemain
5760 4305 44 31 de
5839 4306 100 30 fêtes.

4938 4343 65 33 Les
5026 4343 141 30 séances
5191 4347 60 26 ont
5274 4342 53 31 été
5349 4343 175 37 reportées
5546 4344 47 32 du
5615 4346 41 31 26
5679 4355 44 22 au
5745 4355 41 28 27
5809 4346 130 33 décem-

4940 4385 59 31 bre
5022 4389 32 26 et
5077 4384 46 31 du
5145 4394 19 20 2
5187 4394 44 22 au
5253 4394 20 28 4
5295 4385 146 37 -janvier.
5749 4412 28 2 -
5787 4409 26 10 I.i

5807 4475 20 34 ,
5932 4483 8 11 '

4937 4508 111 38 RÊVE
5073 4514 42 32 de
5140 4514 196 39 GABILLA,
5362 4519 139 36 parfum
5522 4526 171 22 nouveau.
5728 4528 7 20 i
5788 4517 136 34 Grands

4937 4554 103 33 ROSE
5065 4555 42 32 de
5132 4554 202 38 GABILLA,
5374 4560 144 27 senteur
5541 4558 151 37 exquise.
5729 4558 7 29 (
5766 4559 177 38 Magasina

4936 4596 133 31 Maison
5092 4596 42 30 de
5154 4606 91 30 gros,
5268 4596 50 39 25,
5338 4596 192 33 Boulevard
5548 4598 256 40 Poissonnière,
5830 4602 110 30 Paris.

4940 4734 50 46 LE
5004 4700 452 84 RATIONNEL
5474 4702 470 88 EXERCISEUR

5002 4801 43 30 est
5061 4798 25 34 le
5101 4798 163 35 Cadeau
5275 4800 25 33 le
5314 4801 96 42 plus
5426 4801 106 34 utile
5546 4803 17 32 à
5574 4800 106 35 faire
5693 4804 16 32 à
5720 4811 34 25 un
5772 4802 102 28 Ami.

4936 4856 254 52 Augmente
5210 4859 216 52 l'énergie
5444 4860 55 42 de
5516 4860 230 44 l'Homme.

5014 4916 248 52 Développe
5280 4918 45 44 la
5345 4920 171 42 beauté
5533 4920 55 43 de
5607 4920 46 43 la
5668 4921 193 44 Femme.

5175 4975 150 45 Donne
5343 4977 45 43 la,
5410 4978 198 50 oigueur
5625 4986 95 36 aux
5735 4978 205 47 Enfants.

4934 5041 52 30 Prix
4997 5042 47 28 25
5057 5043 30 28 fr.
5102 5044 51 28 chez
5164 5044 60 28 LE
5234 5033 267 47 MONTRÉER,
5513 5045 34 36 9,
5560 5053 66 22 rue
5639 5046 162 36 Charlot,
5817 5047 124 34 Paris.

4974 5084 192 35 Catalogue
5176 5085 124 30 franco
5313 5091 65 24 sur
5393 5087 227 30 demande.—
5630 5086 274 36 Télépù.1019.87.

5224 5294 83 46 Le
5356 5296 306 45 Véritable

5117 5362 234 47 Extrait
5409 5365 73 45 de
5536 5366 232 45 Viande

4948 5436 108 108 L
5144 5440 56 104 I
5296 5432 108 112 E
5488 5440 108 104 B
5672 5440 68 104 1
5828 5440 112 108 G

4939 5579 147 42 tient
5124 5579 379 51 aujourd'hui
5543 5580 58 44 la
5640 5583 296 50 première

4941 5641 193 52 place
5175 5642 167 45 dans
5383 5643 551 48 l'alimentation.

638 5870 223 29 FEUILLETON
882 5861 34 31 D'
940 5870 19 22 «
974 5867 199 26 EXCULSIOR
1187 5870 19 21 »
1231 5869 49 21 DU
1299 5870 41 20 20
1362 5861 189 32 DÉCEMBRE
1574 5871 78 27 1910

1580 5937 41 33 35

680 5988 948 140 L'ÉVENTAIL

780 6212 208 104 DE
1044 6176 484 136 CRÊPE

1024 6385 142 29 ROMAN
1197 6384 81 29 PAR

690 6475 454 45 EDMOND
1210 6474 406 44 JALOUX

690 6475 454 45 EDMOND
1210 6474 406 44 JALOUX

1111 6662 85 36 XXI

697 6896 53 6 —
776 6873 254 36 Aimez-moi
1089 6872 108 44 bien,
1259 6872 205 43 Edouard,
1527 6872 134 36 même

647 6930 96 27 sans
766 6921 151 44 espoir.
938 6920 77 35 J'ai
1039 6920 89 36 tant
1149 6920 145 37 besoin
1316 6920 122 45 qu'on
1459 6919 203 36 m'aime...

698 6974 66 35 Et'
794 6972 288 36 maintenant?
1125 6972 161 36 Marthe
1329 6972 142 42 délire,
1517 6972 42 35 et
1603 6972 57 35 les

648 7020 178 37 cruelles
859 7020 151 35 heures
1040 7018 49 36 de
1120 7019 38 35 la
1187 7019 95 35 nuit
1310 7018 193 45 rampent
1532 7018 129 36 misé-

646 7066 243 42 rablement,
913 7074 160 27 comme
1095 7064 70 36 des
1189 7066 180 35 limaces.
1392 7065 186 41 Ensuite,
1604 7065 58 35 les

649 7115 173 35 oiseaux
847 7113 55 36 du
930 7111 127 42 matin
1057 7111 212 42 pépient,
1298 7122 57 25 un
1379 7121 75 34 coq
1481 7120 184 29 annonce

649 7161 37 35 le
722 7160 142 42 matin,
903 7158 134 36 l'aube
1074 7154 136 47 déplie
1246 7167 64 26 ses
1347 7158 124 44 draps
1508 7157 153 37 blancs.

648 7207 90 35 Une
767 7207 120 35 lueur
913 7204 176 37 cendrée
1116 7203 189 36 bleuâtre
1332 7205 118 35 revêt
1478 7205 36 35 le
1540 7204 123 36 cadre

649 7251 50 38 de
729 7254 37 34 la
795 7253 174 36 fenêtre.
999 7251 52 35 Ce
1079 7250 97 46 jour
1205 7251 196 35 sera-t-il
1430 7251 37 36 le
1496 7251 168 36 dernier

649 7309 109 36 pour
782 7299 103 36 elle?

705 7346 138 35 Parmi
866 7355 65 26 ces
955 7344 230 42 souvenirs,
1212 7343 28 35 il
1263 7353 50 25 en
1336 7343 62 36 est
1420 7344 82 44 qui,
1527 7344 135 45 parmi

650 7393 93 35 tant
777 7392 50 36 de
865 7393 200 40 tristesse,
1106 7390 93 36 sont
1236 7390 93 44 plus
1366 7391 296 43 particulière-

651 7439 115 36 ment
792 7439 121 35 doux.
941 7439 79 35 Dès
1050 7438 36 35 le
1114 7436 127 36 début
1267 7436 50 35 de
1345 7436 38 35 la
1409 7437 179 35 maladie
1615 7436 49 36 de

652 7485 172 41 Marthe,
855 7485 147 44 j'avais
1035 7484 104 36 écrit
1169 7483 23 35 à
1219 7483 115 34 Alice
1363 7491 106 34 pour
1500 7483 59 35 lui
1590 7493 73 26 ex-

652 7533 167 43 pliquer
840 7530 290 36 franchement
1151 7530 38 35 la
1210 7528 202 36 situation
1435 7530 40 34 et
1495 7529 59 35 lui
1575 7529 90 36 dire

653 7589 90 32 que,
768 7577 115 36 étant
902 7577 134 36 donné
1058 7577 112 36 l'état
1191 7576 50 35 de
1264 7575 186 38 Maxime,
1473 7585 96 26 mon
1590 7575 73 36 de-

654 7625 93 36 voir
779 7623 103 36 était
912 7624 49 35 de
994 7624 132 35 rester
1158 7632 53 26 au
1243 7621 148 36 chevet
1422 7620 49 37 de
1504 7622 38 35 la
1574 7631 90 26 ma-

655 7672 103 36 lade.
780 7670 206 44 Quelques
1006 7670 117 44 jours
1146 7668 131 45 après,
1300 7676 52 26 on
1371 7667 91 35 vint
1483 7677 64 26 me
1567 7668 97 44 pré-

654 7718 121 35 venir
811 7715 151 46 qu'une
998 7716 118 36 dame
1153 7713 260 37 m'attendait
1449 7723 53 26 au
1537 7715 128 35 salon.

654 7765 64 45 J'y
745 7762 165 38 trouvai
939 7763 92 35 Mlle
1057 7762 49 36 de
1127 7760 235 38 Jouvincel.

708 7839 52 5 —
786 7814 154 37 J'avais
975 7815 119 35 envie
1126 7815 49 35 de
1207 7823 104 27 vous
1344 7812 103 42 voir,
1483 7822 64 27 me
1581 7813 84 37 dit-

657 7864 89 42 elle,
778 7864 41 35 et
845 7862 42 45 je
915 7861 163 35 voulais
1106 7862 112 34 aussi
1247 7869 103 27 vous
1380 7859 224 37 demander
1632 7861 36 35 si

656 7920 104 27 vous
782 7910 138 35 n'avez
941 7916 74 36 pas
1035 7906 143 37 besoin
1200 7908 50 35 de
1272 7907 122 35 moi...

711 7963 110 35 Dans
858 7959 254 37 l'exaltation
1145 7960 41 34 et
1219 7958 192 37 l'anxiété
1444 7958 53 35 où
1529 7958 42 44 je
1604 7969 65 26 me

659 8008 178 42 trouvai,
867 8016 82 26 une
978 8005 261 45 proposition
1266 8006 36 35 si
1330 8005 120 36 noble
1478 8014 65 26 me
1572 8005 95 36 tou-

659 8057 78 35 cha
759 8053 224 47 jusqu'aux
1008 8052 161 35 larmes.

711 8123 53 12 .—
791 8099 222 39 Peut-être
1034 8098 218 38 êtes-vous
1273 8098 168 44 éreinté,
1463 8097 205 38 Edouard.

1719 5862 55 35 Ne
1796 5863 276 36 Voulez-vous
2097 5874 72 35 pas
2193 5874 79 36 que
2293 5865 42 45 je
2357 5874 102 26 vous
2484 5864 92 36 aide
2600 5865 22 35 à
2645 5865 87 35 soi-

1719 5918 109 36 gner
1859 5910 105 36 Mme
2006 5911 197 35 Hérouin.
2244 5911 48 36 Je
2331 5911 89 36 suis
2460 5921 82 26 une
2581 5911 150 45 garde-

1718 5956 161 37 malade
1906 5957 265 37 excellente...

1770 6009 47 36 Je
1846 6010 194 44 répondis
2069 6020 80 36 que
2177 6020 93 26 non.
2298 6010 32 35 Il
2359 6010 146 37 n'était
2533 6020 72 36 pas
2633 6020 99 36 pos-

1719 6056 104 36 sible
1864 6066 89 36 que,
1996 6057 102 36 dans
2140 6067 56 26 un
2237 6058 183 35 moment
2460 6057 49 36 de
2550 6058 182 42 lucidité,

1720 6103 159 36 Marthe
1901 6104 67 35 fût
1987 6104 176 45 exposée
2184 6104 23 36 à
2227 6105 254 40 rencontrer,
2503 6102 228 38 àu-dessus

1719 6150 49 35 de
1791 6159 74 26 son
1890 6150 57 41 lit,
1977 6151 37 35 la
2038 6151 132 43 figure
2195 6151 49 36 de
2267 6151 102 36 celle
2393 6149 341 45 dont-peut-être

1719 6197 78 35 elle
1833 6198 196 35 mourait.

1770 6277 53 5 —
1851 6255 268 44 Maintenant,
2154 6256 222 42 Edouard,.
2396 6256 97 45 quoi
2528 6255 99 46 qu'il
2662 6266 70 26 ar-

1719 6302 100 42 rive,
1859 6312 102 26 nous
1999 6313 51 25 ne
2087 6312 185 35 pouvons
2310 6312 103 26 nous
2452 6303 155 35 marier
2643 6303 92 35 tout

1719 6350 49 35 de
1796 6349 148 36 suite...
1976 6350 55 35 Ne
2059 6359 103 26 vous
2193 6346 207 48 inquiétez
2429 6349 50 36 de
2508 6350 103 34 rien.
2642 6350 92 34 Mon

1720 6397 98 44 père
1851 6397 90 34 fera
1974 6396 136 36 toutes
2145 6397 57 34 les
2235 6396 235 36 formalités
2502 6396 100 45 qu'il
2635 6396 98 35 fau-

1720 6444 74 35 dra
1815 6452 106 36 pour
1944 6453 45 26 ce
2011 6443 152 36 retard.
2184 6443 51 36 Et
2254 6443 107 48 puis,
2383 6443 40 45 je
2445 6442 163 36 voulais
2630 6452 103 26 vous

1720 6492 90 34 dire
1833 6490 124 43 aussi,
1983 6499 95 26 mon
2099 6500 158 35 pauvre
2281 6491 92 41 ami,
2386 6499 91 36 ,que
2498 6490 41 44 je
2562 6490 170 35 connais

1721 6539 92 43 trop
1844 6538 118 35 votre
1992 6538 197 35 affection
2218 6546 106 35 pour
2354 6546 51 26 ne
2434 6546 74 36 pas
2539 6537 195 45 partager

1720 6594 72 26 vos
1819 6584 222 45 angoisses,
2067 6594 73 25 vos
2167 6584 266 44 inquiétudes
2460 6584 41 35 et
2525 6593 80 35 que
2630 6593 103 26 vous

1721 6632 127 36 n'êtes
1875 6631 120 45 point
2021 6632 92 35 tout
2139 6631 90 36 seul
2258 6631 100 35 dans
2385 6631 119 36 votre
2531 6631 203 35 tristesse.

1767 6685 142 36 J'étais
1937 6683 158 36 affaibli
2123 6693 75 35 par
2226 6683 243 42 l'insomnie,
2498 6684 38 35 la
2564 6683 158 45 fatigue

1721 6732 47 35 Je
1789 6741 51 26 ne
1863 6741 70 26 sus
1954 6740 74 35 pas
2052 6731 150 35 cacher
2224 6739 95 26 mon
2342 6731 193 35 émotion.
2556 6731 177 35 J'entre-

1722 6778 74 42 vis,
1833 6778 100 36 dans
1970 6786 95 26 mon
2101 6777 197 42 désarroi,
2335 6778 179 44 quelque
2551 6778 123 35 chose
2711 6778 23 35 à

1723 6825 96 45 quoi
1878 6825 151 45 j'allais
2087 6823 178 45 pouvoir
2299 6833 64 26 me
2399 6824 258 42 raccrocher,
2694 6825 40 35 et

1723 6872 107 35 cette
1852 6872 162 45 pensée,
2037 6871 40 45 je
2101 6871 89 35 dois
2212 6870 97 36 bien
2332 6871 36 36 le
2392 6871 100 42 dire,
2515 6880 64 26 me
2602 6871 47 36 fit
2672 6871 60 36 lâ-

1723 6920 192 34 chement
1938 6919 193 44 plaisir...

1768 6972 50 35 Et
1850 6971 110 35 voici
1994 6980 58 26 un
2086 6971 119 35 autre
2240 6971 209 35 souvenir.
2483 6971 63 35 Un
2580 6971 95 42 soir,
2711 6971 22 36 à

1723 7018 156 36 l'heure
1904 7017 62 43 où,
1993 7017 101 35 dans
2120 7018 56 34 les
2202 7016 217 36 chambres
2444 7017 69 36 des
2539 7018 191 42 malades,

1724 7066 56 34 les
1808 7064 160 36 ombres
1994 7064 159 35 se--font
2177 7064 34 35 si
2236 7064 188 45 grandes,
2449 7064 35 35 si
2511 7073 221 36 menaçan-

1723 7112 71 41 tes,
1825 7111 284 36 commencent
2138 7111 22 34 à
2189 7110 247 36 ressembler
2465 7110 24 35 à
2517 7110 70 36 des
2616 7111 116 36 ténè-

1722 7159 93 35 bres
1848 7158 48 35 de
1928 7157 201 44 sépulcre,
2163 7157 171 41 Marthe,
2366 7157 162 36 sortant
2557 7167 57 25 un
2645 7167 86 26 mo-

1723 7205 113 38 ment
1871 7205 48 35 de
1955 7213 75 28 son
2065 7203 141 43 délire,
2243 7204 201 44 m'appela
2481 7203 120 37 d'une
2636 7204 97 36 voix

1722 7252 128 36 faible
1880 7261 8 25 :

1767 7327 47 4 —
1839 7303 201 42 Edouard,
2070 7304 52 35 où
2150 7303 215 36 êtes-vous
2386 7303 19 35 ?

1768 7358 48 35 Je
1839 7367 63 25 me
1926 7356 250 45 rapprochai
2201 7356 54 35 du
2280 7356 60 36 lit.
2361 7356 47 35 Je
2430 7355 88 45 pris
2542 7365 46 26 sa
2609 7357 120 42 riiain;

1724 7414 44 26 sa
1794 7413 159 35 pauvre
1981 7403 111 35 main
2121 7402 200 45 amaigrie
2348 7403 70 44 qui
2447 7402 168 36 brûlait.

1779 7456 104 36 C'est
1906 7455 97 35 bien
2029 7456 102 43 long,
2159 7454 176 36 n'est-ce
2360 7464 74 35 pas
2464 7455 17 35 ?

1776 7530 53 5 —
1849 7508 285 36 Voulez-vous
2157 7506 97 36 bien
2277 7516 102 26 vous
2405 7506 106 36 taire
2540 7507 18 35 ?

1776 7583 53 5 —
1858 7560 89 42 Oui,
1979 7559 99 37 c'est
2107 7560 130 44 long...
2267 7559 132 42 Enfin,
2432 7559 36 36 le
2497 7560 131 36 calme
2657 7570 77 36 ap-

1724 7608 194 46 proche...
1943 7607 49 35 Je
2019 7616 50 26 ne
2097 7605 180 45 regrette
2304 7606 129 35 rien...

1780 7661 52 35 Ce
1861 7659 86 36 mot
1977 7668 64 26 me
2072 7658 46 35 fit
2148 7658 243 35 frissonner.
2447 7658 48 36 Je
2551 7659 183 45 suppliai

1727 7707 159 36 Marthe
1906 7706 49 36 de
1976 7704 226 46 reprendre
2222 7714 188 35 courage.

1777 7781 54 5 —
1851 7760 56 34 Ne
1930 7758 166 45 parlons
2119 7765 73 37 pas
2215 7756 49 36 de
2286 7757 195 36 cela...,Je
2501 7767 109 26 veux
2631 7768 103 26 vous

1727 7807 139 44 parler
1893 7806 23 35 à
1940 7814 151 35 propos
2117 7804 49 35 de
2191 7803 119 35 votre
2336 7804 221 42 mariage...
2585 7805 31 34 Il
2643 7805 93 36 faut

1727 7863 80 36 que
1827 7861 103 27 vous
1952 7861 65 25 me
2039 7850 170 36 donniez
2230 7849 118 36 votre
2369 7850 143 45 parole
2533 7860 79 35 que
2631 7861 103 26 vous

1728 7901 222 45 épouserez
1974 7898 152 34 Alice...

1780 7951 146 37 C'était
1945 7951 38 34 la
2001 7948 207 46 première
2228 7948 80 35 fois
2327 7958 79 35 que
2425 7948 160 36 Marthe
2605 7959 129 36 appe-

1730 7999 74 35 lait
1832 8007 66 26 ma
1928 7996 153 36 fiancée
2109 8005 75 35 par
2212 8004 74 26 son
2312 7995 106 44 petit
2444 8004 105 33 nom,
2581 7996 41 35 et
2649 7998 86 34 cela

1728 8055 66 26 me
1813 8045 47 34 fit
1879 8044 94 35 mal.

1779 8119 54 10 ,.....
1849 8096 78 38 J'ai
1945 8105 108 37 peur
2072 8104 90 36 que,
2184 8103 76 36 par
2278 8103 58 26 un
2353 8093 99 37 vain
2472 8095 195 42 scrupule
2687 8094 49 37 de

2795 5865 166 42 fidélité,
2993 5875 103 26 vous
3126 5876 50 26 ne
3204 5866 160 36 vouliez
3395 5866 93 45 plus
3516 5874 103 27 vous
3649 5864 155 35 marier

2796 5912 296 36 maintenant...
3123 5913 31 34 Il
3184 5913 36 35 le
3250 5913 128 35 faut...
3406 5913 89 35 Elle
3522 5921 103 26 vous
3654 5911 151 36 rendra

2797 5959 224 36 heureux...
3073 5960 112 35 Vous
3243 5960 84 36 êtes
3384 5969 57 26 un
3496 5958 127 36 brave
3679 5967 123 33 cœur,

2795 6006 204 42 Edouard,
3029 6005 40 36 et
3094 6006 41 45 je
3164 6016 49 26 ne
3240 6006 108 36 serai
3374 6006 95 46 plus
3496 6005 49 43 là,
3574 6005 94 43 moi,
3697 6014 107 36 pour

2796 6052 187 37 troubler
3008 6052 119 37 votre
3153 6053 106 37 vie...

2845 6127 52 5 —
2926 6105 160 36 Marthe
3108 6105 9 36 !

2849 6157 101 36 Mais
2974 6157 94 45 déjà
3092 6167 44 26 ce
3161 6158 128 36 faible
3312 6157 125 37 effort
3459 6157 141 37 l'avait
3623 6157 179 46 épuisée,

2796 6205 40 36 et
2865 6214 64 26 ses
2959 6214 109 35 yeux
3098 6205 375 45 recommençaient
3502 6205 23 35 à
3554 6214 50 26 ne
3635 6214 73 35 pas
3740 6214 64 26 me

2794 6252 102 42 voir,
2924 6251 180 36 d'autres
3131 6251 152 45 figures
3306 6262 27 35 y
3357 6251 217 42 entraient,
3603 6252 71 44 qui
3702 6251 101 35 l'en-

2796 6298 228 37 traînaient
3042 6297 97 36 bien
3160 6299 84 35 loin
3263 6299 49 36 de
3330 6298 95 42 moi,
3448 6298 98 36 bien
3565 6299 85 35 loin
3671 6298 131 36 d'ici...

2848 6352 52 35 Ce
2920 6350 67 36 fut
3006 6351 36 34 le
3062 6350 245 43 lendemain,
3329 6361 52 25 au
3400 6351 179 35 coucher
3598 6350 54 35 du
3672 6350 129 42 soleil,

2795 6408 80 36 que
2897 6398 87 35 cela
3007 6397 151 35 arriva.
3182 6398 64 34 Un
3268 6403 129 40 rayon
3418 6397 49 36 de
3489 6397 117 36 soleil
3630 6403 42 29 se
3694 6396 107 36 traî-

2796 6445 88 36 nait
2908 6454 72 26 sur
3006 6444 35 35 le
3066 6443 101 45 drap
3191 6443 131 36 blanc.
3348 6444 169 42 Marthe,
3545 6443 257 35 machinale-

2796 6492 122 41 ment,
2946 6491 36 35 le
3006 6490 228 45 regardait;
3259 6491 104 35 mais
3384 6491 42 44 je
3450 6490 168 41 suivais,
3646 6489 93 43 moi,
3768 6490 36 35 le

2796 6536 266 38 mouvement
3109 6537 215 45 perpétuel
3371 6537 49 35 de
3453 6546 64 26 ses
3550 6536 145 42 mains,
3731 6536 71 44 qui

2796 6584 210 47 agrippait
3030 6583 356 37 convulsivement
3412 6584 38 35 la
3474 6583 249 36 couverture
3748 6582 55 36 du

2797 6633 59 35 lit.

2846 6683 145 37 C'était
3024 6692 81 26 une
3138 6682 107 37 belle
3278 6683 175 45 journée
3487 6682 49 36 de
3570 6681 234 46 printemps

2794 6732 41 35 et
2871 6731 41 45 je
2953 6729 188 46 songeais
3181 6730 99 45 qu'il
3319 6739 50 27 ne
3409 6729 196 36 resterait
3643 6729 160 36 bientôt

2792 6779 95 44 plus
2911 6777 100 42 rien,
3038 6777 93 44 plus
3156 6777 101 42 rien,
3283 6777 48 36 de
3356 6776 115 37 l'être
3494 6776 71 45 qui
3590 6785 42 26 se
3657 6775 145 37 débat-

2794 6825 78 36 tait
2906 6834 51 26 en
2992 6833 44 26 ce
3072 6824 184 35 moment
3291 6824 141 35 contre
3468 6823 57 35 les
3562 6823 240 44 puissances

2793 6872 225 45 suprêmes,
3056 6869 39 36 et
3127 6871 82 44 qui,
3244 6880 50 26 en
3326 6880 44 26 ce
3402 6869 192 42 moment,
3628 6878 65 26 me
3725 6879 76 34 pa-

2793 6918 170 36 raissait
2993 6918 37 34 la
3060 6917 122 35 chose
3213 6917 38 35 la
3280 6917 93 45 plus
3403 6916 215 45 précieuse
3649 6916 98 45 qu'il
3777 6926 27 35 y

2793 6966 71 36 eût
2895 6975 52 25 au
2978 6963 159 36 monde.
3168 6963 62 35 Ah
3255 6963 7 36 !
3293 6964 173 45 j'aurais
3496 6963 128 35 voulu
3655 6972 79 35 que
3766 6963 37 36 le

2793 7012 116 36 soleil
2938 7021 44 25 se
3009 7009 165 36 couvrît
3200 7010 95 35 d'un
3322 7011 131 44 crêpe,
3481 7019 80 36 que
3588 7009 56 36 les
3674 7010 125 35 fleurs

2793 7057 198 37 tarissent
3029 7057 111 34 leurs
3177 7057 202 44 parfums,
3420 7066 79 35 que
3537 7056 57 35 les
3631 7055 171 35 oiseaux

2792 7115 44 26 se
2871 7103 172 41 tussent,
3081 7112 79 35 que
3196 7103 37 35 la
3268 7103 148 35 nature
3451 7102 158 36 entière
3643 7101 87 45 prît
3764 7102 36 35 le

2792 7152 123 40 deuil,
2945 7150 178 45 puisque
3151 7149 161 36 Marthe
3340 7148 181 36 mourait
3544 7148 153 41 !'Mais;
3711 7148 91 36 rien

2792 7208 50 26 ne
2881 7195 220 45 changeait
3140 7205 96 26 sous
3276 7196 39 35 la
3353 7195 175 35 lumière
3568 7194 160 41 céleste,
3772 7195 27 35 il

2791 7246 66 42 n'y
2889 7243 113 36 avait
3033 7242 151 43 qu'une
3216 7242 109 36 fosse
3356 7241 49 36 de
3437 7242 104 44 plus,
3576 7241 134 44 parmi
3744 7242 57 34 les

2791 7292 176 34 milliers
3029 7289 40 35 et
3126 7288 70 38 des
3256 7289 174 36 milliers
3489 7287 180 36 d'autres
3729 7288 71 44 qui

2793 7336 170 38 allaient
2991 7335 188 41 s'ouvrir,
3210 7345 56 27 un
3294 7335 87 36 être
3410 7334 70 45 qui
3509 7333 210 45 s'effaçait,
3752 7335 49 35 de

2792 7386 39 34 la
2862 7382 217 46 poussière
3111 7382 70 43 qui
3215 7381 234 37 retournait
3481 7381 23 35 à
3537 7381 38 34 la
3607 7381 192 44 poussiè-

2793 7442 82 25 re...
2915 7430 63 34 Ah
3002 7429 7 34 !
3051 7428 117 41 Dieu,
3211 7428 105 35 mais
3356 7427 106 36 cette
3502 7427 294 42 poussière-là,

2792 7475 138 39 c'était
2962 7474 170 42 Marthe,
3165 7474 136 36 c'était
3332 7483 94 26 mon
3458 7482 183 27 amour...

2844 7531 56 34 Le
2938 7536 129 36 rayon
3105 7527 120 35 sauta
3264 7526 24 36 à
3325 7525 122 37 terre.
3487 7526 77 35 Les
3603 7535 108 34 yeux
3750 7526 49 36 de

2794 7573 268 45 l'agonisante
3111 7583 25 32 y
3184 7571 285 37 demeuraient
3518 7571 198 37 attachés.
3766 7573 31 35 Il

2794 7621 186 38 tournait
3021 7618 226 37 lentement
3286 7618 99 36 dans
3427 7619 39 35 la
3506 7617 206 42 chambre,
3754 7628 43 27 se

2794 7668 156 44 posant,
2989 7667 108 35 l'une
3144 7665 120 45 après
3313 7664 154 42 l'autre,
3519 7673 72 26 sur
3639 7664 159 46 chaque

2793 7725 141 27 rosace
2963 7714 55 36 du
3048 7712 121 45 tapis.
3198 7712 77 36 Les
3305 7711 211 36 dernières
3547 7711 171 45 pensées
3748 7711 49 36 de

2784 7762 179 41 .Marthe,
2998 7757 191 38 c'étaient
3222 7757 213 45 peut-être
3467 7757 69 36 des
3572 7757 120 42 idées,
3727 7757 70 37 des

2792 7808 183 37 rêveries
3002 7805 195 36 d'enfant.
3224 7804 225 45 Lorsqu'on
3475 7803 63 36 est
3565 7803 90 36 tout
3681 7804 116 44 petit,

2793 7866 51 26 on
2893 7855 176 35 s'amuse
3118 7851 117 42 ainsi,
3287 7850 179 46 pendant
3514 7851 70 35 des
3635 7850 161 42 heures,

2793 7902 176 36 n'est-ce
3010 7908 72 35 pas
3104 7899 18 34 ?
3163 7898 95 35 d'un
3298 7907 79 35 peu
3418 7897 49 35 de
3510 7897 174 35 lumière
3726 7898 70 44 qui

2792 7958 144 27 remue
2960 7947 70 35 des
3055 7945 156 35 atomes
3236 7944 149 35 devant
3407 7953 74 26 nos
3505 7953 119 36 yeux.

2845 8002 64 35 Un
2936 7997 228 38 sifflement
3193 7996 213 46 perpétuel
3436 7996 150 35 sortait
3614 7996 48 35 de
3692 7995 106 36 cette

2792 8057 123 34 gorge
2949 8044 202 42 obstruée,
3187 8053 56 25 un
3278 8044 93 44 long
3400 8043 145 45 soupir
3580 8042 215 42 incessant,

2793 8095 72 44 qui
2895 8091 177 38 montait
3101 8091 41 37 et
3170 8089 245 44 descendait,
3449 8099 97 27 avec
3576 8099 81 27 une
3688 8089 111 37 sorte

3863 5863 48 37 de
3948 5866 225 36 raclement
4208 5867 181 36 sinistre.
4425 5869 102 36 Mais
4564 5871 160 37 Marthe
4761 5883 110 27 sem-

3861 5910 104 36 blait
3989 5922 50 26 ne
4063 5922 73 35 pas
4161 5914 184 35 souffrir.
4371 5914 31 35 Il
4427 5915 67 43 n'y
4518 5917 113 36 avait
4654 5919 93 42 plus
4773 5920 100 37 dans

3864 5967 64 27 ses
3961 5969 109 35 yeux
4101 5960 150 45 qu'une
4283 5961 154 44 grande
4470 5962 185 47 stupeur,
4691 5965 183 44 obscure,

3865 6008 39 33 et
3926 6008 114 33 toute
4062 6008 37 34 la
4119 6008 77 40 vie,
4220 6008 114 35 toute
4355 6008 37 36 la
4413 6008 67 37 vie
4501 6020 106 33 pour
4628 6012 87 41 elle,
4739 6013 137 36 c'était

3864 6052 107 36 cette
4007 6063 158 35 pauvre
4202 6054 87 35 raie
4326 6054 49 36 de
4412 6056 129 37 clarté
4578 6057 184 41 blanche,
4803 6061 70 39 qui

3861 6099 144 36 venait
4035 6100 54 35 du
4122 6100 87 43 ciel,
4245 6100 55 36 du
4331 6101 151 45 jardin,
4517 6103 49 37 de
4599 6105 39 36 la
4671 6105 121 37 terre.
4825 6107 48 36 Je

3862 6145 282 47 m'approchai
4167 6157 8 25 :
4275 6157 7 8 *

3913 6221 54 4 —
3995 6199 169 43 Marthe,
4197 6203 207 35 comment
4432 6213 103 26 vous
4567 6204 267 37 sentez-vous
4857 6206 17 35 ?

3862 6246 274 36 N'avez-vous
4172 6246 145 37 besoin
4353 6249 49 36 de
4440 6251 92 35 rien
4553 6251 18 35 ?

3914 6299 89 35 Elle
4028 6308 50 26 ne
4104 6300 125 44 parut
4252 6311 75 34 pas
4354 6302 209 37 entendre.
4592 6304 101 36 Mais
4720 6314 44 26 sa
4790 6304 83 37 tête

3862 6355 144 26 remua
4036 6355 56 25 un
4120 6356 82 34 peu
4232 6356 72 27 sur
4335 6349 204 42 l'oreiller,
4573 6361 122 32 parce
4726 6361 79 32 que
4836 6352 36 34 le

3861 6402 129 35 rayon
4017 6392 232 46 s'éloignait
4277 6395 201 45 toujours,
4509 6397 199 43 grimpait
4736 6407 72 26 sur
4836 6398 36 34 le

3861 6448 94 25 mur
3978 6439 23 35 à
4023 6439 89 36 côté
4135 6440 49 36 de
4209 6441 38 35 la
4271 6442 172 37 fenêtre.
4468 6444 31 34 Il
4525 6444 102 35 était
4649 6445 93 42 plus
4766 6440 121 47 pâle,

3863 6486 58 35 lui
3953 6486 123 42 aussi,
4112 6486 28 35 il
4173 6488 117 36 allait
4320 6489 245 42 s'évanouir,
4600 6500 44 26 ce
4675 6491 105 35 beau
4811 6490 61 43 jet

3861 6532 49 36 de
3945 6532 175 37 lumière
4153 6535 70 44 qui
4258 6535 113 36 avait
4404 6536 151 37 éclairé
4588 6537 69 35 des
4692 6537 175 40 feuilles,

3861 6580 143 35 remué
4034 6589 72 26 sur
4137 6580 164 44 l'herbe,
4335 6582 184 37 traversé
4551 6583 69 36 des
4652 6593 113 31 eaux,
4798 6582 70 44 qui

3862 6625 136 37 s'était
4037 6627 193 43 parfumé
4270 6628 22 36 à
4332 6628 70 36 des
4441 6629 165 41 rosiers,
4647 6630 70 44 qui
4757 6628 127 39 avait,

3861 6673 105 35 mêlé
3991 6682 45 26 sa
4061 6674 215 43 poussière
4301 6675 23 36 à
4348 6676 101 35 celle
4474 6685 80 34 que
4580 6677 57 34 les
4661 6675 205 44 papillons

3860 6719 167 46 portent
4073 6729 73 26 sur
4193 6721 111 36 leurs
4352 6721 101 36 ailes
4476 6722 8 35 !
4534 6721 216 37 Poussière
4789 6718 78 38 des

3860 6776 160 36 rayons,
4053 6767 217 45 poussière
4302 6768 70 36 des
4404 6768 215 45 papillons,
4654 6766 213 46 poussière

3860 6823 79 34 que
3963 6813 93 36 sont
4080 6814 57 36 les
4160 6823 119 35 corps
4305 6814 204 41 humains,
4536 6814 90 37 tout
4649 6814 85 35 cela
4758 6813 107 35 s'en-

3860 6861 91 35 vole
3980 6861 41 35 et
4048 6870 42 26 se
4119 6860 161 36 dissout
4306 6860 49 36 de
4382 6862 171 35 même...
4582 6861 32 34 Il
4642 6860 65 44 n'y
4735 6869 23 25 a
4773 6857 93 47 que

3860 6907 69 35 des
3951 6907 236 45 poussières
4207 6907 210 36 flottantes
4438 6907 70 45 qui
4530 6905 156 37 restent
4706 6905 49 36 de
4776 6905 91 37 tout

3859 6953 65 36 cet
3946 6954 168 35 univers
4138 6953 8 36 !

3913 7006 55 36 Le
3994 7016 128 35 rayon
4147 7006 113 36 avait
4284 7005 150 37 atteint
4458 7006 39 34 la
4521 7004 171 42 fenêtre,
4720 7004 29 35 il
4774 7004 90 37 tra-

3861 7053 157 35 versait
4050 7063 56 25 un
4139 7053 145 35 rideau
4317 7052 48 36 de
4397 7051 198 36 dentelles
4627 7050 41 36 et
4700 7051 167 36 mettait

3861 7109 72 25 sur
3958 7100 36 35 le
4016 7099 112 36 volet
4152 7099 167 35 l'ombre
4343 7098 184 36 chinoise
4552 7097 69 35 des
4646 7096 237 44 chimères,

3862 7141 138 41 là-bas
4043 7146 100 35 dans
4188 7146 38 34 la
4269 7145 131 35 trame
4429 7144 48 35 de
4509 7142 163 37 l'étoffe.
4705 7144 159 37 Marthe

3859 7192 248 44 voyait-elle
4132 7201 66 26 ces
4224 7191 204 36 chimères
4449 7191 18 34 ?
4492 7189 52 35 Et
4569 7190 295 43 revoyait-elle

3861 7240 122 41 aussi,
4014 7238 238 45 également,
4282 7238 36 34 le
4344 7246 119 26 cours
4491 7235 48 36 de
4566 7245 44 26 sa
4635 7237 78 41 vie,
4743 7237 49 36 de
4819 7247 44 26 sa

3859 7286 143 35 courte
4022 7285 40 35 et
4082 7286 147 43 longue
4250 7283 205 36 existence
4475 7282 273 45 uniquement
4767 7284 94 36 ten-

3860 7331 79 37 due
3964 7341 94 26 vers
4086 7328 309 37 l'insaisissable
4416 7330 18 34 ?

3911 7382 315 46 Brusquement,
4270 7381 115 35 toute
4425 7381 39 35 la
4503 7380 196 37 chambre
4737 7385 128 43 parut

3861 7431 171 35 obscure
4081 7429 40 35 et
4167 7428 256 36 silencieuse.
4471 7427 56 35 Le
4575 7437 125 35 rayon
4752 7430 112 34 avait

3857 7476 118 37 sauté
4005 7476 95 34 hors
4133 7475 48 35 de
4212 7475 38 34 la
4279 7473 204 42 chambre,
4518 7474 27 34 il
4576 7474 137 35 s'était,
4741 7476 119 35 enfui

3858 7533 75 32 par
3958 7523 37 34 la
4020 7521 172 36 fenêtre.
4217 7521 47 35 Je
4288 7529 65 25 me
4379 7519 174 41 penchai
4578 7528 72 26 sur
4676 7520 38 35 le
4739 7520 48 36 lit
4811 7521 49 35 de

3859 7568 159 37 Marthe
4038 7577 10 34 ;
4075 7567 77 36 elle
4177 7565 102 38 était
4301 7565 137 47 partie
4463 7574 97 27 avec
4585 7564 37 36 le
4646 7574 140 36 rayon.

4304 7699 104 36 XXII

3909 7811 255 37 Maintenant
4194 7810 158 36 Marthe
4382 7808 179 37 dormait
4590 7817 74 30 son
4695 7809 166 36 dernier

3854 7859 227 36 sommeil...
4111 7858 32 35 Il
4172 7868 26 34 y
4227 7857 112 35 avait
4368 7866 80 35 peu
4476 7855 49 35 de
4555 7855 175 35 lumière
4760 7855 98 35 dans

3856 7907 36 34 la
3917 7904 204 41 chambre,
4148 7904 90 35 rien
4262 7903 124 45 qu'un
4410 7901 128 45 grand
4562 7901 135 44 cierge
4720 7902 137 43 jaune,

3854 7952 91 35 tout
3964 7950 118 42 droit,
4104 7949 160 42 debout,
4288 7950 22 34 à
4330 7949 89 35 côté
4438 7948 54 35 du
4514 7947 57 41 lit,
4595 7947 41 34 et
4654 7948 86 34 cela
4760 7956 96 25 sen-

3857 7998 77 35 tait
3959 7998 57 34 les
4042 7996 135 42 fleurs,
4206 7996 133 35 toutes
4367 7995 56 34 les
4448 7993 136 41 fleurs,
4613 8002 124 27 roses,
4762 7992 93 34 vio-

3858 8044 128 41 lettes,
4013 8043 205 41 mimosas,
4247 8042 86 34 iris.
4358 8040 60 35 On
4440 8048 44 26 se
4508 8039 127 35 serait
4659 8048 73 26 cru
4755 8037 99 36 dans

3857 8099 79 27 une
3965 8098 124 30 serre,
4121 8088 105 37 mais
4257 8087 23 37 à
4310 8096 65 27 ces
4405 8085 190 45 parfums
4625 8094 81 27 une
4734 8084 120 39 autre

4936 5877 127 37 odeur
5085 5888 42 27 se
5147 5880 258 44 mélangeait,
5429 5890 80 26 une
5530 5878 127 39 odeur
5679 5881 123 43 acide,
5828 5882 103 42 fade,

4935 5923 127 39 douce
5076 5924 61 40 :et
5137 5924 123 40 'fotte
5285 5927 22 35 à
5333 5927 37 35 la
5394 5927 93 35 fois.

4985 5971 47 36 Je
5057 5972 210 42 regardais
5292 5982 44 25 ce
5360 5972 150 42 visage,
5537 5973 70 42 qui
5633 5973 111 36 avait
5770 5974 37 36 la
5831 5984 101 27 cou-

4935 6016 90 36 leur
5044 6013 230 48 :jaunie'de
5304 6019 37 34 la
5371 6018 95 35 cire.
5495 6018 47 36 Je
5572 6019 36 35 le
5638 6020 222 43 regardais,
5894 6022 41 36 et

4931 6062 293 46 je.so'ngéais.à
5242 6074 48 31 ce.
5306 6063 229 45 qu'il'était,
5558 6064 94 36 huit
5670 6065 118 43 jours
5810 6069 124 35 avant

4934 6109 39 35 et
4984 6107 7 36 i
5000 6110 26 36 à
5026 6110 68 36 "ce
5122 6110 102 40 qu'il
5224 6110 154 40 Userait
5401 6109 173 44 demain,
5604 6110 101 38 dans
5731 6122 58 26 un
5815 6115 116 38 mois,

4932 6155 99 36 dans
5058 6155 64 36 dix
5122 6155 114 36 .ans.
5280 6179 9 8 -
5529 6181 15 4 -•
5626 6182 7 4 -
5672 6152 23 35 .'.

4966 6202 143 36 --Entre
5129 6202 216 45 ses'doigfs
5367 6202 176 46 crispés,'
5558 6203 206 38 l'éventail
5785 6207 147 42 qu'elle

4932 6248 79 44 ,avai
5011 6248 26 44 t
5037 6248 39 44 <'
5076 6248 95 44 ten:u
5183 6248 299 45 ;à';emporter^
5497 6251 207 40 avec.':elle
5735 6253 198 36 montrait

4930 6303 44 26 sa
4995 6294 127 35 svelte
5144 6294 210 36 armature
5376 6294 195 47 d'ivoire,
5571 6294 196 47 sculptée
5789 6299 49 36 de
5859 6309 70 26 ro-

4930 6349 73 33 ses,
5021 6340 172 38 .'comme
5212 6359 6 3 -
5226 6350 78 27 un,
5314 6342 180 40 Scep.tre..
5508 6340 49 39 de
5572 6344 141 38 -reine,
5749 6345 181 37 destinée

4929 6386 22 35 à
4963 6393 240 37 gouverner
5224 6380 297 47 dès'ombres.'.
5603 6413 9 4 -

4944 6441 6 7 •
4979 6432 46 34 Je
5059 6440 50 26 ne
5143 6432 184 43 pleurais
5345 6444 100 34 pas,
5480 6435 43 43 -je
5555 6437 255 41 remplissais
5843 6448 86 26 mes

4927 6486 108 35 yeux
5061 6477 48 35 de
5139 6478 37 35 la
5203 6479 95 42 plus
5328 6477 178 47 fugitive
5534 6481 49 37 de
5611 6482 134 37 toutes
5775 6484 56 35 les
5860 6485 67 34 vi-

4916 6523 140 42 ssions,
5082 6523 60 48 de
5142 6523 224 48 celle-qui
5398 6537 50 26 ne
5479 6528 232 43 reparaîtra
5741 6529 104 42 plus.
5876 6530 52 34 Et

4916 6577 54 29 ,ce
5000 6570 81 44 qui
5121 6570 244 45 m'apaisait,
5408 6572 137 37 c'était
5584 6574 67 42 toi,
5693 6575 233 35 consolante

4925 6615 315 46 pensée/,qu'un
5262 6618 109 43 jour
5381 6619 171 42 j'aurais
5577 6629 79 26 une
5683 6620 242 36 immobilité

4914 6661 184 44 .pareille
5133 6662 40 36 et
5185 6664 60 42 r-le
5260 6674 8 25 r
5277 6665 146 43 même,
5443 6674 118 36 repos
5567 6659 25 47 j
5603 6684 12 7 -
5628 6665 169 41 Haines,,
5824 6675 98 26 ran-

4913 6702 147 48 .cunes,
5100 6716 189 35 amours,,
5316 6710 166 41 efforts,'
5497 6710 190 41 labeurs,
5719 6720 78 31 que
5832 6720 90 26 res-

4916 6753 157 38 "tait-il:
5090 6754 48 37 de
5153 6750 105 41 bout
5285 6754 262 38 cela'-devant
5574 6765 44 26 ce
5647 6756 47 35 lit
5720 6755 128 43 blanc,
5879 6766 44 27 ce

4916 6808 131 35 .corps
5065 6829 9 13 ,
5090 6796 147 41 raidi'-?
5277 6802 76 36 Les
5396 6802 124 35 fleurs
5562 6801 215 36 odorantes
5819 6802 96 44 jon-

4923 6845 246 38 chaient'les
5191 6848 133 45 draps,
5349 6847 161 36 demain
5532 6847 96 34 elles
5652 6847 181 36 seraient
5854 6849 68 35 fa-

4924 6893 107 42 nées,
5061 6894 104 35 mais
5195 6895 27 33 il
5250 6895 84 34 s'en
5360 6892 203 36 ouvrirait
5590 6892 190 44 d'autres,
5812 6895 110 35 inta-

4923 6939 299 43 rissablement,
5263 6939 40 36 et
5339 6939 68 34 des
5444 6937 162 36 trillons
5643 6937 148 38 d'êtres
5827 6942 94 34 naî-

4924 6985 163 42 traient,
5115 6986 70 43 qui
5210 6982 276 48 ignoreraient
5511 6983 169 43 Marthe,
5708 6986 40 35 et
5772 6986 28 35 il
5823 6997 27 33 y
5874 6997 50 25 en

4924 7031 209 37 avait-des
5159 7031 174 35 milliers
5360 7029 70 45 qui
5459 7029 233 44 ignoraient
5719 7041 44 26 sa
5788 7033 67 35 vie
5884 7033 40 35 et

4923 7087 44 26 sa
5000 7078 117 41 mort,
5153 7078 40 35 et
5225 7078 48 34 la.
5294 7075 82 36 tête
5407 7074 124 44 posée
5563 7075 101 36 dans
5697 7086 86 28 mes
5814 7077 108 38 deux

4922 7124 143 42 mains,
5089 7122 189 46 j'enviais
5301 7121 186 44 l'épaisse
5511 7120 41 36 et
5572 7123 161 36 sereine
5756 7124 163 35 incons-

4923 7170 137 35 cience
5095 7170 68 35 des
5198 7168 204 35 animaux.

4912 7220 7 9 '
4961 7216 152 35 .J'étais
5140 7214 97 41 seul,
5266 7212 284 45 étrangement
5575 7215 88 35 seul
5690 7215 99 35 dans
5816 7215 104 36 cette

4909 7261 197 43 :élégante
5143 7257 191 38 chambre
5372 7258 186 44 funèbre,
5598 7261 52 35 où
5688 7261 99 41 tout,
5826 7261 94 35 sauf

4921 7308 157 35 certain
5101 7306 90 35 coin
5213 7304 91 44 trop
5326 7303 160 44 visible,
5512 7306 161 44 gardait
5696 7307 35 35 le
5754 7307 165 35 charme

4921 7355 40 35 et
4990 7355 37 34 la
5056 7349 174 47 légèreté
5257 7349 55 35 du
5341 7350 94 36 luxe
5464 7350 40 36 et
5532 7351 48 36 de
5609 7352 37 35 la
5671 7352 79 35 vie.
5777 7352 140 35 J'étais

4920 7400 100 35 seul.
5050 7396 149 36 J'avais
5230 7396 179 44 renvoyé
5439 7397 40 35 la
5507 7397 311 45 garde-malade
5847 7397 70 44 qui

4920 7443 165 38 m'avait
5107 7441 102 36 aidé.
5230 7441 35 34 A
5286 7442 97 44 quoi
5405 7443 277 44 pouvait-elle
5706 7443 86 38 être
5816 7443 101 35 utile

4920 7492 23 35 à
4976 7487 166 46 présent
5162 7487 17 35 ?
5215 7486 51 36 Sa
5300 7487 106 37 sotte
5440 7488 195 42 présence
5668 7497 66 26 me
5768 7488 147 42 gênait.

4919 7537 183 38 Maxime,
5127 7532 235 43 ivre-mort,
5387 7533 179 36 dormait
5587 7533 99 36 dans
5708 7543 45 26 sa
5772 7534 142 34 cham-

4918 7583 84 36 bre.
5032 7581 79 34 Des
5142 7578 128 36 amies
5300 7579 49 36 de
5379 7579 159 36 Marthe
5568 7579 155 36 étaient
5750 7588 162 31 venues,

4919 7629 93 42 puis
5042 7624 168 46 parties.
5241 7625 77 36 Les
5351 7625 221 45 Puymirol,
5606 7625 203 44 prévenus
5840 7633 75 36 par

4918 7683 80 27 une
5034 7670 188 45 dépêche,
5260 7670 317 36 n'arriveraient
5612 7679 72 36 pas
5721 7670 122 35 avant
5877 7670 37 34 la

4918 7719 101 36 nuit.
5042 7717 77 34 Les
5143 7716 278 44 domestiques
5446 7716 259 36 eux-mêmes
5729 7715 185 36 s'étaient

4918 7763 182 42 éclipsés,
5134 7762 244 37 retrouvant
5410 7761 205 43 gaiement
5648 7762 89 34 leur
5769 7759 143 36 liberté

4916 7812 98 36 dans
5034 7810 36 34 le
5088 7808 185 41 désarroi
5293 7809 48 35 de.
5359 7808 106 36 cette
5483 7806 192 37 chambre
5694 7816 92 26 sans
5804 7804 106 35 maî-

4916 7858 73 35 tre.
5016 7854 152 36 "J'étais
5207 7856 87 34 seul
5335 7862 96 28 avec
5448 7853 205 41 "Madhe;'
5668 7860 165 27 lcôiii'me
5870 7849 40 44 je

4916 7901 139 37 l'avais
5095 7900 94 45 déjà
5229 7901 63 36 été
5330 7901 35 34 si
5403 7898 182 42 souvent,
5628 7898 33 35 si
5701 7895 208 38 souvent...

4915 7946 142 38 C'était
5082 7946 118 38 notre
5227 7946 165 37 dernier
5419 7944 240 37 entretien...

5417 8043 76 45 (La
5519 8043 65 45 fin
5611 8042 24 36 à
5663 8038 190 44 demain.)
