2345 3882
474 432 51 41 66
861 441 56 29 LA
945 442 334 31 RESTAURATION
1309 441 406 30 MAXILLO-FACIALE

766 711 287 51 MESSIEURS,

534 820 112 45 Bien
672 837 87 41 que
782 824 43 54 je
848 839 57 29 ne
930 824 88 43 sois
1041 824 130 56 point
1194 816 277 71 très\exercé
1496 822 112 43 dans
1632 826 131 39 votre
1788 822 176 54 langue,
1996 819 113 43 c'est

481 913 114 41 pour
614 900 94 42 moi
728 912 62 30 un
811 901 64 42 tel
894 902 207 41 honneur
1123 901 141 42 d'être
1287 899 292 55 aujourd'hui
1601 900 171 41 devant
1793 912 128 36 vous,
1948 911 87 41 que
2066 895 44 54 je

481 990 121 28 veux
640 991 180 42 essayer
856 977 266 45 néanmoins
1164 979 55 41 de
1258 991 115 29 vous
1416 976 126 50 faire,
1586 991 93 27 non
1717 990 83 42 pas
1832 989 88 28 une
1961 972 149 44 confé-

481 1067 130 28 rence
644 1058 155 46 certes,
828 1055 114 42 mais
975 1069 88 28 une
1101 1057 91 40 très
1226 1054 159 56 simple
1424 1054 211 42 causerie.
1671 1052 56 54 Je
1758 1052 204 48 sollicite,
1996 1061 116 45 pour

481 1144 77 28 ma
586 1132 318 44 connaissance
929 1132 259 56 imparfaite
1220 1133 55 42 de
1307 1132 45 42 la
1378 1132 165 55 langue
1571 1132 212 54 anglaise,
1817 1134 131 39 toute
1979 1132 132 39 votre

481 1207 320 44 bienveillante
838 1208 280 55 indulgence.

568 1286 62 41 Et
664 1290 266 51 permettez,
966 1286 222 54 qu'avant
1222 1290 119 44 tout,
1373 1286 216 54 j'adresse
1632 1299 96 29 mes
1771 1285 102 56 plus
1917 1282 195 43 sincères

483 1363 361 44 remerciements
871 1365 27 40 à
925 1377 84 28 vos
1037 1364 101 41 chefs
1138 1364 51 41 :
1220 1364 107 40 MM.
1357 1363 41 42 le
1428 1362 172 43 colonel
1627 1362 212 49 Ashford,
1869 1361 41 42 le
1940 1357 174 59 colonel

482 1439 142 49 Boak,
650 1440 40 41 le
713 1440 148 54 major
885 1439 124 49 Rice,
1034 1439 41 42 le
1099 1440 64 40 Dr
1187 1440 171 40 Potter.
1386 1440 62 40 Le
1472 1439 173 41 colonel
1666 1439 130 41 Boak
1818 1438 94 42 m'a
1933 1434 182 44 montré

486 1529 86 27 une
601 1516 232 43 amabilité
859 1515 286 55 particulière
1173 1530 56 26 en
1257 1516 280 43 demandant
1565 1516 26 40 à
1618 1520 131 37 votre
1779 1514 252 54 chirurgien
2059 1524 56 29 en

487 1592 114 48 chef,
624 1592 40 41 le
688 1592 179 53 général
890 1591 194 49 Ireland,
1110 1596 46 37 et
1188 1605 60 27 au
1275 1591 363 51 sous-secrétaire
1667 1583 161 50 d'État
1852 1592 63 41 du
1938 1588 179 44 Service

489 1668 54 41 de
572 1667 137 42 Santé
736 1667 208 53 français,
975 1680 86 41 que
1088 1666 335 43 l'autorisation
1449 1681 73 28 me
1550 1668 87 41 soit
1666 1668 213 41 accordée
1908 1668 55 41 de
1990 1664 130 44 venir

489 1745 146 55 parmi
663 1758 127 28 vous.
823 1740 127 46 C'est
972 1745 118 41 donc
1117 1746 130 52 grâce
1276 1745 26 41 à
1331 1744 65 41 lui
1425 1759 86 40 que
1540 1745 43 54 je
1613 1746 98 41 vais
1741 1746 127 41 avoir
1896 1745 40 41 le
1965 1742 155 58 plaisir

490 1823 55 41 de
585 1835 114 29 vous
740 1835 188 41 exposer
966 1821 58 42 ici
1065 1820 323 55 quelques-uns
1428 1822 79 41 des
1547 1821 360 55 enseignements
1948 1834 87 42 que
2076 1819 45 41 la

491 1912 156 42 guerre
674 1912 115 28 nous
816 1912 27 27 a
869 1897 185 43 fournis.
1092 1898 107 40 Mon
1235 1896 227 43 intention
1499 1903 69 37 est
1605 1900 55 41 de
1696 1913 115 28 vous
1849 1898 273 54 développer

491 1977 64 42 les
586 1977 120 41 deux
736 1974 152 57 points
919 1974 193 42 suivants
1112 1974 44 42 :

581 2059 47 35 1°
660 2051 318 55 Organisation
1012 2052 53 41 de
1099 2065 107 29 mon
1237 2050 193 56 hôpital
1447 2052 54 41 de
1535 2052 219 55 chirurgie
1787 2053 55 42 de
1874 2052 45 41 la
1950 2052 109 46 tête,
2095 2048 27 42 à

491 2131 160 54 Vichy,
679 2128 306 55 organisation
1009 2128 128 42 basée
1137 2128 108 42 sur
1269 2142 87 28 une
1382 2128 262 56 expérience
1670 2130 55 41 de
1752 2134 162 49 quatre
1939 2128 180 42 années.

579 2214 50 37 2°
659 2208 263 52 Avantages
959 2206 54 41 de
1048 2205 46 42 la
1126 2204 327 44 collaboration
1490 2206 55 42 de
1581 2205 45 43 la
1660 2206 212 55 prothèse
1909 2218 111 28 avec
2056 2202 64 41 les

494 2285 259 44 différentes
782 2281 252 56 spécialités
1063 2282 55 42 de
1146 2282 45 41 la
1219 2282 221 55 chirurgie
1469 2283 55 41 de
1552 2281 45 43 la
1624 2283 89 41 tête
1713 2283 36 41 :

582 2362 40 54 a)
659 2358 229 55 Chirurgie
917 2359 401 55 stomatologique;

586 2433 37 54 b)
659 2429 229 55 Chirurgie
924 2429 641 56 oto-rhino-laryngologique;

583 2504 34 55 c)
654 2500 229 56 Chirurgie
922 2501 249 56 plastique;

584 2575 42 55 d)
661 2572 231 56 Chirurgie
926 2570 437 59 ophtalmologique;

585 2648 35 55 e)
656 2644 231 56 Chirurgie
923 2643 338 58 encéphalique.

1062 2788 242 41 CHAPITRE
1336 2792 228 33 PREMIER.

637 2880 350 52 Organisation
1014 2881 59 36 de
1099 2876 231 49 l'Hôpital
1357 2876 60 36 de
1443 2875 257 47 chirurgie
1727 2877 60 36 de
1812 2877 48 36 la
1889 2878 109 41 tête,

1210 2947 29 34 à
1262 2944 168 45 Vichy.

572 3070 162 41 DEUX
765 3071 250 37 PRINCIPES
1047 3064 80 38 ont
1159 3059 140 55 dirigé
1327 3056 342 56 l'organisation
1700 3058 55 42 de
1785 3071 108 29 mon
1923 3050 165 60 hôpital
2088 3050 42 60 :

590 3153 48 36 rO
669 3147 62 41 Le
758 3143 91 43 rôle
874 3142 254 56 important
1155 3138 55 41 de
1235 3137 45 41 la
1305 3135 232 55 prothèse;

562 3222 25 46 1
587 3222 50 46 2°
669 3223 143 42 Notre
845 3219 186 44 volonté
1061 3213 193 45 d'éviter
1280 3211 186 43 l'erreur
1489 3201 78 64 qui
1589 3212 197 42 consiste
1811 3213 27 41 à
1864 3210 117 42 tenir
2005 3211 125 52 sépa-

501 3303 95 42 rées
624 3301 125 42 l'une
772 3301 57 42 de
849 3298 164 43 l'autre
1036 3294 64 43 les
1130 3292 259 45 différentes
1411 3287 253 57 spécialités
1696 3290 54 42 de
1781 3289 45 41 la
1856 3288 107 42 tête.
