2366 3909
552 613 158 69 The
762 632 406 54 treatment
1218 617 88 68 of
1346 616 326 94 salivary
1672 616 327 94 fistulae

865 783 76 79 by
991 805 269 56 massage
1308 784 113 55 and
1468 783 103 56 hot
1619 784 82 55 air

950 980 67 53 By
1059 980 77 40 Dr.
1181 980 47 39 P.
1277 978 337 53 KOUINDJY,

754 1066 92 31 Chef
872 1067 41 29 du
942 1067 131 30 Service
1102 1068 40 29 de
1175 1066 277 41 plivsiotliiirapit*
1482 1077 39 19 au
1548 1066 256 29 Val-de-Graee.

556 1458 93 42 The
683 1463 248 38 treatment
966 1460 44 39 of
1044 1460 188 40 wounds
1265 1459 92 40 and
1389 1458 142 42 ulcers
1565 1458 61 54 by
1659 1459 205 52 massage
1897 1457 91 41 and
2021 1456 79 40 hot

470 1534 66 41 air
562 1535 35 41 is
623 1550 58 26 no
708 1550 98 27 new
830 1535 142 53 thing.
1058 1536 159 40 Before
1245 1535 77 41 the
1345 1548 105 33 war,
1476 1535 53 40 de
1557 1536 195 46 Munter,
1778 1534 175 47 Lanel,
1953 1534 150 47 Daus-

470 1616 82 44 set,
586 1612 141 41 Bloch
754 1613 91 39 and
872 1612 152 40 others
1060 1612 91 40 had
1187 1610 241 54 published
1464 1610 146 42 works
1645 1624 58 27 on
1740 1611 77 41 the
1853 1610 249 42 usefulness

469 1686 44 40 of
538 1686 126 42 these
688 1691 159 48 agents
871 1686 45 40 in
940 1686 77 40 the
1041 1690 250 37 treatment
1315 1685 45 40 of
1384 1684 201 42 varicose
1610 1685 143 42 ulcers
1776 1686 91 41 and
1890 1686 45 40 of
1959 1685 143 42 ulcers

469 1762 147 41 which
640 1763 92 40 had
757 1763 172 53 proved
953 1762 259 53 impossible
1238 1766 47 36 to
1311 1761 100 42 heal
1436 1762 63 53 by
1523 1776 92 40 any
1639 1763 131 41 other
1793 1777 170 27 means.
2050 1762 52 39 In

475 1848 126 44 1905,
630 1853 64 28 we
736 1838 227 42 ourselves
1004 1839 212 53 reported
1262 1843 47 36 to
1357 1838 77 42 the
1475 1838 164 43 Societe
1676 1840 50 40 de
1768 1837 339 57 kinesitherapie

473 1930 26 27 a
539 1929 100 28 case
680 1916 44 40 of
764 1915 205 42 indolent
1010 1914 121 43 ulcer
1169 1907 137 50 cured
1345 1915 62 55 by
1444 1930 219 40 massage.
1761 1917 96 42 The
1895 1931 93 27 war
2025 1917 79 40 has

473 1992 206 41 afforded
712 2006 52 27 us
804 1991 334 55 opportunities
1181 1993 45 40 of
1270 1993 363 54 demonstrating
1666 1994 102 41 that
1802 1994 179 41 fistulae
2015 1992 91 42 and

472 2068 152 42 atonic
652 2069 189 41 wounds
869 2069 88 40 will
991 2069 260 55 ultimately
1279 2070 101 41 heal
1409 2071 273 54 completely
1710 2071 130 41 when
1869 2068 237 56 subjected

473 2150 51 36 to
546 2144 348 55 massotherapy
917 2146 91 40 and
1029 2159 25 27 a
1076 2145 81 42 hot
1191 2146 66 41 air
1277 2151 181 37 current
1479 2147 45 41 in
1546 2146 325 42 combination.
1964 2147 143 40 More-

476 2237 121 34 over,
632 2223 76 39 Dr.
743 2222 166 55 Cyriax
939 2222 45 41 of
1016 2223 189 42 London
1246 2224 81 41 has
1367 2224 125 53 quite
1533 2224 202 54 recently
1774 2223 276 42 established
2081 2235 25 27 a

472 2300 190 43 method
685 2300 44 41 of
754 2300 198 54 treating
976 2315 92 27 war
1090 2303 189 40 wounds
1303 2302 63 55 by
1389 2314 204 41 massage
1618 2301 120 55 only.
1826 2302 52 40 In
1903 2316 26 26 a
1953 2302 151 53 report

473 2378 241 55 published
746 2378 63 54 by
842 2392 84 28 one
960 2379 46 40 of
1040 2378 68 42 his
1142 2379 164 54 pupils,
1343 2379 77 41 Dr.
1459 2379 160 42 Louise
1651 2380 192 47 Bennet,
1878 2379 228 41 instances

480 2470 73 27 are
584 2455 122 43 cited
742 2456 44 40 of
825 2455 76 43 the
938 2454 186 56 healing
1156 2456 45 42 of
1238 2455 143 55 freely
1413 2457 299 54 suppurating
1743 2456 191 41 wounds
1966 2452 139 45 invol-

474 2534 107 52 ving
611 2547 161 28 nerves
802 2533 62 53 by
895 2533 204 54 Cyriax's
1131 2533 204 47 method,
1360 2532 147 41 which
1544 2532 37 41 is
1611 2532 171 54 merely
1821 2547 26 26 a
1876 2532 229 42 modifica-

476 2609 97 42 tion
605 2609 47 42 of
682 2610 77 42 the
792 2610 179 53 general
1003 2610 189 41 method
1215 2610 45 40 of
1294 2609 226 52 Kellgren,
1545 2610 92 40 and
1659 2609 192 42 consists
1873 2609 167 54 chiefly
2062 2607 44 41 in

478 2700 26 26 a
537 2691 172 50 system
742 2688 44 41 of
827 2687 186 42 manual
1052 2686 268 42 vibrations.

563 2766 81 40 We
672 2765 116 41 have
816 2764 184 55 applied
1026 2764 348 54 massotherapy
1401 2768 47 36 to
1478 2763 237 42 cicatrised
1740 2765 190 41 wounds
1957 2765 45 40 of
2030 2763 77 42 the

477 2841 98 40 face
605 2841 160 54 during
793 2842 78 42 the
899 2856 106 34 war,
1036 2842 91 41 and
1153 2842 117 41 have
1299 2842 92 40 had
1419 2854 140 39 many
1587 2842 230 40 occasions
1845 2842 44 40 of
1918 2842 191 53 proving

480 2916 59 40 its
559 2916 237 56 efficacity,
818 2918 241 55 especially
1076 2919 131 41 when
1227 2919 110 42 used
1357 2919 45 39 in
1424 2917 309 41 combination
1752 2918 111 41 with
1883 2932 25 26 a
1929 2919 180 40 current

482 2992 44 39 of
550 2991 79 41 hot
654 2993 85 49 air;
764 2995 77 41 the
865 3009 134 34 scars,
1025 3009 113 27 even
1161 2995 130 41 those
1316 2995 45 40 of
1384 3008 25 27 a
1440 2993 149 42 keloid
1613 2998 123 50 type,
1762 2995 184 41 become
1970 2995 141 40 softer

481 3068 91 40 and
609 3068 85 42 less
731 3071 234 49 adherent,
1005 3072 112 54 they
1152 3072 92 41 lose
1283 3071 118 42 their
1438 3071 325 54 contractility,
1803 3072 91 41 and
1932 3085 84 28 can
2054 3070 54 40 be

483 3144 223 43 detached
740 3161 123 29 more
899 3149 141 54 easily
1075 3150 117 42 from
1227 3149 77 41 the
1342 3148 112 54 deep
1490 3148 184 49 tissues;
1710 3149 112 41 with
1857 3149 77 41 the
1970 3145 138 45 result

483 3222 103 42 that
612 3224 249 42 correction
887 3227 44 40 of
957 3226 77 42 the
1060 3230 282 50 asymmetry
1367 3226 45 39 of
1438 3225 76 42 the
1540 3225 218 54 patient's
1782 3226 97 43 face
1904 3226 208 41 becomes

484 3301 45 41 in
557 3313 25 28 a
608 3304 124 48 great
761 3315 203 30 measure
991 3302 208 55 possible.
