2422 3853
730 425 27 27 A
788 425 172 29 CENTRE
989 425 84 29 FOR
1103 425 153 29 FACIAL
1286 425 390 30 RECONSTRUCTION
1965 429 51 38 99

395 494 142 49 which
571 509 198 44 reminds
809 526 89 41 you
940 512 45 42 of
1029 512 76 42 the
1145 526 82 28 one
1261 512 110 41 used
1402 515 47 39 to
1485 512 138 44 avoid
1647 513 77 41 the
1757 513 184 55 sagging
1973 513 45 41 of

394 570 74 43 the
499 578 153 49 cheek.

478 653 159 59 Figure
666 675 53 42 41
750 666 146 42 shows
925 667 191 42 another
1144 665 177 56 patient
1350 666 99 41 who
1480 680 125 29 came
1634 671 77 38 too
1742 667 90 42 late
1862 672 48 37 to
1940 667 77 41 the

392 721 194 63 hospital
609 739 70 42 for
701 742 164 54 special
890 744 123 41 work
1036 744 91 41 and
1150 757 90 41 you
1269 757 69 27 see
1367 743 78 41 the
1478 743 106 55 ugly
1617 744 138 41 result
1785 743 230 42 obtained.

392 797 92 50 The
534 811 119 56 right
703 833 80 40 eye
832 818 38 42 is
919 831 24 40 3
994 819 288 42 centimeters
1331 817 134 43 lower
1499 819 112 41 than
1653 820 78 41 the
1772 819 94 43 left.
1965 820 53 40 In

392 873 159 57 figures
581 900 53 42 42
668 893 92 40 and
790 906 54 40 43
878 907 84 28 one
995 908 93 27 sees
1120 894 101 40 how
1259 892 268 54 secondarily
1559 907 198 41 surgery,
1792 893 133 43 aided
1956 894 63 53 by

392 961 256 55 prosthesis,
689 969 82 42 has
809 969 143 55 partly
989 970 231 42 corrected
1258 969 90 42 this
1387 969 266 56 deformity;
1694 971 84 40 but
1817 985 27 27 a
1882 970 137 41 much

392 1027 148 53 better
562 1044 138 42 result
724 1047 149 42 would
896 1047 116 42 have
1036 1047 113 42 been
1173 1045 220 51 attained,
1419 1046 91 42 had
1533 1046 249 56 prosthetic
1807 1046 75 43 aid
1905 1047 113 41 been

393 1113 178 53 applied
602 1122 168 43 earlier.

1198 1243 22 26 *

1157 1271 24 25 *
1230 1270 23 26 *

723 1457 49 45 5°
805 1452 291 40 PROSTHESIS
1132 1461 99 30 AND
1269 1461 146 30 BRAIN
1453 1461 234 30 SURGERY.

482 1584 60 43 At
573 1589 96 43 first
706 1592 197 54 thought
942 1606 83 28 one
1062 1592 149 42 would
1241 1592 85 42 feel
1355 1592 103 42 that
1494 1591 246 55 prosthesis
1770 1591 91 41 and
1891 1590 129 42 brain

396 1666 183 52 surgery
606 1667 91 42 had
724 1669 116 42 little
868 1669 45 41 in
941 1683 221 29 common.

479 1737 91 45 But
593 1744 140 54 figure
754 1746 56 54 44
833 1747 145 41 shows
1000 1760 26 27 a
1049 1746 178 55 variety
1250 1747 45 40 of
1317 1747 147 48 tubes,
1488 1747 133 41 made
1645 1746 44 41 of
1712 1744 123 43 india
1858 1746 166 41 rubber

396 1814 89 40 and
520 1817 133 45 silver
688 1824 292 41 constructed
1016 1823 44 41 in
1098 1837 81 27 our
1214 1816 263 62 laboratory
1512 1823 146 41 which
1694 1823 116 41 have
1846 1823 112 42 been
1996 1837 26 27 a

394 1896 124 39 great
554 1895 103 57 help
694 1899 45 42 in
776 1901 77 41 the
889 1904 248 38 treatment
1175 1900 45 41 of
1257 1900 170 42 several
1464 1899 197 43 cerebral
1698 1914 49 27 or
1782 1899 241 43 cerebellar

396 1962 237 62 abscesses,
662 1977 91 41 and
778 1992 113 27 even
917 1977 45 41 in
989 1990 26 27 a
1041 1991 100 27 case
1167 1977 45 41 of
1238 1976 241 42 cerebellar
1503 1981 115 50 cyst.

483 2044 160 57 Figure
674 2062 53 43 45
762 2054 142 41 shows,
904 2054 61 41 a
997 2054 110 41 tube
1140 2053 145 41 which
1317 2045 272 50 constitutes
1621 2067 26 27 a
1680 2053 89 42 real
1801 2053 221 55 encepha-

397 2110 174 67 loscope
606 2128 147 42 which
787 2129 152 42 allows
975 2144 83 28 one
1093 2134 48 37 to
1167 2130 104 41 look
1295 2129 97 42 into
1418 2130 77 42 the
1518 2129 143 42 brain.

488 2197 52 44 In
563 2206 192 42 another
785 2221 114 35 case,
934 2206 110 42 with
1066 2221 26 27 a
1115 2206 169 42 similar
1307 2206 122 49 tube,
1463 2207 18 40 I
1515 2220 90 28 was
1634 2206 100 42 able
1763 2211 49 36 to
1841 2220 180 29 remove

396 2265 169 64 foreign
596 2281 124 56 body
751 2284 143 41 under
924 2284 175 41 control
1133 2284 45 40 of
1212 2283 77 41 the
1324 2283 149 42 naked
1507 2298 94 40 eye,
1635 2284 62 54 by
1732 2283 89 42 real
1862 2284 159 41 endos-

396 2356 128 48 copy,
558 2356 93 43 also
682 2363 47 37 to
762 2360 94 41 find
892 2364 232 50 sequestra
1161 2359 45 41 in
1242 2358 246 43 traumatic
1525 2359 298 55 suppuration
1862 2359 44 41 of
1944 2360 78 42 the

396 2417 139 54 brain.

482 2505 95 46 One
602 2513 124 41 word
750 2528 58 26 on
832 2513 77 42 the
934 2513 252 55 important
1211 2512 209 55 question
1446 2513 45 41 of
1516 2512 185 42 trismus
1725 2511 146 42 which
1896 2513 125 42 often

396 2572 169 55 follows
596 2602 93 28 war
719 2590 184 54 injuries
935 2591 45 41 of
1012 2591 76 41 the
1121 2591 109 41 face.
1314 2589 201 43 Trismus
1547 2589 36 42 is
1620 2604 58 27 an
1711 2589 212 42 affection
1956 2604 64 28 we

396 2647 131 52 know
557 2660 118 46 little
708 2667 58 49 of,
802 2667 90 41 and
923 2666 147 42 which
1102 2681 64 27 we
1199 2667 116 41 have
1348 2665 194 55 perhaps
1573 2665 179 41 treated
1784 2670 77 37 too
1894 2667 127 41 often

397 2724 61 58 by
493 2734 151 48 brutal
680 2743 279 42 mechanical
994 2757 168 28 means.
1261 2743 44 41 It
1341 2742 37 41 is
1414 2755 237 41 necessary
1687 2746 48 37 to
1773 2743 250 42 remember

397 2804 101 47 that
527 2815 76 43 the
631 2833 132 29 cause
791 2820 45 42 of
864 2820 89 42 this
981 2820 211 42 affection
1221 2819 36 41 is
1284 2818 45 42 in
1358 2818 77 42 the
1462 2818 204 42 muscles.
1754 2818 107 42 This
1889 2819 133 54 being

397 2891 60 40 so,
490 2902 64 31 we
584 2901 123 36 must
738 2902 80 36 not
851 2898 144 53 forget
1027 2898 102 42 that
1159 2896 92 41 this
1282 2909 148 28 comes
1461 2895 158 42 within
1650 2895 77 43 the
1760 2896 183 42 domain
1975 2897 46 41 of

398 2957 76 46 the
515 2972 275 55 neurologist
832 2974 101 42 who
977 2974 38 42 is
1053 2971 291 44 accustomed
1381 2976 48 37 to
1480 2971 183 56 employ
1690 2972 207 55 galvanic
1933 2974 90 41 and

398 3032 169 55 faradic
595 3054 216 38 currents.
905 3051 20 40 I
955 3050 170 42 believe
1166 3049 101 41 that
1313 3048 76 42 the
1426 3049 274 55 neurologist
1736 3049 45 42 in
1811 3050 209 54 coopera-

398 3109 95 48 tion
523 3122 112 44 with
665 3141 66 33 us,
763 3126 89 42 will
882 3127 229 54 enlighten
1141 3126 78 41 the
1249 3139 110 44 very
1391 3125 186 42 obscure
1614 3126 203 54 problem
1848 3127 44 40 of
1920 3126 101 42 tris-

399 3197 110 38 mus.
597 3202 109 41 This
729 3202 36 42 is
793 3217 58 27 an
872 3203 251 42 additional
1148 3215 157 28 reason
1333 3201 69 40 for
1429 3201 258 54 combining
1716 3201 44 41 in
1788 3202 78 41 the
1899 3216 124 27 same

398 3261 195 63 hospital
619 3279 246 54 neurology
892 3280 91 40 and
1009 3279 93 41 oral
1129 3290 202 40 surgeon.
