2458 3895
668 448 27 29 A
726 452 171 31 CENTRE
928 454 83 29 L'OK
1041 453 156 30 FACIAL
1228 453 391 29 RECONSTRUCTION
1910 455 50 40 93

568 633 50 44 3°
650 630 294 45 PROSTHESIS
981 646 100 30 AND
1121 636 199 39 PLASTIC
1357 634 244 42 SURGERY.

419 759 148 66 Every
599 776 90 57 day
722 795 84 29 one
839 783 116 42 finds
987 798 98 28 new
1117 781 333 57 opportunities
1483 781 44 42 in
1561 783 145 41 which
1740 788 48 37 to
1821 785 140 55 apply

337 828 70 46 the
439 843 237 63 Principles
709 858 45 40 of
786 860 247 54 prosthesis
1066 860 44 41 in
1144 859 161 56 plastic
1338 872 198 42 surgery.
1634 861 51 40 In
1718 861 108 49 fact,
1861 876 98 27 suc-

335 914 154 45 Cessful
517 925 160 53 plastic
706 949 185 43 surgery
919 938 45 40 of
992 938 77 41 the
1098 941 182 51 present
1307 936 91 55 day
1426 950 116 28 owes
1570 951 26 27 a
1623 941 128 49 great
1780 938 100 42 deal
1908 943 49 37 to

336 992 248 54 Prosthesis.

421 1067 115 52 Here
564 1081 36 43 is
629 1100 26 27 a
684 1089 171 55 typical
884 1090 204 42 instance
1117 1090 45 42 in
1191 1091 147 41 which
1366 1105 26 27 a
1420 1090 164 42 soldier
1612 1090 86 42 lost
1728 1105 26 27 a
1784 1095 102 50 part
1916 1092 45 40 of

339 1131 63 49 lls
425 1159 103 36 nose
553 1162 90 40 and
668 1178 26 27 a
718 1171 104 58 part
848 1168 46 40 of
919 1167 67 41 his
1010 1167 81 42 left
1117 1168 139 41 cheek
1281 1168 90 41 and
1396 1168 77 41 the
1498 1167 142 41 whole
1666 1168 45 41 of
1736 1167 68 41 his
1829 1167 135 42 lower

337 1223 75 42 eye
445 1224 85 54 (see
563 1235 71 55 fig.
669 1242 87 53 21).
845 1244 71 54 By
945 1258 156 27 means
1132 1244 45 40 of
1207 1258 27 26 a
1263 1243 120 54 large
1413 1242 253 43 horizontal
1698 1243 92 55 flap
1821 1243 139 42 taken

337 1285 110 55 frorn
484 1305 67 45 his
589 1313 214 47 forehead
843 1320 19 40 I
902 1334 91 27 was
1031 1320 100 41 able
1169 1325 48 36 to
1256 1319 174 55 replace
1470 1320 76 41 the
1585 1319 87 42 lost
1709 1324 252 37 structures

341 1363 81 53 (see
457 1381 71 56 fig.
565 1392 69 54 22)
670 1395 140 42 taken
843 1397 78 41 the
955 1397 91 54 day
1078 1397 118 41 after
1228 1396 249 54 operation.
1569 1397 92 40 But
1695 1396 101 41 how
1828 1395 134 42 could

342 1439 16 42 I
387 1458 73 43 Set
489 1458 45 45 in
564 1465 59 44 its
654 1484 163 43 proper
846 1472 198 56 position
1074 1473 78 41 the
1183 1487 107 27 nose
1319 1472 148 42 which
1496 1487 91 27 was
1617 1472 140 55 badly
1788 1473 175 54 pushed

339 1520 44 40 to
408 1529 75 45 the
508 1537 96 55 left,
632 1550 48 37 at
706 1548 78 42 the
809 1563 131 28 same
961 1549 108 42 time
1096 1554 168 37 restore
1291 1550 77 41 the
1394 1550 175 41 normal
1596 1554 192 36 contour
1814 1549 45 41 of
1884 1549 79 41 the

338 1606 120 42 nasal
488 1613 155 60 bridge
675 1625 92 40 and
798 1625 137 42 avoid
967 1625 184 55 sagging
1184 1626 44 41 of
1260 1626 78 41 the
1371 1626 151 41 cheek.

421 1681 52 47 In
512 1693 91 43 this
642 1713 101 29 case
783 1702 247 54 prosthesis
1069 1702 166 55 played
1275 1702 59 41 its
1374 1703 90 41 role
1504 1701 299 55 wonderfully
1842 1700 119 49 well;

338 1749 73 47 the
444 1776 249 46 apparatus
724 1777 148 42 which
904 1793 92 40 you
1029 1793 70 27 see
1133 1778 258 42 illustrated
1424 1778 45 42 in
1502 1780 163 53 figures
1700 1791 67 40 23,
1805 1790 68 41 24,
1910 1786 53 43 25

339 1834 87 41 and
459 1843 53 40 26
544 1846 37 44 is
615 1854 133 42 made
781 1856 46 41 of
861 1856 127 41 three
1022 1855 209 42 different
1266 1861 127 50 parts
1426 1855 147 42 which
1606 1857 199 54 perform
1837 1855 128 42 three

339 1900 210 67 functions
549 1900 42 67 :

424 1999 80 38 1st.
529 2000 63 43 To
615 2007 174 54 replace
811 2009 77 41 the
910 2023 109 28 nose
1039 2008 44 42 in
1106 2008 58 43 its
1185 2024 163 41 proper
1368 2009 211 55 position.

423 2078 23 30 2
472 2076 74 41 nd.
575 2080 65 42 To
666 2084 113 55 keep
805 2090 48 36 to
880 2086 140 41 cheek
1044 2085 46 41 in
1116 2085 59 41 its
1201 2086 139 54 place.

422 2154 24 40 3
471 2151 63 41 rd.
561 2155 65 43 To
650 2160 150 42 model
822 2162 79 41 the
925 2175 98 28 new
1049 2162 90 54 flap
1164 2162 45 40 of
1233 2162 77 41 the
1335 2175 119 31 nose.

423 2218 100 50 You
548 2244 71 31 see
645 2236 77 42 the
748 2238 139 41 result
912 2237 37 42 is
974 2252 112 40 very
1109 2238 118 54 good
1256 2238 87 53 (see
1371 2238 72 53 fig.
1473 2238 69 53 27)
1571 2237 240 55 especially
1837 2237 128 41 when

342 2281 17 43 I
382 2294 75 44 tell
480 2316 90 40 you
591 2311 104 43 that
718 2314 91 41 this
831 2314 164 42 soldier
1015 2314 42 41 is
1075 2328 26 36 a
1124 2313 196 42 German
1342 2314 214 54 prisoner.

424 2371 52 46 In
502 2380 163 56 figures
692 2389 68 48 28,
781 2402 68 41 29,
873 2402 54 39 30
954 2390 91 41 and
1072 2401 52 40 31
1153 2389 139 41 taken
1319 2388 45 42 in
1391 2388 153 48 series,
1567 2403 83 27 one
1677 2403 71 27 see
1775 2389 192 41 another

339 2449 95 39 case
441 2517 7 6 ,
471 2457 44 40 of
552 2459 267 61 interesting
856 2465 133 42 facial
1026 2465 271 43 restoration
1335 2465 45 40 in
1418 2465 146 40 which
1601 2464 245 55 prosthesis
1884 2465 82 40 has

338 2511 158 66 helped
526 2548 185 47 surgery
742 2556 110 41 very
883 2543 149 41 much.

422 2602 38 44 A
479 2609 171 51 similar
650 2609 107 51 and
776 2623 81 38 not
876 2619 84 42 less
980 2618 191 55 striking
1190 2618 138 42 result
1348 2632 106 39 may
1474 2618 55 40 be
1548 2631 103 27 seen
1671 2616 45 41 in
1735 2617 81 41 the
1833 2617 134 42 series

340 2670 42 40 of
405 2680 308 68 Photographs
737 2695 45 42 in
806 2697 162 52 figures
992 2708 69 40 32,
1087 2709 54 40 33
1166 2696 91 41 and
1280 2707 68 41 34.

420 2826 253 56 'Prosthesis
692 2842 36 41 is
748 2844 94 41 also
862 2844 44 40 of
924 2848 127 49 great
1071 2842 167 43 service
1258 2847 48 36 to
1326 2840 161 55 plastic
1508 2854 185 41 surgery
1711 2840 45 42 in
1776 2842 193 41 another

341 2902 108 52 WaY.
539 2914 70 56 By
639 2918 60 42 its
729 2934 92 35 use,
853 2920 36 41 it
917 2920 39 46 is
987 2919 194 56 possible
1211 2918 69 40 for
1309 2918 78 40 the
1418 2930 191 40 surgeon
1639 2922 49 37 to
1719 2918 149 41 model
1898 2917 69 42 his

342 2966 112 63 flaps
486 2987 110 45 with
631 3007 222 43 accuracy
887 2996 91 41 and
1012 2994 220 56 precision
1267 2992 151 42 before
1454 2993 78 41 the
1567 2992 249 56 operation.
1914 2994 54 41 In

340 3055 25 29 a
390 3053 131 51 given
549 3080 100 31 case
679 3072 19 40 I
728 3072 96 41 first
854 3073 44 40 of
926 3072 58 41 all
1013 3070 156 43 obtain
1198 3084 26 26 a
1252 3069 169 54 plaster
1447 3075 97 36 cast
1573 3070 44 41 of
1644 3071 79 41 the
1751 3070 218 55 patient's

341 3118 159 70 ^ace-
500 3118 161 70 With
686 3149 93 41 this
805 3163 101 28 sure
932 3149 133 54 guide
1092 3148 152 41 before
1271 3160 84 35 me,
1387 3147 19 40 I
1435 3146 211 42 estimate
1672 3147 78 41 the
1777 3152 191 36 amount

341 3198 135 55 tissue
514 3223 47 37 to
601 3223 55 41 be
695 3225 209 54 replaced
941 3227 62 54 by
1042 3238 154 29 means
1235 3223 45 41 of
1318 3237 99 27 wax
1457 3224 185 48 models,
1683 3224 91 41 and
1813 3224 155 54 design

342 3279 224 57 whatever
594 3299 114 55 flaps
733 3317 74 27 are
832 3317 250 40 necessary.
1164 3301 18 40 I
1209 3300 108 41 then
1343 3300 132 41 make
1501 3314 57 27 an
1584 3304 210 37 accurate
1820 3299 149 42 model
