2458 3850
684 422 30 29 A
742 424 173 32 CENTRE
944 427 86 29 FOR
1058 427 155 29 FACIAL
1240 428 395 29 RECONSTRUCTION
1926 427 52 41 77

350 495 200 54 Operate;
588 511 232 55 naturally
856 513 78 42 the
971 513 236 55 operation
1243 517 124 38 must
1403 513 183 43 involve
1623 515 78 41 the
1738 513 266 44 minimum

351 560 43 41 of
435 565 307 70 interference,
789 588 107 55 only
940 594 233 50 sequestra
1217 589 91 42 and
1351 590 131 42 other
1525 587 206 46 diseased
1773 590 206 56 portions

349 636 158 55 should
544 654 56 43 be
639 666 215 41 removed
893 667 91 41 and
1024 666 59 42 all
1122 666 130 42 small
1289 664 142 56 living
1469 667 252 54 fragments
1759 672 124 38 must
1921 668 57 43 be

349 723 158 45 spared
536 744 51 30 as
619 737 113 56 they
764 755 109 41 may
905 742 261 56 ultimately
1197 741 188 56 provide
1419 756 101 28 new
1550 743 131 42 bone.

433 799 40 55 a)
508 805 253 54 Whenever
784 817 36 43 it
844 819 37 42 is
905 819 195 55 possible
1129 820 107 55 (and
1259 819 92 42 this
1374 818 38 42 is
1436 833 111 41 very
1571 820 261 55 frequently
1856 821 117 54 true)

348 876 63 74 we
437 877 160 52 should
624 892 184 54 operate
834 896 201 55 through
1059 897 80 42 the
1164 896 183 43 natural
1373 901 145 45 route,
1544 896 203 55 through
1772 897 79 42 the
1877 912 98 27 ves-

349 943 139 55 tibule
508 958 46 46 in
575 968 130 43 order
723 976 50 37 to
794 973 139 42 avoid
951 974 191 54 damage
1162 978 50 37 to
1232 974 78 41 the
1330 973 277 56 periosteum
1627 975 79 41 the
1726 974 252 56 important

351 1024 86 45 role
459 1035 45 41 of
523 1041 148 46 which
695 1047 61 55 (in
777 1050 78 42 the
877 1050 273 55 production
1172 1051 46 42 of
1238 1051 133 55 bone)
1396 1051 37 42 is
1453 1052 99 42 well
1572 1052 179 41 known.

437 1108 37 57 b)
508 1115 254 52 Whenever
798 1127 37 42 it
873 1127 38 42 is
949 1127 195 55 possible
1181 1153 59 4 —
1276 1142 49 27 as
1363 1128 37 41 it
1438 1128 180 54 usually
1656 1127 37 43 is
1728 1154 60 3 —
1824 1128 154 41 before

352 1187 230 62 Operating
615 1213 65 29 we
715 1208 124 37 must
873 1203 128 56 place
1036 1218 27 28 a
1097 1203 250 56 prosthetic
1382 1208 263 51 apparatus,
1682 1203 46 42 in
1764 1204 130 42 order
1927 1207 50 38 to

351 1254 153 54 obtain
538 1285 59 30 an
630 1275 264 48 immediate
930 1281 91 42 and
1056 1280 164 43 almost
1256 1280 195 56 painless
1486 1279 250 43 reduction.

962 1499 165 236 *
1195 1499 22 24 *

539 1659 95 45 One
660 1667 124 41 word
811 1469 72 241 on
883 1469 96 241 the
979 1469 218 241 fracture
1225 1668 45 41 of
1294 1668 79 42 the
1400 1668 243 54 ascending
1668 1681 166 28 ramus.

434 1725 61 47 As
523 1748 26 28 a
576 1740 95 43 rule
699 1743 131 43 when
857 1744 79 42 the
962 1731 201 56 fracture
1190 1744 38 42 is
1255 1736 261 50 uni-lateral
1543 1749 81 38 not
1654 1744 108 55 only
1789 1744 189 42 consoli-

352 1793 153 57 dation
526 1811 38 43 is
587 1821 186 42 assured
794 1821 85 42 but
903 1821 93 42 also
1019 1822 120 54 good
1160 1821 228 43 occlusion
1410 1821 46 42 in
1481 1822 83 42 as"
1564 1822 126 42 much
1713 1836 48 28 as
1782 1822 81 42 the
1886 1826 91 53 two

350 1881 187 49 Muscles
572 1901 220 38 masseter
829 1898 91 43 and
962 1898 197 44 internal
1202 1897 241 56 pterygoid
1486 1902 74 38 act
1599 1912 49 28 as
1685 1902 91 38 two
1815 1898 164 55 splints

352 1956 88 41 and
469 1960 34 43 if
535 1973 331 43 consolidation
898 1975 107 41 does
1036 1979 82 37 not
1152 1989 146 36 occur,
1326 1989 58 27 an
1411 1975 165 51 almost
1602 1975 224 54 complete
1850 1975 128 41 func-

350 2023 138 54 tional
513 2047 140 43 result
679 2050 37 41 is
744 2050 217 43 obtained
987 2051 208 54 allowing
1220 2052 80 41 the
1326 2051 178 55 patient
1532 2056 48 37 to
1609 2052 136 41 chew.

434 2109 20 43 I
482 2115 118 49 have
627 2125 92 58 had
719 2125 231 58 patients
978 2127 113 43 with
1119 2142 27 27 a
1173 2127 122 55 large
1323 2126 427 56 pseudo-arthrosis,
1780 2126 196 43 without

351 2188 185 57 Condyle
575 2213 50 29 or
663 2204 215 43 coronoid
915 2217 242 43 processes,
1199 2204 91 42 and
1329 2218 113 28 even
1480 2204 196 42 without
1715 2204 79 42 the
1833 2218 145 41 upper

350 2266 100 41 Part
485 2272 44 41 of
563 2277 80 43 the
679 2281 243 57 ascending
957 2295 152 28 ramus
1144 2281 100 42 who
1281 2280 134 43 could
1448 2280 241 43 masticate
1726 2280 164 42 almost
1927 2294 51 28 as

350 2338 95 42 well
472 2359 47 30 as
546 2352 153 47 before
726 2358 79 42 the
832 2357 46 42 in
880 2358 12 54 j
900 2371 98 41 ury.
1107 2391 91 3 ——

434 2418 231 57 Conclusion
665 2418 64 57 :
753 2435 94 54 the
847 2435 261 54 apparatus
1132 2432 147 44 which
1301 2433 37 44 is
1362 2433 258 55 absolutely
1642 2433 334 54 indispensable

350 2480 67 50 or
438 2494 219 56 fractures
682 2510 46 41 of
749 2511 80 42 the
852 2510 255 42 horizontal
1129 2524 153 29 ramus
1304 2510 37 41 is
1365 2513 81 38 not
1471 2524 48 27 as
1544 2522 238 41 necessary
1804 2509 70 42 for
1896 2510 81 41 the

350 2565 260 63 uni-lateral
610 2565 217 63 fracture
854 2587 44 41 of
923 2587 79 42 the
1028 2584 243 56 ascending
1297 2599 165 28 ramus.

436 2646 43 46 It
504 2654 37 44 is
569 2661 126 53 quite
722 2678 27 27 a
776 2663 210 43 different
1012 2668 171 38 matter
1208 2662 33 41 if
1266 2663 81 42 the
1372 2666 91 38 two
1491 2660 243 56 ascending
1760 2661 116 42 rami
1902 2676 74 28 are

350 2712 226 64 fractured
613 2753 109 28 near
759 2740 79 42 the
877 2741 151 53 angle;
1069 2739 46 42 in
1153 2739 104 42 that
1297 2752 101 28 case
1436 2738 79 41 the
1553 2736 220 55 patient's
1810 2737 165 48 mouth

350 2802 189 48 remains
567 2826 117 42 open
713 2815 45 42 in
786 2816 79 41 the
893 2816 199 55 position
1120 2815 147 42 which
1294 2815 79 40 the
1401 2813 198 55 pictures
1629 2826 58 28 on
1715 2814 79 40 the
1822 2827 153 29 screen

349 2869 87 46 will
455 2881 123 47 show
597 2903 91 41 you
713 2892 81 54 (see
816 2892 72 54 fig.
912 2905 25 30 2
959 2892 89 42 and
1067 2892 58 54 3).

432 2952 94 48 The
561 2963 254 47 horizontal
849 2982 153 29 ramus
1036 2968 37 42 is
1107 2965 229 57 generally
1371 2966 240 55 depressed
1646 2967 92 42 and
1770 2967 61 42 its
1865 2966 112 44 ends

351 3029 72 37 are
460 3031 231 62 impacted
733 3044 47 43 in
819 3046 79 42 the
936 3050 90 38 two
1068 3042 243 56 ascending
1339 3043 126 42 rami.
1557 3044 41 41 If
1634 3059 83 28 one
1753 3044 106 44 does
1893 3048 83 37 not

349 3102 159 51 reduce
537 3117 81 43 the
648 3121 199 43 fracture
880 3121 330 44 consolidation
1241 3120 163 42 results
1435 3119 60 43 in
1514 3136 60 28 an
1604 3120 251 55 extremely
1884 3120 94 41 bad

350 3181 207 53 Position.
644 3197 194 56 Usually
864 3199 232 55 operative
1123 3197 295 43 interference
1444 3197 37 42 is
1494 3212 252 40 necessary
1772 3197 92 42 and
1895 3200 82 38 not

351 3250 163 66 always
547 3274 223 43 sufficient
805 3280 49 37 to
888 3275 293 54 successfully
1215 3273 100 43 deal
1348 3273 112 43 with
1493 3273 92 43 this
1619 3273 246 42 condition.
