2372 3900
461 421 76 44 12.8
846 433 61 30 LA
931 432 67 32 RE
998 432 270 32 STAURATION
1296 424 405 39 MAXILLO-FACIALE-

514 557 7 3 -
545 523 62 41 Le
622 502 150 75 metal
772 502 227 75 employe
1022 522 34 42 a.
1056 522 58 42 la.
1135 521 152 44 coulee
1311 521 112 42 etait
1445 502 178 73 1'argent
1623 502 140 73 allie
1785 520 38 41 a
1823 520 98 41 une
1943 519 145 55 legere

458 597 681 56 quantitedecuivre.
1371 592 31 44 -
1490 562 19 94 !
2064 615 7 2 -

623 2476 70 31 FIG.
718 2475 29 32 6.
775 2475 33 31 —
808 2475 68 31 A.
896 2476 79 41 P.,
993 2477 197 31 travailleur
1209 2478 79 30 civil
1305 2471 90 47 giec,
1416 2476 54 32 Oc
1489 2476 94 42 15/24
1603 2477 43 30 du
1660 2475 101 42 genie
1781 2475 152 39 français.

587 2528 253 77 Photographie
850 2529 101 77 prise
951 2529 50 77 le
1001 2529 50 77 24
1051 2529 84 77 juin
1135 2529 84 77 1918
1219 2529 72 77 et
1307 2567 170 28 montrant
1493 2566 30 29 la
1540 2566 152 37 position
1715 2566 40 28 de
1771 2564 173 40 l'appareil
1969 2568 49 33 en

526 2610 160 31 bouche.
706 2612 41 30 Le
766 2623 96 30 corps
877 2613 99 30 blanc
994 2613 120 30 visible
1132 2624 17 18 a
1165 2613 143 39 gauche,
1326 2605 91 46 pres
1417 2605 54 46 de
1471 2605 54 46 la
1525 2605 127 46 levre;
1652 2605 73 46 est
1725 2605 73 46 une
1798 2605 164 46 bonlette
1962 2605 58 46 de

535 2660 105 36 gutta
664 2659 203 41 protegeant
893 2661 29 28 la
945 2669 183 30 muqueusc
1155 2655 116 33 contre
1298 2658 47 30 le
1345 2658 207 30 frottenient
1579 2659 40 29 de
1645 2657 132 31 l'ecron
1801 2653 32 35 G
1857 2651 34 36 et
1918 2658 39 37 de
1981 2657 31 29 la

546 2704 51 29 vis
619 2704 41 30 D.
685 2705 136 41 (Cliche
842 2703 45 34 du
908 2708 144 29 dentiste
1076 2706 158 30 militaire
1260 2705 188 40 Gaignon.)

588 2767 234 44 (Photograph
840 2773 100 29 taken
961 2768 84 41 June
1069 2771 78 38 24th
1174 2770 76 41 1918
1276 2771 66 29 and
1363 2770 159 40 showing
1542 2771 150 39 position
1717 2770 40 30 of
1777 2773 178 37 apparatus
1979 2770 35 28 in

546 2815 62 61 the
620 2818 128 28 mouth.
768 2817 70 31 The
854 2820 108 31 white
984 2819 85 52 body
1069 2819 104 52 seen
1188 2822 36 26 to
1237 2816 67 40 tlie
1304 2816 95 40 left,
1416 2827 80 20 near
1517 2818 59 29 the
1597 2817 61 40 lip,
1677 2818 27 29 is
1726 2827 18 20 a
1767 2817 69 30 ball
1861 2816 39 30 of
1918 2809 98 47 gutta

548 2862 108 37 percha
656 2862 63 37 to
730 2868 134 35 protect
875 2867 58 29 the
949 2869 135 27 mucosa
1099 2865 87 31 from
1200 2865 58 29 the
1272 2865 146 39 rubbing
1431 2863 40 31 of
1481 2860 58 33 the
1554 2862 73 31 bolt
1642 2864 32 29 G
1689 2864 66 29 and
1766 2862 71 39 the
1837 2862 107 39 screw
1944 2862 72 39 D.)

549 3049 67 42 La
642 3050 237 47 reduction
909 3071 26 26 a
965 3056 91 43 ete
1056 3056 206 43 obtenue
1290 3053 253 44 lentement
1573 3068 59 28 au
1659 3066 168 43 moyen
1858 3053 54 42 de
1941 3041 70 57 vis
2045 3049 51 55 (C

462 3128 63 56 et
525 3128 85 56 D).

536 3198 98 51 Les
662 3207 121 42 deux
809 3208 167 52 parties
992 3211 66 41 de
1085 3214 120 38 cette
1233 3206 156 45 attelle
1410 3208 270 55 metallique
1706 3208 186 42 robuste
1910 3205 200 42 etaient

460 3285 179 44 stellees
664 3298 56 28 en
744 3284 189 50 bouche,
959 3286 109 57 sauf
1068 3286 132 57 pour
1215 3286 47 43 le
1276 3285 226 51 bandeau-
1502 3285 76 51 E.
