2375 3894
450 434 50 42 72
840 434 56 29 LA
923 433 340 32 RESTAURATION
1291 435 406 29 MAXILLO-FACIALE

539 520 128 50 Mais,
692 521 158 55 depuis
872 521 44 42 la
937 535 170 41 guerre,
1132 537 71 28 ces
1226 519 214 59 procédés
1464 526 81 39 ont
1567 522 92 55 pris
1681 536 88 28 une
1791 522 105 42 telle
1917 522 167 55 impor-

453 603 133 36 tance
610 598 113 41 dans
746 597 39 42 le
809 599 265 43 traitement
1099 602 77 42 des
1199 600 222 42 blessures
1445 601 77 41 des
1546 599 273 42 maxillaires
1844 614 101 40 que,
1972 600 113 41 dans

452 677 105 39 tous
584 673 62 42 les
673 688 127 41 pays,
828 675 33 40 il
887 690 55 28 en
969 681 67 39 est
1062 677 188 43 découlé
1275 676 45 42 la
1347 676 201 44 création
1575 676 137 42 d'une
1737 675 223 44 véritable
1986 676 98 54 spé-

455 750 151 42 cialité
637 751 176 53 nouvelle
813 751 60 53 :
912 752 25 44 «
937 752 52 44 la
1023 753 229 55 Chirurgie
1284 752 294 56 prothétique
1610 753 350 48 maxillo-façiale
1960 753 66 48 ».

544 827 61 42 Et
635 826 63 45 les
729 826 135 53 idées,
898 830 114 42 dans
1043 845 48 28 ce
1124 829 223 51 domaine,
1382 833 103 39 sont
1518 830 226 44 devenues
1776 831 37 42 si
1844 829 267 56 classiques,

459 902 109 54 qu'il
593 904 135 42 serait
764 905 104 43 bien
892 905 160 45 inutile
1085 907 328 43 certainement
1448 907 55 41 de
1538 920 115 29 vous
1682 906 65 44 les
1778 907 219 56 rappeler.
2033 907 55 53 Je

456 993 72 28 me
562 994 192 41 propose
786 982 249 44 seulement
1075 984 210 42 d'attirer
1323 987 131 47 votre
1494 984 230 41 attention
1763 999 76 27 sur
1872 983 218 55 quelques

457 1056 153 56 points
630 1057 215 59 spéciaux
865 1065 274 38 concernant
1158 1061 42 42 le
1218 1060 268 43 traitement
1507 1061 79 42 des
1604 1061 223 42 fractures
1847 1061 63 42 du
1929 1058 162 44 maxil-

458 1133 108 42 laire
592 1133 224 53 inférieur,
846 1141 44 38 et
918 1137 121 43 aussi
1065 1138 54 42 de
1145 1152 115 28 vous
1285 1141 240 52 rapporter
1550 1137 126 55 quels
1702 1138 215 49 résultats
1942 1136 148 42 m'ont

462 1210 186 52 donnés,
688 1226 115 41 pour
843 1213 63 43 les
952 1228 75 29 cas
1070 1215 55 43 de
1166 1214 367 57 pseudarthrose,
1575 1214 64 43 les
1680 1215 160 54 greffes
1883 1228 87 41 que
2013 1211 81 55 j'ai

461 1285 271 57 pratiquées.

1267 1403 23 25 *

1224 1430 24 25 *
1305 1430 25 25 *

553 1600 75 42 Un
651 1601 78 42 des
752 1598 154 58 points
932 1614 76 30 sur
1034 1599 194 54 lesquels
1249 1603 105 38 tout
1387 1599 40 42 le
1454 1601 168 41 monde
1646 1605 68 38 est
1738 1601 224 48 d'accord,
1988 1601 110 42 c'est

468 1688 86 42 que
592 1680 112 41 toute
739 1675 188 53 fracture
963 1675 50 41 de
1050 1674 43 43 la
1129 1674 216 43 mâchoire
1381 1675 235 53 inférieure
1653 1677 97 43 doit
1788 1678 94 42 être
1918 1678 179 49 traitée,

469 1752 194 42 aussitôt
701 1766 87 40 que
824 1751 210 58 possible,
1072 1752 27 41 à
1135 1751 135 42 l'aide
1308 1752 109 41 d'un
1455 1754 207 56 appareil
1662 1754 69 56 de
1731 1754 253 56 prothèse,
2023 1769 79 28 car

469 1828 110 43 c'est
608 1828 40 41 le
675 1827 203 44 meilleur
907 1841 167 42 moyen
1108 1828 228 42 d'obtenir
1365 1843 88 28 une
1486 1830 151 42 bonne
1670 1832 273 42 contention
1968 1837 45 38 et
2045 1833 55 41 de

469 1904 187 42 rétablir
685 1916 55 29 en
767 1903 146 45 même
940 1907 152 51 temps
1120 1904 223 42 l'articulé
1372 1906 190 41 normal.

558 1980 115 44 Mais
704 1981 112 43 dans
847 1979 194 45 certains
1071 1995 75 28 cas
1184 1982 59 40 où
1279 1980 32 41 il
1339 1981 118 42 n'est
1488 1996 81 41 pas
1601 1982 195 56 possible
1827 1984 219 43 d'arriver
2074 1986 27 40 à

473 2072 49 28 ce
561 2058 165 43 double
764 2058 205 50 résultat,
1012 2071 87 41 que
1136 2056 150 45 faut-il
1328 2058 167 54 préférer
1495 2058 57 54 :
1593 2059 44 42 la
1675 2061 331 42 consolidation
2045 2074 60 28 ou

473 2134 247 44 l'articulé?

561 2214 62 42 Le
662 2212 197 45 dentiste
899 2228 27 27 a
963 2217 104 51 trop
1106 2211 225 44 tendance
1369 2212 27 41 à
1434 2211 285 56 n'envisager
1758 2227 87 41 que
1883 2212 222 44 l'articulé

473 2291 354 43 contrairement
856 2304 59 28 au
941 2289 255 56 chirurgien
1224 2303 87 41 que
1339 2290 304 55 préoccupera
1669 2294 182 38 surtout
1878 2290 45 42 la
1950 2303 156 29 conso-

474 2366 204 45 lidation.
711 2369 38 41 Il
776 2368 134 43 m'est
939 2367 159 49 arrivé,
1121 2366 196 44 maintes
1339 2365 98 50 fois,
1461 2366 57 42 de
1540 2371 231 38 constater
1795 2381 88 40 que
1909 2367 78 42 des
2013 2366 93 42 chi-

475 2445 200 54 rurgiens
713 2445 185 43 avaient
935 2444 212 59 pratiqué
1183 2444 45 41 la
1264 2446 157 39 suture
1460 2456 192 37 osseuse,
1690 2445 147 41 même
1876 2444 114 42 dans
2029 2442 77 42 des

477 2533 74 29 cas
570 2521 54 42 de
642 2526 126 51 perte
788 2523 54 42 de
861 2522 243 43 substance
1124 2520 54 42 de
1196 2522 105 40 tout
1318 2517 109 43 l'arc
1446 2519 228 42 antérieur
1692 2520 55 42 de
1764 2520 44 44 la
1826 2518 278 45 mandibule.

480 2598 117 50 Leur
625 2601 99 50 but,
761 2601 79 55 qui
884 2601 114 42 était
1039 2596 228 46 d'obtenir
1308 2596 46 41 la
1400 2596 346 51 consolidation,
1780 2597 114 42 était
1924 2596 182 47 atteint,

479 2679 157 47 certes,
668 2678 116 44 mais
816 2692 110 29 avec
958 2692 63 28 un
1052 2675 192 44 résultat
1277 2671 340 58 pratiquement
1651 2674 272 55 déplorable,
1957 2686 78 29 car
2064 2671 46 43 la

481 2752 304 48 déformation
825 2754 290 43 consécutive
1158 2751 113 43 était
1312 2749 234 42 tellement
1589 2750 309 42 considérable
1941 2764 87 40 que
2070 2750 41 40 le

480 2829 121 55 sujet
630 2842 56 28 ne
715 2818 191 66 pouvait
936 2832 184 49 utiliser,
1148 2842 117 44 pour
1284 2840 197 40 manger,
1504 2840 82 28 son
1609 2827 250 42 maxillaire
1883 2825 227 44 consolidé

485 2908 91 57 (fig-
608 2904 57 55 1).

571 2984 327 48 Inversement,
924 2983 80 54 j'ai
1027 2999 64 28 vu
1114 2985 40 43 le
1179 2999 76 28 cas
1281 2984 59 42 où
1365 2981 78 43 des
1468 2980 234 50 dentistes,
1730 2980 215 43 soucieux
1970 2983 142 39 avant

482 3067 106 43 tout
622 3058 227 46 d'obtenir
880 3072 63 30 un
973 3060 93 43 bon
1099 3061 202 51 articulé,
1336 3057 186 44 avaient
1557 3057 225 44 contrarié
1811 3057 41 42 le
1880 3070 234 42 processus

484 3138 226 63 spontané
732 3133 335 57 d'ostéogénèse
1090 3152 84 41 par
1193 3134 314 60 l'application
1530 3134 273 57 d'appareils
1828 3133 79 56 qui
1930 3133 185 43 avaient

482 3214 452 61 intempestivement
969 3215 214 54 empêché
1224 3209 44 48 la
1302 3211 190 45 réunion
1528 3212 78 42 des
1641 3213 251 53 fragments
1928 3215 46 37 et
2009 3224 105 28 con-

485 3299 102 53 duit
624 3299 26 41 à
692 3308 89 30 une
815 3288 363 60 pseudarthrose,
1214 3293 221 42 obtenant
1477 3288 114 50 ainsi
1627 3303 63 27 un
1729 3288 193 42 résultat
1967 3286 148 43 moins
