2369 3876
467 415 50 48 (J8
856 422 55 29 LA
939 422 334 32 KESTAURATION
1304 424 402 29 MAXILLO-FACIALE

466 522 76 28 sur
567 523 49 27 ce
643 509 207 54 moulage
877 524 61 28 un
965 512 233 55 modelage
1225 526 55 27 en
1307 511 88 42 cire
1422 512 62 41 du
1509 510 115 42 tissu
1650 511 63 41 tel
1740 511 110 54 qu'il
1877 509 97 43 doit
2001 510 94 40 être

466 585 275 41 reconstitué
776 586 90 54 (fig.
901 587 87 54 36).
1022 589 144 55 Après
1197 588 120 55 quoi,
1352 602 88 27 une
1471 587 150 42 feuille
1652 586 171 43 d'étain
1856 586 239 55 appliquée

466 670 76 27 sur
572 670 49 27 ce
652 656 233 55 modelage
921 658 89 55 (fig.
1045 661 71 54 37)
1152 675 70 28 me
1255 660 148 41 donne
1436 658 284 42 strictement
1751 658 40 42 le
1822 657 179 56 gabarit
2034 656 61 42 du

465 731 210 43 lambeau
699 734 27 41 à
750 734 202 54 prélever
979 736 91 55 (fig.
1096 738 89 54 38).

1270 892 23 25 *

1232 920 23 24 *
1306 920 23 24 *

897 1062 50 47 40
980 1057 253 41 PROTHÈSE
1266 1068 58 29 ET
1355 1057 423 40 OPHTALMOLOGIE.

554 1183 419 56 L'ophtalmologie,
1003 1188 203 53 pendant
1232 1187 44 42 la
1301 1201 171 40 guerre,
1496 1201 116 27 aura
1637 1186 298 55 grandement
1962 1183 132 42 béné-

469 1260 109 50 ficié,
605 1261 80 42 elle
710 1262 133 50 aussi,
870 1263 78 41 des
972 1264 301 54 applications
1297 1265 55 41 de
1375 1264 44 41 la
1442 1264 224 54 prothèse.

554 1336 54 56 Je
634 1353 55 27 ne
716 1352 114 29 vous
856 1340 191 54 parlerai
1074 1340 129 55 point
1231 1341 55 41 de
1312 1341 44 41 la
1375 1340 217 55 question
1619 1340 37 42 si
1682 1339 278 56 importante
1988 1342 44 38 et
2060 1335 36 43 si

466 1429 146 28 neuve
644 1417 55 41 de
730 1416 44 41 la
805 1416 211 54 prothèse
1048 1417 208 48 oculaire,
1290 1431 91 27 non
1414 1416 101 55 plus
1548 1430 86 40 que
1668 1417 61 41 du
1760 1415 224 54 calibrage
2018 1414 77 41 des

466 1492 172 41 cavités
664 1491 331 42 d'énucléation
1022 1492 45 41 ni
1094 1494 54 40 de
1173 1493 44 41 la
1243 1491 216 43 réfection
1486 1493 78 41 des
1589 1492 283 42 culs-de-sac.
1902 1492 54 53 Je
1982 1502 113 30 vous

468 1567 114 42 dirai
613 1567 301 55 simplement,
950 1583 55 26 en
1038 1573 202 49 passant,
1277 1582 86 40 que
1396 1582 114 27 nous
1544 1582 142 39 avons
1719 1568 92 54 pris
1843 1567 253 42 l'habitude

468 1645 55 41 de
550 1644 150 55 placer
726 1659 87 26 une
841 1643 115 42 olive
985 1659 54 26 en
1067 1645 322 54 gutta-percha
1416 1645 112 40 dans
1556 1645 62 41 les
1646 1645 171 41 cavités
1845 1644 251 42 d'énucléa-

467 1720 97 43 tion
592 1735 115 41 pour
735 1721 144 41 éviter
905 1721 96 41 leur
1029 1721 259 41 rétraction.

556 1798 60 40 Et
642 1798 44 53 je
712 1812 120 27 veux
859 1797 152 55 plutôt
1038 1812 114 27 vous
1179 1800 232 52 présenter
1437 1813 61 27 un
1525 1799 142 41 blessé
1696 1798 77 54 qui
1801 1798 125 42 avait
1954 1798 143 55 perdu

468 1873 43 42 la
539 1873 213 55 paupière
781 1873 236 43 inférieure
1046 1889 54 26 en
1130 1874 143 42 entier
1301 1875 114 41 ainsi
1444 1874 166 55 qu'une
1640 1875 145 54 partie
1815 1876 54 41 de
1898 1875 43 42 la
1969 1875 125 54 joue;

468 1965 82 41 par
582 1950 204 49 surcroit,
822 1950 39 42 le
895 1950 123 42 sinus
1052 1951 249 42 maxillaire
1336 1951 112 42 était
1484 1957 160 37 ouvert
1683 1952 90 54 (fig.
1811 1952 87 54 39).
1937 1952 84 41 Sur
2054 1949 43 42 la

469 2029 140 54 figure
637 2038 55 43 40
722 2041 114 27 vous
866 2027 321 50 reconnaissez,
1218 2028 43 54 je
1291 2042 150 41 pense,
1474 2043 61 26 un
1565 2028 201 55 appareil
1796 2027 246 43 semblable
2071 2026 26 40 à

469 2105 114 43 celui
613 2119 100 40 que,
747 2105 112 41 dans
891 2119 60 26 un
983 2110 128 37 autre
1143 2119 88 34 cas,
1264 2119 115 27 nous
1409 2104 160 43 avions
1599 2105 179 55 disposé
1808 2119 115 41 pour
1953 2104 145 42 éviter

468 2182 43 43 la
541 2183 136 41 chute
709 2181 55 42 de
794 2181 43 42 la
867 2182 104 54 joue
1003 2184 45 40 et
1080 2181 150 56 qu'ici,
1255 2196 113 27 nous
1393 2196 143 28 avons
1563 2181 214 56 appliqué
1809 2183 129 54 après
1970 2179 128 44 avoir

468 2259 211 56 pratiqué
712 2272 87 28 une
832 2258 382 56 blépharoplastie
1248 2260 25 40 à
1308 2257 133 44 l'aide
1476 2259 62 41 du
1571 2257 221 56 classique
1826 2258 211 41 lambeau
2070 2256 27 40 à

468 2336 204 56 pédicule
701 2336 237 54 temporal.

555 2414 54 54 Je
639 2427 114 29 vous
783 2412 94 56 prie
908 2414 55 41 de
994 2413 208 54 regarder
1231 2412 439 55 comparativement
1701 2411 43 42 la
1775 2412 140 54 figure
1944 2423 54 42 41
2032 2423 64 28 re-

469 2493 263 52 présentant
765 2506 60 26 un
856 2491 144 42 blessé
1031 2505 121 27 venu
1182 2495 105 49 trop
1319 2490 105 41 tard
1455 2490 26 42 à
1513 2489 209 55 l'hôpital
1754 2503 54 28 en
1840 2502 88 28 vue
1961 2487 136 42 d'une

470 2569 302 42 restauration
813 2567 239 56 plastique.
1097 2568 61 40 Le
1200 2567 190 40 résultat
1432 2566 155 54 acquis
1628 2567 26 41 à
1696 2580 48 28 ce
1785 2570 204 37 moment
2030 2566 67 40 est

469 2646 206 41 mauvais
704 2646 191 54 puisque
924 2645 108 40 l'œil
1063 2644 119 41 droit
1212 2647 69 37 est
1311 2644 26 39 à
1367 2655 24 39 3
1423 2642 289 42 centimètres
1741 2642 265 41 au-dessous
2037 2640 61 41 du

470 2719 165 42 niveau
664 2722 54 40 de
747 2721 109 41 l'œil
884 2721 186 55 gauche.
1104 2721 152 54 Voyez
1287 2718 174 42 ensuite
1491 2718 63 42 les
1584 2719 162 54 figures
1776 2731 54 41 42
1862 2723 45 37 et
1937 2730 42 42 43
1979 2730 43 42 :
2055 2716 43 40 la

470 2796 233 54 chirurgie,
737 2797 126 42 aidée
896 2798 54 41 de
983 2798 43 41 la
1058 2797 225 55 prothèse,
1319 2809 27 26 a
1378 2796 156 53 essayé
1566 2795 55 41 de
1655 2795 192 54 corriger
1879 2791 219 45 secondai-

470 2876 159 38 rement
652 2878 119 37 cette
796 2874 323 50 déformation;
1146 2874 81 42 elle
1250 2872 79 55 n'y
1355 2876 67 37 est
1448 2871 171 41 arrivée
1652 2886 86 39 que
1771 2871 323 55 partiellement.

470 2950 60 41 Et
569 2962 114 28 vous
722 2949 247 51 estimerez,
1008 2952 42 54 je
1090 2966 151 41 pense,
1286 2963 87 42 que
1412 2948 41 42 le
1495 2948 191 42 résultat
1730 2954 68 37 est
1843 2948 255 43 infiniment

471 3026 202 43 meilleur
705 3028 154 51 quand
888 3028 42 40 la
966 3030 219 54 chirurgie
1222 3026 244 44 intervient
1511 3030 44 37 et
1593 3039 85 40 que
1714 3026 43 41 la
1792 3026 210 55 prothèse
2032 3027 65 39 est

470 3103 238 56 appliquée
741 3102 24 40 à
795 3106 159 51 temps.

1273 3234 21 23 *

1226 3263 21 23 *
1316 3262 22 23 *
