2363 3891
465 420 74 42 140
853 421 56 30 LA
936 422 344 34 RESTAURATION
1280 422 425 34 MAXILLO-FAClALE

678 3296 184 35 Bordeaux.
885 3316 46 8 —
951 3300 230 43 Imprimeries
1205 3301 219 39 GOUKOUILBOU
1424 3301 55 39 J
1502 3309 88 32 9-11,
1612 3310 59 22 rue
1696 3299 187 34 Guiraude.

741 738 73 36 Cet
846 738 121 38 index
1001 740 355 47 bibliographique,
1392 737 107 40 dont
1499 737 130 40 nous
1662 752 103 25 nous
1798 752 89 35 pro-

664 819 146 36 posons
832 811 51 35 de
904 811 236 45 poursuivre
1161 813 39 35 la
1222 798 260 59 publication,
1508 806 154 41 devant
1683 811 206 46 présenter

663 878 189 38 d'autant
878 881 90 46 plus
995 881 190 47 d'intérêt
1212 881 99 48 qu'il
1339 892 87 25 sera
1453 881 91 46 plus
1570 882 187 46 complet,
1779 890 110 28 nous

664 951 135 46 prions
824 963 74 25 nos
925 952 197 37 confrères
1148 953 70 47 qui
1245 952 183 37 auraient
1454 952 137 47 publié
1618 954 70 35 des
1714 955 174 34 travaux

664 1025 50 34 de
746 1024 92 36 bien
869 1025 157 35 vouloir
1057 1035 101 26 nous
1158 1035 82 26 en
1273 1026 154 34 donner
1458 1017 250 54 l'indication
1740 1024 150 46 précise

663 1105 102 36 pour
783 1094 127 37 éviter
929 1097 147 34 autant
1094 1106 80 36 que
1193 1094 173 48 possible
1384 1097 117 34 toute
1518 1095 204 36 omission.

742 1614 96 36 This
869 1614 331 46 bibliographical
1227 1614 122 36 index
1381 1613 133 36 whose
1546 1614 247 46 publication
1830 1624 59 27 we

664 1685 141 36 intend
817 1686 44 34 to
875 1687 100 44 keep
988 1695 65 33 on,
1066 1684 81 35 will
1163 1685 52 35 be
1232 1683 43 36 of
1292 1696 25 24 a
1336 1666 151 79 greater
1487 1666 190 79 interest
1695 1696 46 25 as
1758 1685 35 36 it
1811 1685 80 35 will

666 1756 165 36 become
856 1765 111 25 more
991 1754 209 47 complete.

741 1825 213 38 Therefore
980 1836 60 26 we
1066 1826 74 36 ask
1166 1824 43 37 of
1234 1835 74 25 our
1335 1825 34 46 «
1369 1825 170 46 confreres
1539 1825 69 46 w,
1637 1826 91 37 who
1755 1820 132 44 would

667 1896 104 36 have
795 1896 131 36 issued
953 1906 109 26 some
1086 1897 142 43 works,
1255 1897 44 33 to
1324 1896 51 35 be
1401 1906 42 27 so
1469 1885 98 48 kind
1592 1908 45 26 as
1661 1899 46 34 to
1731 1897 91 46 give
1847 1909 48 25 us

669 1966 52 37 all
755 1966 278 37 informations
1067 1966 127 36 about
1228 1966 124 44 them,
1388 1966 43 36 in
1464 1968 118 40 order
1614 1971 45 33 to
1694 1968 120 38 avoid
1849 1980 50 27 as

665 2037 120 37 much
810 2048 45 27 as
880 2037 173 48 possible
1077 2049 82 36 any
1184 2037 205 37 omission.

561 3072 45 31 LA
635 3070 260 38 RBSTAURATION
918 3076 335 33 MAXILLO-FACIALE
1278 3080 52 26 est
1358 3084 66 22 une
1449 3076 135 31 tribune
1611 3076 103 38 libre;
1741 3076 48 31 les
1812 3076 200 42 signataires
2042 3063 59 41 des

470 3121 134 31 articles
626 3122 35 27 et
684 3119 48 31 les
752 3125 199 31 annonciers
971 3125 146 42 gardent
1138 3123 153 32 l'entière
1314 3123 258 41 responsabilite
1596 3123 42 32 de
1660 3124 89 31 leurs
1770 3122 260 43 appreciations.

1235 3216 505 34 L'Administrateur-Girant:
1762 3218 45 32 H.
1826 3216 187 39 V1JLLAIN.
