2357 3870
1093 283 106 41 XIV
1224 306 56 6 —
1309 296 24 28 2
1351 307 27 5 -
1398 295 105 40 1919

436 390 202 102 rr

524 500 642 137 Emile
1276 496 844 141 LINET

798 695 85 54 17,
925 707 110 31 rue
1073 695 75 42 de
1193 694 257 55 lOdeon,
1489 694 165 43 Paris
1693 697 143 46 (Vie)

1225 801 346 42 Téléphone
1599 803 264 33 Fleurus
1889 803 123 36 10-49

588 992 488 150 LØBDRDIOIRE
1128 996 90 128 DE
1272 980 364 164 PRQIHESE
1692 996 353 146 DENTRIRE

689 1248 286 61 EXECUTION
1014 1258 253 51 PARFAITE
1305 1259 66 49 DE
1407 1258 131 50 TOUS
1576 1259 89 49 LES
1702 1258 238 51 TRAVAUX

506 1355 111 58 Or,
648 1355 469 59 Caoutchouc,
1153 1357 424 55 Porcelaine,
1609 1355 357 59 Celluloid,
1996 1361 130 45 etc.

599 1552 110 60 La
763 1551 195 59 Dent
1135 1545 246 68 LINET
1552 1567 47 50 <
1599 1567 165 50 Marque
1764 1567 260 50 frangaise)
2171 1533 20 74 II

706 1655 54 34 LA
782 1654 106 35 PLUS
907 1654 127 35 JOLIE
1054 1654 55 34 ET
1130 1654 54 35 LA
1208 1655 104 34 PLUS
1334 1654 156 34 SOLIDE
1513 1654 57 35 DU
1590 1655 161 34 MONDE
1774 1655 160 37 ENTlER

1070 1722 140 28 Uslne
1241 1720 26 29 a
1300 1713 250 36 Versailles

579 1872 331 58 Fabrication
956 1872 268 69 frangaise
1276 1871 91 59 des
1412 1873 337 59 Fournitures
1790 1873 266 59 dentaires

724 2059 443 52 Caoutchouc
1209 2059 317 52 dentaire
1570 2059 345 54 "LINET"

509 2155 141 40 Qualite
677 2157 217 42 superieure.
932 2156 77 35 Prix
1035 2167 92 32 pour
1157 2157 32 34 le
1221 2157 225 35 caoutchouc
1473 2159 95 39 base,
1605 2158 31 32 la
1664 2159 109 40 bolte,
1808 2152 29 35 7
1864 2155 165 32 francs
2055 2163 72 31 net.

814 2250 321 70 Appareil
1184 2242 641 63 "LÉBÉDINSKY"

1036 2337 86 36 Pour
1149 2337 276 46 mecanotherapie
1452 2337 142 36 buccale.

506 2417 218 35 Traitement
751 2416 44 34 de
821 2415 30 34 la
871 2416 235 33 constriction
1127 2415 63 34 des
1210 2414 199 35 machoires
1427 2409 187 45 (trismus).
1643 2415 98 35 Prix:
1767 2410 71 37 45
1863 2413 165 33 francs
2054 2421 71 31 net.

720 2579 56 41 En
802 2575 290 59 preparation:
1119 2576 285 43 OUTIIiIiflGES
1431 2578 39 40 et
1497 2574 227 51 PflODUITS
1752 2576 161 51 DIVERS

647 2756 174 52 LES
887 2753 470 53 ANNALES
1418 2754 569 52 DENTAIRES

878 2857 45 31 et
950 2853 453 34 PUBLICATIONS
1431 2851 323 35 CONNEXES

554 2995 495 60 PROTHESE
1106 3005 475 48 DEHTRIRE
1638 3005 451 49 MODERHE

976 3086 170 38 Volume
1175 3085 144 38 Album
1351 3097 96 35 paru
1479 3096 46 26 en
1559 3085 100 37 1914

623 3151 156 50 Edition
800 3163 48 38 de
867 3163 124 49 grand
1014 3162 87 38 luxe
1123 3162 218 38 richement
1362 3160 128 38 reliée.
1516 3161 72 38 Prix
1588 3161 44 38 :
1665 3165 58 36 15
1750 3167 163 33 francs
1934 3166 80 34 net.

516 3313 218 40 Numeros
767 3310 327 53 exceptionnels
1126 3311 55 38 de
1213 3310 37 39 la
1281 3322 156 40 guerre
1471 3307 117 40 ANN
1588 3307 177 40 ALUS
1786 3282 409 112 DENTAIRES

1016 3386 71 32 Prix
1087 3386 44 32 :
1160 3384 33 37 3
1219 3387 164 31 francs
1409 3385 32 30 le
1467 3386 729 66 numero.

2116 3454 76 78 J
