2434 3880
587 467 377 31 PSEUDARTHROSE
994 471 61 27 DU
1084 470 273 29 MAXILLAIRE
1386 461 246 40 INFÉRIEUR
1852 472 72 39 133

376 541 73 42 Cet
475 549 200 51 équilibre
700 554 106 38 dans
829 556 42 37 la
895 553 184 52 position
1104 555 24 38 à
1153 566 82 39 peu
1259 556 95 49 près
1380 557 186 39 normale
1592 556 72 39 des
1692 557 235 50 -fragments-

298 598 30 46 n
328 598 77 46 cst
434 615 78 46 pas
541 619 151 39 trouvé
712 618 58 52 (').
803 619 59 38 Le
888 619 93 39 seul
1011 618 201 52 équilibre
1241 618 182 51 possible
1455 626 63 34 est
1550 621 216 39 tellement
1805 632 121 39 para-

299 663 133 56 doxal,
458 689 34 26 si
515 686 96 44 peu
623 696 50 25 en
697 683 221 45 occlusion,
946 684 81 50 que
1050 696 105 26 nous
1179 694 45 40 y
1224 694 249 40 renonçons.

377 735 35 39 Il
439 741 121 54 s'agit
587 748 235 50 cependant
850 749 52 39 de
928 748 103 40 faire
1056 762 82 26 une
1164 747 196 52 prothèse
1387 749 72 50 qui
1487 751 182 50 réponde
1695 763 84 26 aux
1815 750 110 38 deux

298 801 231 46 Conditions
557 813 186 39 suivantes
743 813 56 39 :
829 814 51 37 i°
903 813 74 39 elle
1004 813 92 40 doit
1122 819 141 48 rester
1277 813 96 39 bien
1400 815 214 50 appliquée
1614 815 107 50 sur
1745 813 37 39 le
1816 814 108 51 petit

1034 1531 78 30 Fig.
1112 1531 48 30 1.

417 1612 163 44 Légende.
597 1637 41 3 —
657 1629 26 19 1.
700 1619 91 29 Axes
808 1619 40 29 de
867 1619 30 29 la
914 1620 51 28 vis
981 1629 74 20 saus
1070 1619 58 30 fin.
1149 1637 35 5 —
1204 1630 28 18 2.
1251 1619 126 30 Carter.
1394 1638 46 4 —
1455 1630 30 29 }.
1503 1618 140 30 Chariot
1658 1616 93 31 fileté
1768 1626 77 20 cou-

377 1665 73 26 rant
465 1674 55 19 sur
533 1665 32 30 la
582 1667 61 28 vis.
662 1684 40 3 —
724 1675 27 28 4.
772 1666 83 29 Tête
873 1666 40 29 de
932 1667 50 28 vis
998 1669 207 37 permettant
1218 1667 31 29 la
1267 1667 207 29 commande.
1497 1685 39 2 -
1563 1677 25 26 5.
1612 1660 171 35 13alancier
1801 1664 43 31 du

376 1712 248 30 porte-ressort.
643 1730 40 5 —
700 1712 28 29 6.
749 1712 77 30 Axe
841 1712 44 30 du
900 1716 238 36 porte-ressort
1154 1713 104 30 soudé
1276 1724 53 19 sur
1345 1714 141 30 chariot.

298 1847 206 61 fragment
531 1868 161 44 édenté,
722 1866 134 52 quelle
883 1879 81 38 que
990 1866 82 39 soit
1098 1868 40 37 la
1162 1867 187 52 position
1375 1867 51 39 de
1453 1866 40 38 là
1516 1865 231 47 mâchoire;
1774 1869 57 36 2°
1857 1863 75 39 elle

300 1926 49 30 ne
371 1925 89 41 doit
481 1944 79 37 pas
581 1931 139 39 irriter
740 1930 59 39 les
821 1932 123 38 dents
968 1933 56 38 du
1048 1933 133 49 grand
1203 1933 209 50 fragment
1442 1943 79 40 par
1554 1932 72 38 des
1660 1930 130 51 petits
1812 1942 117 26 mou-

299 1987 188 44 vements
513 1995 53 39 de
592 1993 171 43 bascule
789 1983 293 63 constamment
1082 1983 220 63 répétés.
1724 2038 8 10 ,

377 2052 206 50 Jourdain
602 2073 106 27 nous
726 2072 178 39 propose
924 2059 218 52 l'appareil
1160 2059 204 52 classique
1385 2058 24 41 a
1430 2062 155 37 ressort
1613 2057 206 40 ordinaire
1836 2056 93 41 uni-

297 2106 157 62 latéral,
478 2124 25 38 à
525 2125 171 50 gauche,
720 2124 107 40 mais
849 2127 120 48 après
982 2125 228 38 recherche
1233 2125 51 38 de
1304 2124 233 40 l'insertion
1560 2123 220 40 inférieure
1811 2122 51 38 de
1884 2133 47 26 ce

890 2633 102 33 FIG.
992 2633 40 33 2
1032 2633 40 33 -
1072 2633 84 33 Vu
1181 2633 40 30 de
1246 2632 86 32 côté.

294 2803 156 50 ressort
470 2819 54 27 au
543 2819 155 37 moyen
718 2805 102 40 d'un
839 2804 109 52 petit
968 2804 212 52 dispositif
1200 2803 84 38 fort
1302 2801 223 52 ingénieux
1547 2813 82 39 que
1656 2813 106 28 nous
1797 2801 134 40 allons

300 2858 154 51 décrire
480 2874 96 37 tout
605 2872 25 37 à
657 2870 168 40 l'heure.
857 2870 54 39 Ce
939 2867 211 53 dispositif
1176 2870 161 48 permet
1367 2866 52 39 de
1452 2866 193 51 déplacer
1673 2879 51 26 en
1750 2866 178 47 bouche,

300 2923 103 45 dans
433 2949 60 26 un
523 2935 100 52 plan
654 2934 409 51 antéro-postérieur,
1086 2936 112 36 cette
1226 2930 204 39 insertion
1450 2929 221 41 inférieure
1692 2930 58 40 du
1776 2936 155 35 ressort

300 2990 40 35 et
368 3008 77 38 par
471 3002 259 48 conséquent
751 2999 51 42 de
825 2998 191 41 modifier
1040 3010 46 27 sa
1117 2994 190 53 pression
1334 2995 169 51 jusqu'à
1536 3008 46 26 ce
1612 3008 81 39 que
1723 2994 57 42 les
1816 2997 113 40 deux

299 3060 234 44 Conditions
555 3066 201 38 énoncées
775 3064 97 51 plus
890 3065 107 39 haut
1019 3075 43 26 se
1081 3063 200 38 trouvent
1304 3059 202 40 réalisées.

378 3125 132 44 Notre
531 3130 121 52 point
675 3128 304 53 d'application
1001 3129 98 38 chez
1120 3127 78 38 B.
1224 3139 25 25 a
1272 3126 66 38 été
1361 3127 151 42 trouvé
1535 3139 51 26 en
1614 3125 104 40 trois
1741 3128 187 45 séances;

300 3180 28 40 il
350 3195 63 34 est
436 3194 108 41 situé
568 3208 58 26 un
647 3207 83 39 peu
754 3208 52 25 en
828 3198 131 36 avant
983 3194 51 38 de
1057 3191 333 51 l'emplacement
1414 3191 51 39 de
1490 3192 59 49 g4;
1573 3190 29 38 il
1632 3195 63 35 est
1717 3191 97 52 plus
1836 3204 93 38 rap-

359 3325 44 41 (l)
417 3328 235 36 Restauration
670 3329 294 39 maxillo-fctciale,
983 3336 37 24 11"
1037 3330 29 38 8,
1085 3329 183 30 novembre
1289 3338 88 30 1917,
1397 3339 31 29 p.
1449 3337 71 30 377,
1539 3327 122 39 figures
1679 3337 15 29 7
1713 3331 34 26 et
1763 3327 32 29 8.
