2360 3903
464 453 78 39 106
857 464 55 29 LA
941 466 336 30 RESTAURATION
1305 467 405 29 MAXILLO-FAC1ALE

465 549 187 42 réflexes
687 563 82 41 par
802 552 200 42 réaction
1036 554 269 43 musculaire
1341 554 53 41 de
1430 554 193 41 défense.
1662 555 83 41 Les
1780 554 317 42 constrictions

467 625 266 55 organiques
773 641 55 28 ne
868 634 102 37 sont
1011 631 351 42 ordinairement
1403 644 81 41 pas
1525 630 76 42 des
1641 630 162 43 lésions
1845 632 54 40 de
1940 631 154 44 début,

465 706 45 38 et
549 716 58 27 on
644 703 96 42 voit
778 703 345 55 journellement
1162 709 77 42 des
1277 708 165 42 blessés
1481 706 168 43 arriver
1687 721 108 28 avec
1835 708 53 41 de
1927 718 170 44 grosses

464 778 284 44 mutilations
785 796 103 29 sans
926 786 230 53 présenter
1192 786 54 41 de
1284 788 309 47 contracture;
1631 800 49 27 ce
1717 785 116 42 n'est
1872 800 86 40 que
1996 784 100 55 plus

464 857 105 40 tard
608 871 85 40 que
733 858 42 42 la
814 862 293 43 constriction
1148 861 245 56 organique
1433 861 216 43 s'installe
1690 862 405 56 progressivement

465 947 58 27 au
551 934 72 41 fur
649 939 45 37 et
724 937 24 40 à
776 952 175 28 mesure
981 939 53 42 de
1063 940 43 40 la
1135 939 306 42 cicatrisation
1470 939 77 41 des
1576 940 168 54 parties
1772 940 156 41 molles
1958 952 57 27 ou
2044 935 52 41 de

465 1011 43 41 la
539 1013 257 54 réparation
829 1028 190 29 osseuse.

553 1090 64 40 La
647 1091 294 43 constriction
972 1093 178 50 réflexe,
1184 1094 95 49 elle,
1313 1099 68 37 est
1413 1099 192 37 souvent
1638 1096 204 52 précoce;
1876 1093 81 40 elle
1988 1092 108 53 peut

466 1165 266 56 disparaître
763 1183 109 28 avec
901 1170 43 41 la
973 1184 132 29 cause
1136 1171 77 54 qui
1241 1171 60 41 l'a
1330 1172 279 53 provoquée;
1640 1171 81 41 elle
1751 1175 123 49 peut,
1908 1184 57 26 au
1995 1181 103 28 con-

466 1244 149 50 traire,
653 1245 210 54 persister
898 1249 128 52 après
1061 1248 44 41 la
1139 1248 268 55 disparition
1443 1248 53 41 de
1531 1247 170 42 celle-ci
1735 1252 45 37 et
1816 1261 48 27 ce
1899 1251 103 36 sont
2037 1244 61 40 les

467 1322 315 43 constrictions
811 1337 85 40 que
923 1324 90 41 l'on
1041 1325 186 42 observe
1255 1325 112 42 dans
1395 1339 47 27 ce
1470 1324 174 43 dernier
1670 1338 74 28 cas
1772 1324 111 41 dont
1910 1323 39 41 le
1977 1321 120 52 diag-

466 1399 144 42 nostic
648 1405 67 36 est
753 1401 413 53 particulièrement
1205 1402 177 41 délicat.

555 1477 69 41 On
650 1491 45 27 se
721 1482 175 44 trouve,
925 1492 55 26 en
1006 1478 120 49 effet,
1155 1493 54 27 en
1235 1480 210 53 présence
1472 1478 109 41 d'un
1607 1478 143 41 blessé
1777 1477 77 54 qui
1880 1491 26 26 a
1931 1490 55 27 eu
2013 1486 87 30 une

465 1552 140 42 lésion
635 1554 269 41 musculaire
936 1568 56 27 ou
1024 1568 176 29 osseuse
1231 1554 269 48 indéniable,
1534 1559 193 36 souvent
1758 1554 61 41 les
1851 1554 119 40 deux
2001 1553 25 40 à
2058 1550 42 40 la

467 1629 97 49 fois,
598 1635 44 37 et
676 1629 77 55 qui
786 1632 205 53 présente
1023 1645 86 28 une
1142 1630 294 43 constriction
1469 1635 192 37 souvent
1694 1632 90 40 très
1816 1630 174 43 intense
2024 1625 77 57 qui

466 1712 110 49 peut
602 1721 55 28 ne
684 1722 80 41 pas
791 1708 130 41 céder
946 1709 26 40 à
998 1708 368 43 l'ouvre-bouche
1394 1722 57 27 ou
1478 1708 116 58 alors
1620 1722 59 27 au
1705 1707 100 55 prix
1833 1707 109 42 d'un
1968 1706 132 42 effort

467 1784 307 42 considérable
796 1784 187 43 laissant
1008 1787 128 53 après
1159 1786 63 41 lui
1245 1800 86 27 une
1356 1785 189 42 douleur
1566 1786 90 41 très
1680 1785 124 49 vive;
1830 1784 269 55 cependant,

466 1860 62 42 les
548 1860 162 43 lésions
730 1866 102 36 sont
852 1861 104 42 bien
976 1862 265 49 cicatrisées,
1264 1862 102 41 elles
1388 1867 79 36 ont
1487 1861 168 55 parfois
1676 1863 71 40 été
1766 1863 91 41 très
1876 1860 224 42 minimes.

556 1938 59 41 Le
631 1938 228 54 problème
874 1953 45 27 se
935 1953 105 41 pose
1057 1940 128 48 donc,
1204 1940 112 42 dans
1331 1952 61 28 un
1408 1952 73 28 cas
1497 1939 259 47 semblable,
1775 1939 53 41 de
1844 1936 150 44 savoir
2008 1936 35 42 si
2058 1936 40 39 la

466 2013 285 44 contraction
774 2020 66 37 est
862 2015 215 54 d'origine
1102 2015 244 56 organique
1373 2020 45 37 et
1441 2015 100 49 due,
1565 2029 82 41 par
1671 2016 276 53 conséquent
1974 2014 26 40 à
2025 2012 76 41 des

468 2091 264 42 altérations
753 2106 199 28 osseuses
968 2107 57 27 ou
1040 2093 291 42 musculaires
1346 2093 242 55 profondes
1612 2106 58 27 ou
1692 2093 36 41 si
1747 2093 80 41 elle
1849 2096 67 37 est
1941 2100 161 46 provo-

466 2169 116 54 quée
601 2183 83 41 par
706 2169 76 42 des
804 2170 200 41 troubles
1026 2170 155 50 réflexes
1181 2170 53 50 ;
1258 2169 174 43 ceux-ci
1459 2171 127 40 étant
1610 2169 82 41 dus
1719 2169 86 42 soit
1828 2182 58 28 au
1907 2167 194 53 reliquat

468 2246 134 42 d'une
626 2251 287 37 contracture
936 2247 268 42 musculaire
1231 2247 164 41 réflexe
1421 2246 53 42 de
1499 2246 180 42 défense
1703 2245 245 55 persistant
1973 2243 128 54 après

466 2323 43 42 la
534 2323 267 56 disparition
828 2324 53 42 de
905 2324 46 41 la
974 2338 131 28 cause
1132 2324 77 54 qui
1232 2324 61 41 l'a
1317 2323 83 42 fait
1426 2322 159 50 naître,
1613 2322 86 42 soit
1724 2323 27 41 à
1776 2336 87 27 une
1889 2319 213 43 constric-

467 2400 95 42 tion
591 2401 216 55 d'origine
835 2401 210 49 centrale,
1076 2402 306 53 conséquence
1411 2400 135 43 d'une
1574 2404 119 38 sorte
1722 2399 379 55 d'hystéro-trau-

467 2477 223 44 matisme.
731 2479 64 41 La
832 2478 313 55 radiographie
1183 2478 249 42 elle-même
1470 2492 55 28 ne
1563 2481 174 51 permet
1775 2490 81 41 pas
1893 2475 208 53 toujours

469 2554 53 42 de
560 2555 171 43 déceler
766 2556 62 42 les
864 2555 162 43 lésions
1065 2569 199 28 osseuses
1301 2554 249 42 existantes
1588 2568 57 28 ou
1683 2554 53 41 de
1773 2552 203 43 localiser
2011 2551 91 42 très

467 2634 286 39 exactement
783 2632 61 42 les
875 2646 129 41 corps
1034 2634 229 51 étrangers
1294 2631 112 41 dans
1436 2644 70 28 ces
1536 2630 174 53 régions
1742 2629 199 42 difficiles
1971 2629 25 40 à
2027 2640 74 29 ex-

467 2706 146 56 plorer
652 2709 353 42 manuellement
1047 2713 45 37 et
1133 2706 507 55 radiographiquement
1682 2712 44 36 et
1768 2706 38 42 le
1849 2702 250 57 diagnostic

467 2788 67 36 est
569 2788 192 37 souvent
795 2785 89 41 fort
918 2785 191 42 difficile.

556 2846 97 66 J'ai
653 2846 78 66 eu
763 2860 253 51 l'occasion,
1050 2862 30 41 il
1113 2876 29 41 y
1174 2876 26 27 a
1233 2860 192 56 quelque
1458 2863 163 51 temps,
1655 2873 55 28 en
1742 2859 265 42 examinant
2040 2868 60 30 un

467 2938 143 42 blessé
645 2936 167 43 atteint
848 2939 53 41 de
937 2939 294 42 constriction
1267 2938 77 41 des
1378 2935 263 50 mâchoires,
1680 2937 53 41 de
1770 2935 236 43 découvrir
2041 2946 59 28 un

468 3015 123 54 signe
615 3013 316 56 diagnostique
954 3016 271 42 intéressant
1250 3015 76 55 qui
1349 3013 190 43 n'existe
1562 3013 162 54 jamais
1747 3014 112 41 dans
1891 3013 62 41 les
1976 3025 125 28 cons-

467 3092 207 44 trictions
703 3090 215 53 d'origine
945 3093 244 54 organique
1217 3097 44 37 et
1288 3107 46 27 se
1361 3095 235 38 rencontre
1623 3090 247 42 seulement
1899 3090 112 41 dans
2038 3088 61 40 les

466 3168 307 45 contractions
799 3167 209 50 réflexes;
1035 3183 48 28 ce
1109 3169 123 53 signe
1258 3173 67 37 est
1353 3168 76 41 des
1455 3167 101 55 plus
1582 3167 152 42 faciles
1759 3167 26 40 à
1812 3165 162 43 établir
1999 3169 44 37 et
2069 3160 29 42 il

467 3247 227 44 constitue
721 3259 62 27 un
809 3243 194 42 élément
1031 3246 54 41 de
1113 3245 252 54 diagnostic
1392 3244 252 55 important
1672 3258 86 39 que
1785 3242 185 54 j'utilise
1998 3253 101 29 cou-

467 3330 225 38 ramment
722 3324 112 41 dans
863 3334 106 28 mon
997 3323 188 48 service;
1215 3323 42 53 je
1286 3336 135 41 pense
1451 3321 114 42 donc
1595 3320 109 54 qu'il
1732 3324 67 38 est
1828 3320 269 42 intéressant
