2449 3850
688 418 30 28 A
748 419 172 32 CENTRE
949 423 86 29 FOR
1063 423 155 29 FACIAL
1248 423 394 30 RECONSTRUCTION
1930 425 50 42 73

351 475 78 50 as
456 488 112 50 been
594 499 145 48 found
763 511 50 38 to
841 509 55 42 be
925 524 48 27 so
1000 508 254 56 important
1280 509 104 42 that
1412 509 47 42 in
1486 511 60 40 all
1573 512 227 41 countries
1828 526 26 28 a
1881 527 126 28 new

351 552 216 74 specialty
581 575 82 45 has
680 595 169 44 sprung
866 600 61 40 up
949 599 7 28 :
978 584 367 43 «Maxillo-facial
1363 585 195 57 Surgery
1574 588 91 42 and
1682 589 294 44 Prosthesis».

435 639 43 45 It
501 646 37 43 is
563 659 81 37 not
669 672 80 42 my
771 660 229 52 intention
1025 667 47 38 to
1100 677 100 28 sum
1225 676 61 41 up
1312 663 70 41 for
1405 677 93 40 you
1522 664 78 42 the
1627 665 202 42 classical
1853 665 125 43 ideas

352 720 56 34 011
431 719 91 47 this
546 732 199 55 subject;
773 752 93 40 you
890 754 74 27 are
990 740 186 55 already
1200 738 277 56 acquainted
1501 740 112 42 with
1637 742 140 42 them.
1866 743 20 40 I
1913 742 65 42 in-

352 786 106 51 tend
488 802 121 60 only
623 814 48 39 to
701 813 226 45 illustrate
957 817 64 55 by
1051 831 27 27 a
1107 817 87 42 few
1222 817 202 41 remarks
1454 818 173 41 several
1657 818 167 55 special
1855 833 124 29 cases

352 865 44 41 of
421 870 195 57 fracture
649 890 46 40 of
726 891 78 43 the
836 892 244 50 mandible,
1115 894 92 42 and
1238 893 94 42 also
1363 897 50 38 to
1445 895 141 54 speak
1617 899 49 37 to
1698 909 92 41 you
1822 897 46 41 of
1899 897 80 41 the

349 948 194 63 grafting
576 961 22 41 I
627 964 116 45 have
775 969 116 42 done
922 970 46 41 in
999 984 123 29 cases
1154 971 45 41 of
1229 971 426 54 pseudo-arthrosis.

763 1183 16 19 V
1111 1187 23 25 *
1194 1188 23 25 *

433 1338 167 67 Nearly
630 1368 137 44 every
767 1368 115 44 one
912 1359 131 43 holds
1073 1360 78 42 the
1183 1359 185 56 opinion
1396 1360 106 42 that
1534 1374 137 41 every
1701 1360 198 43 fracture
1932 1362 44 41 of

349 1408 78 50 the
448 1428 230 51 mandible
703 1425 124 52 must
853 1436 117 42 have
997 1450 59 27 an
1081 1440 250 52 apparatus
1358 1437 45 41 of
1429 1451 123 28 some
1578 1437 112 42 kind
1716 1451 48 29 as
1789 1450 112 29 soon
1928 1451 48 27 as

348 1492 204 59 Possible,
574 1504 193 47 because
790 1511 108 55 only
916 1512 65 54 by
1000 1511 94 42 this
1113 1526 158 29 means
1291 1513 38 42 is
1351 1527 84 28 one
1456 1514 101 41 able
1578 1518 49 38 to
1650 1514 133 42 effect
1803 1514 173 55 perfect

348 1557 372 71 Immobilization
754 1590 92 41 and
878 1591 119 53 good
1031 1591 240 43 occlusion.

434 1646 41 45 If
499 1652 38 44 it
562 1657 37 44 is
626 1668 82 37 not
736 1665 195 55 possible
958 1671 49 38 to
1035 1667 159 43 obtain
1219 1668 129 50 both,
1378 1683 28 27 a
1432 1668 172 56 perfect
1632 1666 226 44 occlusion
1886 1668 92 42 and

350 1725 26 30 a
403 1734 328 49 consolidation
759 1743 148 42 which
936 1745 114 41 shall
1078 1759 65 28 we
1174 1745 187 41 choose?
1453 1744 165 43 Which
1645 1744 89 43 will
1768 1744 101 56 give
1898 1744 79 41 the

348 1788 146 58 better
514 1815 192 49 pratical
735 1820 188 42 results?
1016 1820 340 44 Consolidation
1385 1835 50 28 or
1464 1835 27 28 a
1518 1822 173 54 perfect
1721 1821 251 47 occlusion?

431 1876 94 50 The
553 1889 171 47 dentist
752 1896 82 41 has
862 1911 26 27 a
915 1898 229 54 tendency
1170 1901 48 38 to
1248 1897 205 42 consider
1480 1898 108 54 only
1615 1897 240 50 occlusion,
1886 1899 92 40 and

347 1944 76 47 the
448 1969 190 47 surgeon
654 1973 58 39 to
738 1973 206 41 consider
969 1974 109 54 only
1101 1974 361 54 consolidation.
1534 1975 20 40 I
1581 1975 117 41 have
1724 1989 104 27 seen
1853 1988 124 28 more

347 2021 111 51 than
482 2049 110 35 once
615 2059 27 28 a
665 2061 229 43 surgeons,
920 2050 46 41 in
991 2052 131 40 order
1144 2055 48 37 to
1218 2051 159 41 obtain
1401 2064 27 28 a
1449 2050 331 43 consolidation
1806 2056 48 37 at
1886 2065 92 41 any

349 2106 205 60 sacrifice,
572 2124 209 56 suturing
802 2127 79 41 the
908 2127 118 41 bone
1052 2126 48 42 in
1126 2127 79 41 the
1230 2141 100 27 case
1358 2127 46 41 of
1430 2127 80 42 the
1536 2127 90 42 loss
1654 2127 46 42 of
1726 2127 80 42 the
1833 2127 144 42 whole

349 2184 194 49 interior
576 2200 109 41 arch
718 2202 45 41 of
797 2203 78 41 the
908 2202 245 43 mandible.

433 2259 69 49 He
527 2272 219 48 obtained
769 2293 27 27 a
820 2279 332 42 consolidation
1176 2279 84 41 but
1284 2280 80 41 the
1389 2280 247 55 deformity
1659 2293 93 29 was
1776 2293 48 28 so
1849 2285 128 49 great

346 2327 101 50 that
477 2344 78 44 the
586 2353 180 52 patient
797 2369 92 28 was
920 2355 167 51 unable
1118 2359 49 38 to
1199 2359 87 37 eat.
1381 2356 71 41 He
1483 2356 93 42 had
1607 2370 27 27 a
1665 2355 312 45 consolidated

346 2413 225 53 Mandible
590 2426 85 45 but
695 2444 26 28 a
740 2430 166 43 useless
926 2445 97 28 one.
1103 2431 94 42 The
1216 2430 140 43 result
1376 2445 91 27 was
1486 2431 205 55 hopeless
1715 2431 81 54 (see
1817 2430 72 54 fig.
1916 2431 56 55 i).

430 2490 69 47 On
524 2500 80 44 the
630 2507 131 42 other
786 2508 125 42 hand
938 2508 20 41 I
985 2508 118 43 have
1130 2522 104 30 seen
1260 2507 194 43 dentists
1482 2508 178 42 disturb
1686 2508 79 41 the
1791 2508 184 42 natural

345 2565 121 45 work
482 2576 49 40 of
554 2586 301 53 osteogenesis
871 2586 63 54 by
952 2586 78 42 the
1052 2585 280 56 application
1354 2584 45 43 of
1422 2599 58 27 an
1503 2588 250 52 apparatus
1774 2584 48 42 in
1845 2586 132 41 order

343 2633 49 43 .to
424 2646 157 52 obtain
613 2673 27 27 a
671 2663 172 53 perfect
876 2662 227 43 occlusion
1136 2667 48 38 at
1222 2677 92 40 any
1337 2665 111 44 cost,
1480 2661 109 42 thus
1616 2660 256 55 disturbing
1897 2662 79 42 the

349 2716 135 51 union
506 2731 45 41 of
574 2735 78 43 the
675 2739 173 43 broken
870 2740 264 55 fragments,
1161 2740 92 41 and
1275 2738 186 55 causing
1483 2752 27 27 a
1531 2738 112 42 false
1664 2736 133 56 joint.
1881 2739 95 41 The

347 2797 135 46 Result
516 2821 91 31 was
641 2816 223 56 certainly
896 2832 140 27 worse
1069 2817 114 42 than
1216 2816 35 40 if
1283 2816 113 55 they
1427 2816 93 40 had
1552 2815 82 42 left
1667 2814 112 43 kind
1812 2819 165 38 nature

347 2873 120 47 work
494 2890 79 37 out
600 2888 60 44 its
688 2906 101 29 own
815 2894 241 42 salvation.

429 2952 61 45 At
518 2961 79 44 the
624 2974 183 47 present
834 2971 111 42 time
972 2972 79 42 the
1078 2983 244 30 consensus
1350 2969 44 42 of
1415 2968 185 56 opinion
1628 2970 45 42 of
1701 2970 189 42 authors
1918 2984 58 28 on

349 3017 88 49 this
475 3037 179 56 subject
690 3046 174 43 follows
900 3048 78 42 the
1014 3048 90 42 line
1141 3048 45 41 of
1223 3060 211 29 common
1470 3059 103 29 sense
1573 3059 53 29 :
1662 3047 184 55 namely
1873 3048 104 40 that

349 3105 26 30 a
400 3100 252 62 functional
680 3123 144 42 result
848 3129 124 38 must
1000 3125 56 42 be
1084 3125 78 44 the
1191 3122 109 55 only
1325 3122 348 44 consideration.
1765 3123 53 41 In
1848 3123 131 42 order

348 3172 47 42 to
422 3186 148 48 attain
595 3196 107 51 this,
731 3203 252 40 treatment
1011 3205 127 38 must
1162 3201 59 41 be
1247 3199 133 54 along
1407 3200 79 41 the
1512 3200 232 54 following
1768 3200 105 42 lines
1873 3200 36 42 :

432 3257 42 44 It
500 3263 36 44 is
560 3270 152 46 better
736 3280 50 39 to
809 3278 118 42 have
953 3293 26 27 a
1004 3275 330 45 consolidation
1358 3275 112 42 with
1493 3280 83 37 not
1601 3275 126 54 quite
1753 3289 26 27 a
1804 3275 171 54 perfect
