2384 3897
477 448 72 41 Il8
866 462 54 27 LA
950 464 334 29 RESTAURATION
1314 465 403 29 MAXILLO-FACIALE

477 547 99 41 bien
613 547 173 42 formés.
833 548 59 42 Le
935 551 138 42 blessé
1113 567 45 27 se
1199 552 172 42 nourrit
1412 553 24 39 à
1470 552 180 54 présent
1691 553 327 43 normalement
2055 553 44 39 et

470 617 201 54 pourrait
706 632 44 27 se
777 620 174 41 nourrir
976 622 151 42 mieux
1162 623 68 42 s'il
1263 622 173 42 n'avait
1465 637 81 40 pas
1578 623 55 41 de
1669 623 223 54 fragment
1928 625 52 40 de
2018 635 77 29 son

471 687 247 42 maxillaire
746 688 209 45 inférieur
989 694 166 54 gênant
1187 708 157 28 encore
1377 693 44 41 la
1447 692 303 44 mastication.
1781 696 70 40 En
1880 699 102 37 tout
2010 706 87 31 cas,

472 758 30 41 il
530 773 43 27 se
600 764 128 50 porte
755 761 152 43 mieux
933 768 44 38 et
1005 780 26 26 a
1058 765 82 42 fait
1166 767 236 53 beaucoup
1430 766 54 40 de
1510 766 180 54 progrès
1717 780 112 41 pour
1854 766 40 42 le
1921 777 182 31 mouve-

475 835 124 37 ment
634 832 54 40 de
721 845 78 29 son
833 835 169 54 épaule.
1039 837 99 41 Une
1170 835 158 56 simple
1361 841 153 36 suture
1547 836 77 42 des
1657 837 118 40 deux
1807 837 136 41 bords
1976 838 53 40 de
2062 834 41 40 la

475 902 204 43 cicatrice
712 906 186 42 suffirait
931 921 114 42 pour
1077 908 108 42 faire
1217 906 266 57 disparaître
1515 912 129 38 toute
1675 912 122 37 trace
1828 909 189 41 cutanée
2050 906 54 42 de

470 973 42 41 la
546 974 157 42 fistule.

561 1167 236 44 Comment
829 1175 190 50 peut-on
1049 1170 232 56 expliquer
1309 1169 186 43 l'action
1526 1171 60 40 du
1616 1183 202 40 massage
1848 1172 44 37 et
1924 1170 54 40 de
2007 1166 97 43 l'air

476 1245 150 42 chaud
668 1247 112 40 dans
820 1245 39 42 le
901 1246 261 43 traitement
1204 1246 430 56 physiothérapique
1676 1246 76 42 des
1793 1245 170 42 fistules
2006 1242 98 44 sali-

475 1320 169 44 vaires?
672 1324 82 40 Les
779 1327 182 38 auteurs
985 1323 77 54 qui
1086 1338 44 28 se
1150 1329 100 37 sont
1272 1324 189 53 occupés
1481 1324 54 40 de
1554 1321 181 43 l'action
1756 1322 346 55 thérapeutique

470 1398 54 41 de
551 1397 95 42 l'air
671 1400 148 41 chaud
845 1404 101 36 sont
972 1399 235 42 unanimes
1239 1401 24 40 à
1294 1400 195 41 déclarer
1518 1412 86 41 que
1633 1413 79 28 son
1741 1399 149 42 action
1917 1396 180 57 produit

472 1473 290 57 l'hyperémie
791 1489 101 28 sous
920 1476 142 41 forme
1090 1477 53 40 de
1171 1475 224 42 révulsion
1424 1489 58 27 ou
1509 1477 145 40 même
1683 1477 52 40 de
1764 1475 335 43 cautérisation.

474 1551 168 42 Toutes
671 1564 72 29 ces
769 1551 166 42 formes
966 1552 255 54 dépendent
1252 1552 61 41 du
1343 1551 131 53 degré
1504 1552 54 40 de
1584 1551 45 41 la
1658 1551 181 42 chaleur
1867 1551 238 57 appliquée

476 1633 44 36 et
545 1629 54 40 de
622 1627 43 42 la
688 1628 146 41 durée.
863 1627 126 41 Cette
1013 1626 149 42 action
1186 1630 122 52 peut,
1334 1641 82 42 par
1439 1628 288 54 conséquent,
1754 1629 91 40 être
1868 1628 235 56 comparée

476 1706 26 40 à
532 1704 181 41 l'action
745 1705 76 40 des
851 1702 205 43 révulsifs
1086 1717 58 27 ou
1175 1705 76 40 des
1280 1704 176 54 pointes
1488 1705 53 41 de
1572 1704 86 49 feu,
1692 1704 170 43 utilisés
1892 1705 101 54 déjà
2023 1714 83 46 par

474 1780 214 55 quelques
722 1778 273 56 chirurgiens
1029 1781 112 41 dans
1174 1779 38 41 le
1246 1779 263 44 traitement
1545 1783 76 40 des
1654 1781 170 43 fistules
1857 1781 241 43 salivaires.

474 1856 114 42 Mais
623 1856 96 41 l'air
754 1857 148 41 chaud
937 1856 182 55 produit
1157 1856 119 41 aussi
1311 1871 87 28 une
1435 1857 149 45 action
1621 1858 304 54 analgésiante
1961 1864 44 36 et
2042 1870 60 29 un

478 1934 307 40 assèchement
808 1935 76 40 des
904 1933 148 42 tissus.
1075 1933 37 40 Il
1133 1937 66 40 est
1219 1933 192 56 possible
1429 1935 109 55 qu'il
1560 1935 208 42 améliore
1787 1934 318 44 l'innervation

479 2011 76 41 des
580 2008 185 55 glandes
792 2009 228 44 salivaires
1047 2014 43 38 et
1119 2009 210 50 diminue,
1351 2025 53 29 en
1423 2010 62 43 les
1512 2012 200 47 séchant,
1742 2011 95 43 leur
1863 2010 237 43 sécrétion;

478 2091 117 38 cette
618 2086 148 42 action
789 2087 202 55 pourrait
1015 2102 44 27 se
1082 2102 231 42 comparer
1333 2088 24 41 à
1381 2088 42 42 la
1445 2088 216 43 résection
1685 2089 61 41 du
1768 2090 98 40 nerf
1887 2085 218 44 auriculo-

474 2164 235 55 tcmporal,
750 2162 165 44 décrite
954 2168 101 37 tout
1100 2165 273 42 récemment
1411 2179 82 42 par
1534 2170 130 37 notre
1701 2163 159 46 estimé
1903 2163 199 42 confrère

475 2240 40 42 le
547 2241 61 39 Dr
640 2240 205 43 Dieulafé
881 2240 68 53 (de
980 2240 254 55 Toulouse).

564 2319 151 54 Quant
764 2332 89 28 aux
901 2332 288 29 manœuvres
1236 2319 453 55 massothérapiques,
1739 2317 95 43 leur
1881 2317 224 42 influence

477 2394 247 57 s'explique
755 2394 55 41 ici
841 2409 81 42 par
952 2395 95 42 leur
1077 2395 150 42 action
1259 2396 263 55 mécanique
1554 2409 76 28 sur
1659 2395 43 40 la
1733 2393 263 43 circulation
2029 2394 75 41 des

477 2472 134 43 tissus
636 2473 180 42 massés.
845 2473 202 42 L'action
1073 2474 263 55 mécanique
1362 2475 61 40 du
1447 2486 203 42 massage
1675 2486 75 27 sur
1774 2471 42 42 la
1842 2470 262 43 circulation

475 2549 186 55 englobe
695 2549 62 44 les
792 2549 109 43 trois
936 2550 286 42 circulations
1255 2550 27 40 à
1316 2549 44 42 la
1395 2549 70 42 fois
1465 2549 42 42 :
1544 2548 233 49 artérielle,
1813 2549 210 42 veineuse
2059 2550 43 37 et

476 2624 327 58 lymphatique.
850 2628 124 40 Dans
1014 2642 49 27 ce
1103 2640 88 35 cas,
1233 2626 63 41 les
1335 2639 289 29 manœuvres
1664 2625 440 56 massothérapiques

477 2700 195 53 agissent
708 2718 74 30 sur
817 2709 118 37 cette
972 2702 196 45 dernière
1207 2706 103 39 tout
1345 2701 427 57 particulièrement,
1810 2717 55 30 en
1901 2701 203 43 activant

480 2776 41 42 la
544 2779 307 55 phagocytose
879 2785 44 39 et
957 2784 281 51 permettant
1275 2777 312 43 l'élimination
1626 2779 77 41 des
1739 2777 214 43 éléments
1990 2788 114 31 mor-

477 2851 124 44 bides
636 2846 48 52 de
684 2846 81 52 lIa
798 2856 275 55 profondeur
1105 2870 100 30 vers
1238 2854 43 42 la
1315 2853 185 43 surface.
1538 2853 100 43 Ceci
1670 2868 114 28 nous
1818 2854 210 57 explique
2062 2852 42 41 la

479 2927 165 45 facilité
676 2946 107 29 avec
817 2934 190 56 laquelle
1039 2934 30 41 il
1102 2948 44 28 se
1179 2931 183 57 produit
1396 2945 87 28 une
1515 2930 279 44 élimination
1828 2931 275 56 progressive

478 3007 61 42 du
571 3021 85 40 pus
687 3012 42 38 et
764 3012 77 41 des
871 3012 136 42 tissus
1039 3011 237 54 dégénérés
1308 3023 103 28 sous
1442 3007 183 43 l'action
1659 3010 60 41 du
1751 3023 203 42 massage
1986 3014 44 37 et
2063 3006 41 41 la

477 3082 282 44 stimulation
790 3087 54 41 de
872 3088 221 43 l'activité
1121 3087 140 43 vitale
1290 3087 56 41 de
1374 3086 44 41 la
1447 3084 168 45 cellule.

565 3159 137 48 Ainsi,
729 3159 43 42 la
795 3164 306 43 combinaison
1127 3165 54 40 de
1204 3162 183 43 l'action
1411 3161 321 57 hyperémique
1758 3163 53 41 de
1835 3162 100 41 l'air
1957 3158 148 45 chaud

477 3252 108 29 avec
623 3235 182 43 l'action
842 3240 264 56 mécanique
1142 3242 61 40 du
1238 3252 204 42 massage
1477 3237 99 42 finit
1612 3252 83 42 par
1729 3238 185 42 rétablir
1948 3238 42 42 la
2025 3250 80 28 nu-

475 3316 156 44 trition
657 3327 162 49 propre
846 3315 76 42 des
948 3319 134 45 bords
1109 3320 55 44 de
1189 3317 42 42 la
1258 3315 148 43 fistule
1433 3319 42 38 et
1502 3315 218 61 participe
1749 3317 53 40 de
1829 3320 118 38 cette
1975 3315 127 59 façon
