<?xml version='1.0' encoding='ISO-8859-1'?>
<alto xmlns:xsi="http://www.w3.org/2001/XMLSchema-instance" xmlns:xlink="http://www.w3.org/TR/xlink" xmlns="http://bibnum.bnf.fr/ns/alto_prod" ID="alto.6519971" xsi:schemaLocation="http://bibnum.bnf.fr/ns/alto_prod http://bibnum.bnf.fr/ns/alto_prod.xsd">
  <Description>
    <MeasurementUnit>pixel</MeasurementUnit>
    <sourceImageInformation>
      <fileName>00000027.tif</fileName>
    </sourceImageInformation>
    <OCRProcessing ID="OCR_1">
      <ocrProcessingStep>
        <processingDateTime>2013-04-09</processingDateTime>
        <processingStepDescription>[001_OCR_BRUT]OCR BRUT 98.060 %</processingStepDescription>
        <processingStepDescription>[002_TOTAL_CHARS]{1434}</processingStepDescription>
        <processingStepDescription>[003_TOTAL_CHARS_USED]{1352}</processingStepDescription>
        <processingStepDescription>[004_TOTAL_CHARS_SUSPECTS_USED]{0}</processingStepDescription>
        <processingStepDescription>[005_TOTAL_CHARS_UNUSED]{82}</processingStepDescription>
        <processingStepDescription>[006_TOTAL_CHARS_SUSPECTS_UNUSED]{18}</processingStepDescription>
        <processingStepDescription>[007_TOTAL_STRINGS]{316}</processingStepDescription>
        <processingStepDescription>[011_CHARS_PUNCTUATION]{52}</processingStepDescription>
        <processingStepDescription>[012_CHARS_DIGITS]{21}</processingStepDescription>
        <processingStepDescription>[013_CHARS_SUSPECT]{18}</processingStepDescription>
        <processingStepDescription>[022_CHARS_UNUSED_BY_BLOCK]{0}</processingStepDescription>
        <processingStepDescription>[111_LIGS_DETECTED_CURV]{0}</processingStepDescription>
        <processingStepSettings>OCR 99.100 %</processingStepSettings>
      </ocrProcessingStep>
    </OCRProcessing>
  </Description>
  <Styles>
    <TextStyle ID="TXT_1" FONTFAMILY="Times" FONTSIZE="12"/>
  </Styles>
  <Layout>
    <Page ID="PAG_00000027" HEIGHT="3892" WIDTH="2455" PHYSICAL_IMG_NR="1" QUALITY="OK">
    <TopMargin ID="PAG_00000027_TopMargin" HPOS="0" VPOS="0" HEIGHT="536" WIDTH="2455">
    <TextBlock ID="PAG_00000027_TB000001" STYLEREFS="TXT_1" HPOS="709" VPOS="455" HEIGHT="50" WIDTH="1292" language="en">
      <TextLine ID="PAG_00000027_TL000001" STYLEREFS="TXT_1" HPOS="709" VPOS="455" HEIGHT="50" WIDTH="1292">
        <String ID="PAG_00000027_ST000001" STYLEREFS="TXT_1" HPOS="709" VPOS="461" HEIGHT="28" WIDTH="33" WC="1" CONTENT="A"/>
        <SP ID="PAG_00000027_SP000001" HPOS="742" VPOS="456" WIDTH="21"/>
        <String ID="PAG_00000027_ST000002" STYLEREFS="TXT_1" HPOS="763" VPOS="456" HEIGHT="37" WIDTH="177" WC="0.99" CONTENT="CENTRE"/>
        <SP ID="PAG_00000027_SP000002" HPOS="940" VPOS="465" WIDTH="29"/>
        <String ID="PAG_00000027_ST000003" STYLEREFS="TXT_1" HPOS="969" VPOS="465" HEIGHT="28" WIDTH="85" WC="1" CONTENT="FOR"/>
        <SP ID="PAG_00000027_SP000003" HPOS="1054" VPOS="464" WIDTH="29"/>
        <String ID="PAG_00000027_ST000004" STYLEREFS="TXT_1" HPOS="1083" VPOS="464" HEIGHT="29" WIDTH="155" WC="1" CONTENT="FACIAL"/>
        <SP ID="PAG_00000027_SP000004" HPOS="1238" VPOS="464" WIDTH="28"/>
        <String ID="PAG_00000027_ST000005" STYLEREFS="TXT_1" HPOS="1266" VPOS="464" HEIGHT="30" WIDTH="393" WC="1" CONTENT="RECONSTRUCTION"/>
        <SP ID="PAG_00000027_SP000005" HPOS="1659" VPOS="475" WIDTH="186"/>
        <String ID="PAG_00000027_ST000006" STYLEREFS="TXT_1" HPOS="1845" VPOS="475" HEIGHT="9" WIDTH="13" WC="1" CONTENT="-"/>
        <SP ID="PAG_00000027_SP000006" HPOS="1858" VPOS="455" WIDTH="89"/>
        <String ID="PAG_00000027_ST000007" STYLEREFS="TXT_1" HPOS="1947" VPOS="455" HEIGHT="50" WIDTH="54" WC="1" CONTENT="87"/>
      </TextLine>
    </TextBlock>
    </TopMargin>
    <PrintSpace ID="PAG_00000027_PrintSpace" HPOS="336" VPOS="536" HEIGHT="2593" WIDTH="1712">
    <TextBlock ID="PAG_00000027_TB000002" STYLEREFS="TXT_1" HPOS="345" VPOS="536" HEIGHT="682" WIDTH="1668" language="en">
      <TextLine ID="PAG_00000027_TL000002" STYLEREFS="TXT_1" HPOS="371" VPOS="536" HEIGHT="60" WIDTH="1642">
        <String ID="PAG_00000027_ST000008" STYLEREFS="TXT_1" HPOS="371" VPOS="536" HEIGHT="53" WIDTH="338" WC="1" CONTENT="consolidation."/>
        <SP ID="PAG_00000027_SP000007" HPOS="709" VPOS="551" WIDTH="89"/>
        <String ID="PAG_00000027_ST000009" STYLEREFS="TXT_1" HPOS="798" VPOS="551" HEIGHT="42" WIDTH="97" WC="1" CONTENT="One"/>
        <SP ID="PAG_00000027_SP000008" HPOS="895" VPOS="552" WIDTH="26"/>
        <String ID="PAG_00000027_ST000010" STYLEREFS="TXT_1" HPOS="921" VPOS="552" HEIGHT="41" WIDTH="37" WC="1" CONTENT="is"/>
        <SP ID="PAG_00000027_SP000009" HPOS="958" VPOS="555" WIDTH="27"/>
        <String ID="PAG_00000027_ST000011" STYLEREFS="TXT_1" HPOS="985" VPOS="555" HEIGHT="38" WIDTH="60" WC="1" CONTENT="as"/>
        <SP ID="PAG_00000027_SP000010" HPOS="1045" VPOS="550" WIDTH="15"/>
        <String ID="PAG_00000027_ST000012" STYLEREFS="TXT_1" HPOS="1060" VPOS="550" HEIGHT="46" WIDTH="211" WC="1" CONTENT="essential"/>
        <SP ID="PAG_00000027_SP000011" HPOS="1271" VPOS="564" WIDTH="27"/>
        <String ID="PAG_00000027_ST000013" STYLEREFS="TXT_1" HPOS="1298" VPOS="564" HEIGHT="28" WIDTH="48" WC="1" CONTENT="as"/>
        <SP ID="PAG_00000027_SP000012" HPOS="1346" VPOS="551" WIDTH="20"/>
        <String ID="PAG_00000027_ST000014" STYLEREFS="TXT_1" HPOS="1366" VPOS="551" HEIGHT="41" WIDTH="85" WC="1" CONTENT="the"/>
        <SP ID="PAG_00000027_SP000013" HPOS="1451" VPOS="552" WIDTH="28"/>
        <String ID="PAG_00000027_ST000015" STYLEREFS="TXT_1" HPOS="1479" VPOS="552" HEIGHT="42" WIDTH="142" WC="1" CONTENT="other."/>
        <SP ID="PAG_00000027_SP000014" HPOS="1621" VPOS="553" WIDTH="90"/>
        <String ID="PAG_00000027_ST000016" STYLEREFS="TXT_1" HPOS="1711" VPOS="553" HEIGHT="41" WIDTH="54" WC="1" CONTENT="In"/>
        <SP ID="PAG_00000027_SP000015" HPOS="1765" VPOS="553" WIDTH="28"/>
        <String ID="PAG_00000027_ST000017" STYLEREFS="TXT_1" HPOS="1793" VPOS="553" HEIGHT="41" WIDTH="130" WC="1" CONTENT="order"/>
        <SP ID="PAG_00000027_SP000016" HPOS="1923" VPOS="556" WIDTH="25"/>
        <String ID="PAG_00000027_ST000018" STYLEREFS="TXT_1" HPOS="1948" VPOS="556" HEIGHT="38" WIDTH="65" WC="1" CONTENT="to"/>
      </TextLine>
      <TextLine ID="PAG_00000027_TL000003" STYLEREFS="TXT_1" HPOS="372" VPOS="606" HEIGHT="77" WIDTH="1113">
        <String ID="PAG_00000027_ST000019" STYLEREFS="TXT_1" HPOS="372" VPOS="606" HEIGHT="53" WIDTH="144" WC="1" CONTENT="attain"/>
        <SP ID="PAG_00000027_SP000017" HPOS="516" VPOS="618" WIDTH="23"/>
        <String ID="PAG_00000027_ST000020" STYLEREFS="TXT_1" HPOS="539" VPOS="618" HEIGHT="44" WIDTH="92" WC="1" CONTENT="this"/>
        <SP ID="PAG_00000027_SP000018" HPOS="631" VPOS="626" WIDTH="23"/>
        <String ID="PAG_00000027_ST000021" STYLEREFS="TXT_1" HPOS="654" VPOS="626" HEIGHT="43" WIDTH="142" WC="1" CONTENT="result"/>
        <SP ID="PAG_00000027_SP000019" HPOS="796" VPOS="628" WIDTH="26"/>
        <String ID="PAG_00000027_ST000022" STYLEREFS="TXT_1" HPOS="822" VPOS="628" HEIGHT="41" WIDTH="21" WC="1" CONTENT="I"/>
        <SP ID="PAG_00000027_SP000020" HPOS="843" VPOS="629" WIDTH="25"/>
        <String ID="PAG_00000027_ST000023" STYLEREFS="TXT_1" HPOS="868" VPOS="629" HEIGHT="54" WIDTH="193" WC="1" CONTENT="proceed"/>
        <SP ID="PAG_00000027_SP000021" HPOS="1061" VPOS="643" WIDTH="24"/>
        <String ID="PAG_00000027_ST000024" STYLEREFS="TXT_1" HPOS="1085" VPOS="643" HEIGHT="27" WIDTH="102" WC="1" CONTENT="now"/>
        <SP ID="PAG_00000027_SP000022" HPOS="1187" VPOS="641" WIDTH="16"/>
        <String ID="PAG_00000027_ST000025" STYLEREFS="TXT_1" HPOS="1203" VPOS="641" HEIGHT="28" WIDTH="56" WC="1" CONTENT="as"/>
        <SP ID="PAG_00000027_SP000023" HPOS="1259" VPOS="627" WIDTH="20"/>
        <String ID="PAG_00000027_ST000026" STYLEREFS="TXT_1" HPOS="1279" VPOS="627" HEIGHT="46" WIDTH="164" WC="0.96" CONTENT="follows"/>
        <SP ID="PAG_00000027_SP000024" HPOS="1443" VPOS="627" WIDTH="1"/>
        <String ID="PAG_00000027_ST000027" STYLEREFS="TXT_1" HPOS="1443" VPOS="627" HEIGHT="46" WIDTH="42" WC="0.96" CONTENT=":"/>
      </TextLine>
      <TextLine ID="PAG_00000027_TL000004" STYLEREFS="TXT_1" HPOS="456" VPOS="684" HEIGHT="74" WIDTH="1542">
        <String ID="PAG_00000027_ST000028" STYLEREFS="TXT_1" HPOS="456" VPOS="684" HEIGHT="51" WIDTH="53" WC="1" CONTENT="In"/>
        <SP ID="PAG_00000027_SP000025" HPOS="509" VPOS="684" WIDTH="1"/>
        <String ID="PAG_00000027_ST000029" STYLEREFS="TXT_1" HPOS="509" VPOS="684" HEIGHT="51" WIDTH="54" WC="1" CONTENT="a"/>
        <SP ID="PAG_00000027_SP000026" HPOS="563" VPOS="697" WIDTH="18"/>
        <String ID="PAG_00000027_ST000030" STYLEREFS="TXT_1" HPOS="581" VPOS="697" HEIGHT="45" WIDTH="106" WC="1" CONTENT="first"/>
        <SP ID="PAG_00000027_SP000027" HPOS="687" VPOS="705" WIDTH="28"/>
        <String ID="PAG_00000027_ST000031" STYLEREFS="TXT_1" HPOS="715" VPOS="705" HEIGHT="53" WIDTH="249" WC="1" CONTENT="operation,"/>
        <SP ID="PAG_00000027_SP000028" HPOS="964" VPOS="706" WIDTH="32"/>
        <String ID="PAG_00000027_ST000032" STYLEREFS="TXT_1" HPOS="996" VPOS="706" HEIGHT="40" WIDTH="20" WC="1" CONTENT="I"/>
        <SP ID="PAG_00000027_SP000029" HPOS="1016" VPOS="709" WIDTH="31"/>
        <String ID="PAG_00000027_ST000033" STYLEREFS="TXT_1" HPOS="1047" VPOS="709" HEIGHT="38" WIDTH="77" WC="1" CONTENT="cut"/>
        <SP ID="PAG_00000027_SP000030" HPOS="1124" VPOS="704" WIDTH="26"/>
        <String ID="PAG_00000027_ST000034" STYLEREFS="TXT_1" HPOS="1150" VPOS="704" HEIGHT="54" WIDTH="200" WC="1" CONTENT="through"/>
        <SP ID="PAG_00000027_SP000031" HPOS="1350" VPOS="704" WIDTH="12"/>
        <String ID="PAG_00000027_ST000035" STYLEREFS="TXT_1" HPOS="1362" VPOS="704" HEIGHT="42" WIDTH="92" WC="1" CONTENT="the"/>
        <SP ID="PAG_00000027_SP000032" HPOS="1454" VPOS="705" WIDTH="28"/>
        <String ID="PAG_00000027_ST000036" STYLEREFS="TXT_1" HPOS="1482" VPOS="705" HEIGHT="42" WIDTH="170" WC="1" CONTENT="fibrous"/>
        <SP ID="PAG_00000027_SP000033" HPOS="1652" VPOS="706" WIDTH="27"/>
        <String ID="PAG_00000027_ST000037" STYLEREFS="TXT_1" HPOS="1679" VPOS="706" HEIGHT="42" WIDTH="139" WC="1" CONTENT="tissue"/>
        <SP ID="PAG_00000027_SP000034" HPOS="1818" VPOS="707" WIDTH="29"/>
        <String ID="PAG_00000027_ST000038" STYLEREFS="TXT_1" HPOS="1847" VPOS="707" HEIGHT="41" WIDTH="45" WC="1" CONTENT="of"/>
        <SP ID="PAG_00000027_SP000035" HPOS="1892" VPOS="707" WIDTH="27"/>
        <String ID="PAG_00000027_ST000039" STYLEREFS="TXT_1" HPOS="1919" VPOS="707" HEIGHT="42" WIDTH="79" WC="1" CONTENT="the"/>
      </TextLine>
      <TextLine ID="PAG_00000027_TL000005" STYLEREFS="TXT_1" HPOS="345" VPOS="751" HEIGHT="88" WIDTH="1654">
        <String ID="PAG_00000027_ST000040" STYLEREFS="TXT_1" HPOS="371" VPOS="751" HEIGHT="52" WIDTH="106" WC="1" CONTENT="false"/>
        <SP ID="PAG_00000027_SP000036" HPOS="477" VPOS="757" WIDTH="24"/>
        <String ID="PAG_00000027_ST000041" STYLEREFS="TXT_1" HPOS="501" VPOS="757" HEIGHT="63" WIDTH="129" WC="1" CONTENT="joint."/>
        <SP ID="PAG_00000027_SP000037" HPOS="630" VPOS="780" WIDTH="86"/>
        <String ID="PAG_00000027_ST000042" STYLEREFS="TXT_1" HPOS="716" VPOS="780" HEIGHT="44" WIDTH="132" WC="1" CONTENT="After"/>
        <SP ID="PAG_00000027_SP000038" HPOS="848" VPOS="783" WIDTH="23"/>
        <String ID="PAG_00000027_ST000043" STYLEREFS="TXT_1" HPOS="871" VPOS="783" HEIGHT="41" WIDTH="92" WC="1" CONTENT="this"/>
        <SP ID="PAG_00000027_SP000039" HPOS="963" VPOS="773" WIDTH="25"/>
        <String ID="PAG_00000027_ST000044" STYLEREFS="TXT_1" HPOS="988" VPOS="773" HEIGHT="51" WIDTH="81" WC="1" CONTENT="has"/>
        <SP ID="PAG_00000027_SP000040" HPOS="1069" VPOS="783" WIDTH="26"/>
        <String ID="PAG_00000027_ST000045" STYLEREFS="TXT_1" HPOS="1095" VPOS="783" HEIGHT="41" WIDTH="113" WC="1" CONTENT="been"/>
        <SP ID="PAG_00000027_SP000041" HPOS="1208" VPOS="775" WIDTH="26"/>
        <String ID="PAG_00000027_ST000046" STYLEREFS="TXT_1" HPOS="1234" VPOS="775" HEIGHT="55" WIDTH="129" WC="1" CONTENT="done,"/>
        <SP ID="PAG_00000027_SP000042" HPOS="1363" VPOS="781" WIDTH="29"/>
        <String ID="PAG_00000027_ST000047" STYLEREFS="TXT_1" HPOS="1392" VPOS="781" HEIGHT="42" WIDTH="227" WC="1" CONTENT="occlusion"/>
        <SP ID="PAG_00000027_SP000043" HPOS="1619" VPOS="797" WIDTH="25"/>
        <String ID="PAG_00000027_ST000048" STYLEREFS="TXT_1" HPOS="1644" VPOS="797" HEIGHT="41" WIDTH="109" WC="1" CONTENT="may"/>
        <SP ID="PAG_00000027_SP000044" HPOS="1753" VPOS="784" WIDTH="23"/>
        <String ID="PAG_00000027_ST000049" STYLEREFS="TXT_1" HPOS="1776" VPOS="784" HEIGHT="42" WIDTH="56" WC="1" CONTENT="be"/>
        <SP ID="PAG_00000027_SP000045" HPOS="1832" VPOS="783" WIDTH="25"/>
        <String ID="PAG_00000027_ST000050" STYLEREFS="TXT_1" HPOS="1857" VPOS="783" HEIGHT="56" WIDTH="142" WC="1" CONTENT="easily"/>
      </TextLine>
      <TextLine ID="PAG_00000027_TL000006" STYLEREFS="TXT_1" HPOS="372" VPOS="832" HEIGHT="80" WIDTH="1626">
        <String ID="PAG_00000027_ST000051" STYLEREFS="TXT_1" HPOS="372" VPOS="832" HEIGHT="59" WIDTH="272" WC="0.96" CONTENT="obtained."/>
        <SP ID="PAG_00000027_SP000046" HPOS="644" VPOS="856" WIDTH="39"/>
        <String ID="PAG_00000027_ST000052" STYLEREFS="TXT_1" HPOS="683" VPOS="856" HEIGHT="43" WIDTH="127" WC="1" CONTENT="Then"/>
        <SP ID="PAG_00000027_SP000047" HPOS="810" VPOS="859" WIDTH="28"/>
        <String ID="PAG_00000027_ST000053" STYLEREFS="TXT_1" HPOS="838" VPOS="859" HEIGHT="47" WIDTH="112" WC="1" CONTENT="with"/>
        <SP ID="PAG_00000027_SP000048" HPOS="950" VPOS="860" WIDTH="28"/>
        <String ID="PAG_00000027_ST000054" STYLEREFS="TXT_1" HPOS="978" VPOS="860" HEIGHT="41" WIDTH="78" WC="1" CONTENT="the"/>
        <SP ID="PAG_00000027_SP000049" HPOS="1056" VPOS="859" WIDTH="28"/>
        <String ID="PAG_00000027_ST000055" STYLEREFS="TXT_1" HPOS="1084" VPOS="859" HEIGHT="42" WIDTH="76" WC="1" CONTENT="aid"/>
        <SP ID="PAG_00000027_SP000050" HPOS="1160" VPOS="859" WIDTH="28"/>
        <String ID="PAG_00000027_ST000056" STYLEREFS="TXT_1" HPOS="1188" VPOS="859" HEIGHT="41" WIDTH="45" WC="1" CONTENT="of"/>
        <SP ID="PAG_00000027_SP000051" HPOS="1233" VPOS="872" WIDTH="28"/>
        <String ID="PAG_00000027_ST000057" STYLEREFS="TXT_1" HPOS="1261" VPOS="872" HEIGHT="27" WIDTH="59" WC="1" CONTENT="an"/>
        <SP ID="PAG_00000027_SP000052" HPOS="1320" VPOS="860" WIDTH="28"/>
        <String ID="PAG_00000027_ST000058" STYLEREFS="TXT_1" HPOS="1348" VPOS="860" HEIGHT="52" WIDTH="249" WC="1" CONTENT="apparatus"/>
        <SP ID="PAG_00000027_SP000053" HPOS="1597" VPOS="860" WIDTH="28"/>
        <String ID="PAG_00000027_ST000059" STYLEREFS="TXT_1" HPOS="1625" VPOS="860" HEIGHT="52" WIDTH="118" WC="1" CONTENT="good"/>
        <SP ID="PAG_00000027_SP000054" HPOS="1743" VPOS="860" WIDTH="28"/>
        <String ID="PAG_00000027_ST000060" STYLEREFS="TXT_1" HPOS="1771" VPOS="860" HEIGHT="42" WIDTH="227" WC="1" CONTENT="occlusion"/>
      </TextLine>
      <TextLine ID="PAG_00000027_TL000007" STYLEREFS="TXT_1" HPOS="370" VPOS="919" HEIGHT="69" WIDTH="1628">
        <String ID="PAG_00000027_ST000061" STYLEREFS="TXT_1" HPOS="370" VPOS="919" HEIGHT="30" WIDTH="36" WC="0.02" TYPE="illegible" CONTENT="IS"/>
        <SP ID="PAG_00000027_SP000055" HPOS="406" VPOS="920" WIDTH="37"/>
        <String ID="PAG_00000027_ST000062" STYLEREFS="TXT_1" HPOS="443" VPOS="920" HEIGHT="53" WIDTH="281" WC="0.99" CONTENT="maintained"/>
        <SP ID="PAG_00000027_SP000056" HPOS="724" VPOS="933" WIDTH="39"/>
        <String ID="PAG_00000027_ST000063" STYLEREFS="TXT_1" HPOS="763" VPOS="933" HEIGHT="42" WIDTH="118" WC="1" CONTENT="until"/>
        <SP ID="PAG_00000027_SP000057" HPOS="881" VPOS="934" WIDTH="39"/>
        <String ID="PAG_00000027_ST000064" STYLEREFS="TXT_1" HPOS="920" VPOS="934" HEIGHT="42" WIDTH="311" WC="1" CONTENT="cicatrization"/>
        <SP ID="PAG_00000027_SP000058" HPOS="1231" VPOS="933" WIDTH="40"/>
        <String ID="PAG_00000027_ST000065" STYLEREFS="TXT_1" HPOS="1271" VPOS="933" HEIGHT="42" WIDTH="81" WC="1" CONTENT="has"/>
        <SP ID="PAG_00000027_SP000059" HPOS="1352" VPOS="923" WIDTH="40"/>
        <String ID="PAG_00000027_ST000066" STYLEREFS="TXT_1" HPOS="1392" VPOS="923" HEIGHT="51" WIDTH="140" WC="0.99" CONTENT="taken"/>
        <SP ID="PAG_00000027_SP000060" HPOS="1532" VPOS="925" WIDTH="39"/>
        <String ID="PAG_00000027_ST000067" STYLEREFS="TXT_1" HPOS="1571" VPOS="925" HEIGHT="63" WIDTH="140" WC="1" CONTENT="place."/>
        <SP ID="PAG_00000027_SP000061" HPOS="1711" VPOS="935" WIDTH="102"/>
        <String ID="PAG_00000027_ST000068" STYLEREFS="TXT_1" HPOS="1813" VPOS="935" HEIGHT="42" WIDTH="185" WC="1" CONTENT="Cicatri-" SUBS_TYPE="HypPart1" SUBS_CONTENT="Cicatrization"/>
        <HYP HPOS="1998" VPOS="977" WIDTH="30" CONTENT="-"/>
      </TextLine>
      <TextLine ID="PAG_00000027_TL000008" STYLEREFS="TXT_1" HPOS="370" VPOS="991" HEIGHT="75" WIDTH="1628">
        <String ID="PAG_00000027_ST000069" STYLEREFS="TXT_1" HPOS="370" VPOS="991" HEIGHT="48" WIDTH="149" WC="0.96" CONTENT="zation" SUBS_TYPE="HypPart2" SUBS_CONTENT="Cicatrization"/>
        <SP ID="PAG_00000027_SP000062" HPOS="519" VPOS="1000" WIDTH="30"/>
        <String ID="PAG_00000027_ST000070" STYLEREFS="TXT_1" HPOS="549" VPOS="1000" HEIGHT="44" WIDTH="37" WC="1" CONTENT="is"/>
        <SP ID="PAG_00000027_SP000063" HPOS="586" VPOS="1007" WIDTH="33"/>
        <String ID="PAG_00000027_ST000071" STYLEREFS="TXT_1" HPOS="619" VPOS="1007" HEIGHT="45" WIDTH="218" WC="1" CONTENT="obtained"/>
        <SP ID="PAG_00000027_SP000064" HPOS="837" VPOS="1011" WIDTH="31"/>
        <String ID="PAG_00000027_ST000072" STYLEREFS="TXT_1" HPOS="868" VPOS="1011" HEIGHT="41" WIDTH="46" WC="1" CONTENT="in"/>
        <SP ID="PAG_00000027_SP000065" HPOS="914" VPOS="1012" WIDTH="34"/>
        <String ID="PAG_00000027_ST000073" STYLEREFS="TXT_1" HPOS="948" VPOS="1012" HEIGHT="54" WIDTH="141" WC="1" CONTENT="about"/>
        <SP ID="PAG_00000027_SP000066" HPOS="1089" VPOS="1011" WIDTH="32"/>
        <String ID="PAG_00000027_ST000074" STYLEREFS="TXT_1" HPOS="1121" VPOS="1011" HEIGHT="41" WIDTH="127" WC="1" CONTENT="three"/>
        <SP ID="PAG_00000027_SP000067" HPOS="1248" VPOS="997" WIDTH="32"/>
        <String ID="PAG_00000027_ST000075" STYLEREFS="TXT_1" HPOS="1280" VPOS="997" HEIGHT="55" WIDTH="191" WC="1" CONTENT="weeks."/>
        <SP ID="PAG_00000027_SP000068" HPOS="1471" VPOS="997" WIDTH="1"/>
        <String ID="PAG_00000027_ST000076" STYLEREFS="TXT_1" HPOS="1471" VPOS="997" HEIGHT="55" WIDTH="193" WC="1" CONTENT="After"/>
        <SP ID="PAG_00000027_SP000069" HPOS="1664" VPOS="1011" WIDTH="31"/>
        <String ID="PAG_00000027_ST000077" STYLEREFS="TXT_1" HPOS="1695" VPOS="1011" HEIGHT="42" WIDTH="91" WC="1" CONTENT="this"/>
        <SP ID="PAG_00000027_SP000070" HPOS="1786" VPOS="1026" WIDTH="33"/>
        <String ID="PAG_00000027_ST000078" STYLEREFS="TXT_1" HPOS="1819" VPOS="1026" HEIGHT="40" WIDTH="179" WC="1" CONTENT="process"/>
      </TextLine>
      <TextLine ID="PAG_00000027_TL000009" STYLEREFS="TXT_1" HPOS="371" VPOS="1057" HEIGHT="86" WIDTH="1626">
        <String ID="PAG_00000027_ST000079" STYLEREFS="TXT_1" HPOS="371" VPOS="1057" HEIGHT="45" WIDTH="35" WC="0.46" TYPE="illegible" CONTENT="is"/>
        <SP ID="PAG_00000027_SP000071" HPOS="406" VPOS="1078" WIDTH="28"/>
        <String ID="PAG_00000027_ST000080" STYLEREFS="TXT_1" HPOS="434" VPOS="1078" HEIGHT="56" WIDTH="266" WC="0.97" CONTENT="cornpleted"/>
        <SP ID="PAG_00000027_SP000072" HPOS="700" VPOS="1086" WIDTH="35"/>
        <String ID="PAG_00000027_ST000081" STYLEREFS="TXT_1" HPOS="735" VPOS="1086" HEIGHT="40" WIDTH="19" WC="1" CONTENT="I"/>
        <SP ID="PAG_00000027_SP000073" HPOS="754" VPOS="1087" WIDTH="30"/>
        <String ID="PAG_00000027_ST000082" STYLEREFS="TXT_1" HPOS="784" VPOS="1087" HEIGHT="42" WIDTH="111" WC="0.97" CONTENT="then"/>
        <SP ID="PAG_00000027_SP000074" HPOS="895" VPOS="1092" WIDTH="31"/>
        <String ID="PAG_00000027_ST000083" STYLEREFS="TXT_1" HPOS="926" VPOS="1092" HEIGHT="51" WIDTH="184" WC="1" CONTENT="operate"/>
        <SP ID="PAG_00000027_SP000075" HPOS="1110" VPOS="1101" WIDTH="30"/>
        <String ID="PAG_00000027_ST000084" STYLEREFS="TXT_1" HPOS="1140" VPOS="1101" HEIGHT="41" WIDTH="122" WC="0.83" CONTENT="lipon"/>
        <SP ID="PAG_00000027_SP000076" HPOS="1262" VPOS="1085" WIDTH="30"/>
        <String ID="PAG_00000027_ST000085" STYLEREFS="TXT_1" HPOS="1292" VPOS="1085" HEIGHT="44" WIDTH="78" WC="1" CONTENT="the"/>
        <SP ID="PAG_00000027_SP000077" HPOS="1370" VPOS="1087" WIDTH="30"/>
        <String ID="PAG_00000027_ST000086" STYLEREFS="TXT_1" HPOS="1400" VPOS="1087" HEIGHT="42" WIDTH="111" WC="1" CONTENT="false"/>
        <SP ID="PAG_00000027_SP000078" HPOS="1511" VPOS="1086" WIDTH="29"/>
        <String ID="PAG_00000027_ST000087" STYLEREFS="TXT_1" HPOS="1540" VPOS="1086" HEIGHT="55" WIDTH="130" WC="0.98" CONTENT="joint,"/>
        <SP ID="PAG_00000027_SP000079" HPOS="1670" VPOS="1088" WIDTH="33"/>
        <String ID="PAG_00000027_ST000088" STYLEREFS="TXT_1" HPOS="1703" VPOS="1088" HEIGHT="50" WIDTH="89" WC="1" CONTENT="but"/>
        <SP ID="PAG_00000027_SP000080" HPOS="1792" VPOS="1101" WIDTH="27"/>
        <String ID="PAG_00000027_ST000089" STYLEREFS="TXT_1" HPOS="1819" VPOS="1101" HEIGHT="41" WIDTH="122" WC="1" CONTENT="upon"/>
        <SP ID="PAG_00000027_SP000081" HPOS="1941" VPOS="1103" WIDTH="31"/>
        <String ID="PAG_00000027_ST000090" STYLEREFS="TXT_1" HPOS="1972" VPOS="1103" HEIGHT="27" WIDTH="25" WC="1" CONTENT="a"/>
      </TextLine>
      <TextLine ID="PAG_00000027_TL000010" STYLEREFS="TXT_1" HPOS="364" VPOS="1136" HEIGHT="82" WIDTH="1475">
        <String ID="PAG_00000027_ST000091" STYLEREFS="TXT_1" HPOS="364" VPOS="1136" HEIGHT="52" WIDTH="112" WC="0.99" CONTENT="false"/>
        <SP ID="PAG_00000027_SP000082" HPOS="476" VPOS="1151" WIDTH="25"/>
        <String ID="PAG_00000027_ST000092" STYLEREFS="TXT_1" HPOS="501" VPOS="1151" HEIGHT="54" WIDTH="116" WC="1" CONTENT="joint"/>
        <SP ID="PAG_00000027_SP000083" HPOS="617" VPOS="1160" WIDTH="27"/>
        <String ID="PAG_00000027_ST000093" STYLEREFS="TXT_1" HPOS="644" VPOS="1160" HEIGHT="43" WIDTH="46" WC="1" CONTENT="in"/>
        <SP ID="PAG_00000027_SP000084" HPOS="690" VPOS="1163" WIDTH="26"/>
        <String ID="PAG_00000027_ST000094" STYLEREFS="TXT_1" HPOS="716" VPOS="1163" HEIGHT="42" WIDTH="151" WC="1" CONTENT="which"/>
        <SP ID="PAG_00000027_SP000085" HPOS="867" VPOS="1165" WIDTH="22"/>
        <String ID="PAG_00000027_ST000095" STYLEREFS="TXT_1" HPOS="889" VPOS="1165" HEIGHT="41" WIDTH="78" WC="1" CONTENT="the"/>
        <SP ID="PAG_00000027_SP000086" HPOS="967" VPOS="1165" WIDTH="26"/>
        <String ID="PAG_00000027_ST000096" STYLEREFS="TXT_1" HPOS="993" VPOS="1165" HEIGHT="53" WIDTH="249" WC="1" CONTENT="fragments"/>
        <SP ID="PAG_00000027_SP000087" HPOS="1242" VPOS="1164" WIDTH="27"/>
        <String ID="PAG_00000027_ST000097" STYLEREFS="TXT_1" HPOS="1269" VPOS="1164" HEIGHT="42" WIDTH="73" WC="0.99" CONTENT="are"/>
        <SP ID="PAG_00000027_SP000088" HPOS="1342" VPOS="1164" WIDTH="1"/>
        <String ID="PAG_00000027_ST000098" STYLEREFS="TXT_1" HPOS="1342" VPOS="1164" HEIGHT="42" WIDTH="73" WC="0.99" CONTENT="in"/>
        <SP ID="PAG_00000027_SP000089" HPOS="1415" VPOS="1164" WIDTH="22"/>
        <String ID="PAG_00000027_ST000099" STYLEREFS="TXT_1" HPOS="1437" VPOS="1164" HEIGHT="54" WIDTH="122" WC="1" CONTENT="good"/>
        <SP ID="PAG_00000027_SP000090" HPOS="1559" VPOS="1164" WIDTH="27"/>
        <String ID="PAG_00000027_ST000100" STYLEREFS="TXT_1" HPOS="1586" VPOS="1164" HEIGHT="44" WIDTH="253" WC="0.99" CONTENT="occlusion.."/>
      </TextLine>
    </TextBlock>
    <TextBlock ID="PAG_00000027_TB000003" STYLEREFS="TXT_1" HPOS="513" VPOS="1362" HEIGHT="333" WIDTH="1215" language="en">
      <TextLine ID="PAG_00000027_TL000011" STYLEREFS="TXT_1" HPOS="1120" VPOS="1362" HEIGHT="237" WIDTH="264">
        <String ID="PAG_00000027_ST000101" STYLEREFS="TXT_1" HPOS="1120" VPOS="1362" HEIGHT="237" WIDTH="75" WC="0.00" TYPE="illegible" CONTENT="*"/>
        <SP ID="PAG_00000027_SP000091" HPOS="1195" VPOS="1362" WIDTH="1"/>
        <String ID="PAG_00000027_ST000102" STYLEREFS="TXT_1" HPOS="1308" VPOS="1362" HEIGHT="237" WIDTH="76" WC="0.00" TYPE="illegible" CONTENT="*"/>
      </TextLine>
      <TextLine ID="PAG_00000027_TL000012" STYLEREFS="TXT_1" HPOS="513" VPOS="1543" HEIGHT="152" WIDTH="1215">
        <String ID="PAG_00000027_ST000103" STYLEREFS="TXT_1" HPOS="513" VPOS="1543" HEIGHT="152" WIDTH="86" WC="0.97" CONTENT="2°"/>
        <SP ID="PAG_00000027_SP000092" HPOS="599" VPOS="1543" WIDTH="1"/>
        <String ID="PAG_00000027_ST000104" STYLEREFS="TXT_1" HPOS="599" VPOS="1543" HEIGHT="152" WIDTH="318" WC="0.97" CONTENT="PROSTHESIS"/>
        <SP ID="PAG_00000027_SP000093" HPOS="917" VPOS="1543" WIDTH="1"/>
        <String ID="PAG_00000027_ST000105" STYLEREFS="TXT_1" HPOS="917" VPOS="1543" HEIGHT="152" WIDTH="115" WC="0.97" CONTENT="AND"/>
        <SP ID="PAG_00000027_SP000094" HPOS="1032" VPOS="1543" WIDTH="1"/>
        <String ID="PAG_00000027_ST000106" STYLEREFS="TXT_1" HPOS="1032" VPOS="1543" HEIGHT="152" WIDTH="696" WC="0.97" CONTENT="OTO-RHINO-LARYNGOLOGY."/>
      </TextLine>
    </TextBlock>
    <TextBlock ID="PAG_00000027_TB000004" STYLEREFS="TXT_1" HPOS="336" VPOS="1680" HEIGHT="1449" WIDTH="1712" language="en">
      <TextLine ID="PAG_00000027_TL000013" STYLEREFS="TXT_1" HPOS="453" VPOS="1680" HEIGHT="72" WIDTH="1545">
        <String ID="PAG_00000027_ST000107" STYLEREFS="TXT_1" HPOS="453" VPOS="1680" HEIGHT="67" WIDTH="232" WC="1" CONTENT="Although"/>
        <SP ID="PAG_00000027_SP000095" HPOS="685" VPOS="1696" WIDTH="35"/>
        <String ID="PAG_00000027_ST000108" STYLEREFS="TXT_1" HPOS="720" VPOS="1696" HEIGHT="41" WIDTH="79" WC="1" CONTENT="the"/>
        <SP ID="PAG_00000027_SP000096" HPOS="799" VPOS="1696" WIDTH="38"/>
        <String ID="PAG_00000027_ST000109" STYLEREFS="TXT_1" HPOS="837" VPOS="1696" HEIGHT="55" WIDTH="301" WC="1" CONTENT="applications"/>
        <SP ID="PAG_00000027_SP000097" HPOS="1138" VPOS="1697" WIDTH="38"/>
        <String ID="PAG_00000027_ST000110" STYLEREFS="TXT_1" HPOS="1176" VPOS="1697" HEIGHT="41" WIDTH="46" WC="1" CONTENT="of"/>
        <SP ID="PAG_00000027_SP000098" HPOS="1222" VPOS="1683" WIDTH="36"/>
        <String ID="PAG_00000027_ST000111" STYLEREFS="TXT_1" HPOS="1258" VPOS="1683" HEIGHT="69" WIDTH="224" WC="1" CONTENT="prothesis"/>
        <SP ID="PAG_00000027_SP000099" HPOS="1482" VPOS="1700" WIDTH="36"/>
        <String ID="PAG_00000027_ST000112" STYLEREFS="TXT_1" HPOS="1518" VPOS="1700" HEIGHT="39" WIDTH="48" WC="1" CONTENT="to"/>
        <SP ID="PAG_00000027_SP000100" HPOS="1566" VPOS="1696" WIDTH="39"/>
        <String ID="PAG_00000027_ST000113" STYLEREFS="TXT_1" HPOS="1605" VPOS="1696" HEIGHT="56" WIDTH="393" WC="1" CONTENT="oto-laryngology"/>
      </TextLine>
      <TextLine ID="PAG_00000027_TL000014" STYLEREFS="TXT_1" HPOS="372" VPOS="1760" HEIGHT="69" WIDTH="1457">
        <String ID="PAG_00000027_ST000114" STYLEREFS="TXT_1" HPOS="372" VPOS="1760" HEIGHT="35" WIDTH="86" WC="1" CONTENT="are"/>
        <SP ID="PAG_00000027_SP000101" HPOS="458" VPOS="1771" WIDTH="9"/>
        <String ID="PAG_00000027_ST000115" STYLEREFS="TXT_1" HPOS="467" VPOS="1771" HEIGHT="49" WIDTH="111" WC="1" CONTENT="very"/>
        <SP ID="PAG_00000027_SP000102" HPOS="578" VPOS="1783" WIDTH="22"/>
        <String ID="PAG_00000027_ST000116" STYLEREFS="TXT_1" HPOS="600" VPOS="1783" HEIGHT="32" WIDTH="257" WC="1" CONTENT="numerous."/>
        <SP ID="PAG_00000027_SP000103" HPOS="857" VPOS="1769" WIDTH="1"/>
        <String ID="PAG_00000027_ST000117" STYLEREFS="TXT_1" HPOS="858" VPOS="1769" HEIGHT="1" WIDTH="6" WC="1" CONTENT="-"/>
        <SP ID="PAG_00000027_SP000104" HPOS="864" VPOS="1766" WIDTH="72"/>
        <String ID="PAG_00000027_ST000118" STYLEREFS="TXT_1" HPOS="936" VPOS="1766" HEIGHT="48" WIDTH="29" WC="1" CONTENT="I"/>
        <SP ID="PAG_00000027_SP000105" HPOS="965" VPOS="1773" WIDTH="27"/>
        <String ID="PAG_00000027_ST000119" STYLEREFS="TXT_1" HPOS="992" VPOS="1773" HEIGHT="42" WIDTH="88" WC="1" CONTENT="will"/>
        <SP ID="PAG_00000027_SP000106" HPOS="1080" VPOS="1774" WIDTH="24"/>
        <String ID="PAG_00000027_ST000120" STYLEREFS="TXT_1" HPOS="1104" VPOS="1774" HEIGHT="41" WIDTH="107" WC="1" CONTENT="take"/>
        <SP ID="PAG_00000027_SP000107" HPOS="1211" VPOS="1788" WIDTH="25"/>
        <String ID="PAG_00000027_ST000121" STYLEREFS="TXT_1" HPOS="1236" VPOS="1788" HEIGHT="40" WIDTH="61" WC="1" CONTENT="up"/>
        <SP ID="PAG_00000027_SP000108" HPOS="1297" VPOS="1778" WIDTH="26"/>
        <String ID="PAG_00000027_ST000122" STYLEREFS="TXT_1" HPOS="1323" VPOS="1778" HEIGHT="38" WIDTH="89" WC="1" CONTENT="two"/>
        <SP ID="PAG_00000027_SP000109" HPOS="1412" VPOS="1760" WIDTH="16"/>
        <String ID="PAG_00000027_ST000123" STYLEREFS="TXT_1" HPOS="1428" VPOS="1760" HEIGHT="69" WIDTH="240" WC="1" CONTENT="examples"/>
        <SP ID="PAG_00000027_SP000110" HPOS="1668" VPOS="1774" WIDTH="26"/>
        <String ID="PAG_00000027_ST000124" STYLEREFS="TXT_1" HPOS="1694" VPOS="1774" HEIGHT="55" WIDTH="96" WC="0.98" CONTENT="only"/>
        <SP ID="PAG_00000027_SP000111" HPOS="1790" VPOS="1774" WIDTH="1"/>
        <String ID="PAG_00000027_ST000125" STYLEREFS="TXT_1" HPOS="1790" VPOS="1774" HEIGHT="55" WIDTH="39" WC="0.98" CONTENT=":"/>
      </TextLine>
      <TextLine ID="PAG_00000027_TL000015" STYLEREFS="TXT_1" HPOS="454" VPOS="1829" HEIGHT="77" WIDTH="1545">
        <String ID="PAG_00000027_ST000126" STYLEREFS="TXT_1" HPOS="454" VPOS="1833" HEIGHT="70" WIDTH="279" WC="1" CONTENT="Frequently"/>
        <SP ID="PAG_00000027_SP000112" HPOS="733" VPOS="1851" WIDTH="29"/>
        <String ID="PAG_00000027_ST000127" STYLEREFS="TXT_1" HPOS="762" VPOS="1851" HEIGHT="41" WIDTH="189" WC="1" CONTENT="wounds"/>
        <SP ID="PAG_00000027_SP000113" HPOS="951" VPOS="1829" WIDTH="33"/>
        <String ID="PAG_00000027_ST000128" STYLEREFS="TXT_1" HPOS="984" VPOS="1829" HEIGHT="63" WIDTH="45" WC="1" CONTENT="of"/>
        <SP ID="PAG_00000027_SP000114" HPOS="1029" VPOS="1851" WIDTH="30"/>
        <String ID="PAG_00000027_ST000129" STYLEREFS="TXT_1" HPOS="1059" VPOS="1851" HEIGHT="41" WIDTH="79" WC="1" CONTENT="the"/>
        <SP ID="PAG_00000027_SP000115" HPOS="1138" VPOS="1851" WIDTH="31"/>
        <String ID="PAG_00000027_ST000130" STYLEREFS="TXT_1" HPOS="1169" VPOS="1851" HEIGHT="41" WIDTH="97" WC="1" CONTENT="face"/>
        <SP ID="PAG_00000027_SP000116" HPOS="1266" VPOS="1864" WIDTH="33"/>
        <String ID="PAG_00000027_ST000131" STYLEREFS="TXT_1" HPOS="1299" VPOS="1864" HEIGHT="28" WIDTH="74" WC="1" CONTENT="are"/>
        <SP ID="PAG_00000027_SP000117" HPOS="1373" VPOS="1850" WIDTH="32"/>
        <String ID="PAG_00000027_ST000132" STYLEREFS="TXT_1" HPOS="1405" VPOS="1850" HEIGHT="56" WIDTH="301" WC="1" CONTENT="complicated"/>
        <SP ID="PAG_00000027_SP000118" HPOS="1706" VPOS="1850" WIDTH="30"/>
        <String ID="PAG_00000027_ST000133" STYLEREFS="TXT_1" HPOS="1736" VPOS="1850" HEIGHT="55" WIDTH="64" WC="1" CONTENT="by"/>
        <SP ID="PAG_00000027_SP000119" HPOS="1800" VPOS="1850" WIDTH="30"/>
        <String ID="PAG_00000027_ST000134" STYLEREFS="TXT_1" HPOS="1830" VPOS="1850" HEIGHT="42" WIDTH="169" WC="1" CONTENT="serious"/>
      </TextLine>
      <TextLine ID="PAG_00000027_TL000016" STYLEREFS="TXT_1" HPOS="371" VPOS="1900" HEIGHT="82" WIDTH="1628">
        <String ID="PAG_00000027_ST000135" STYLEREFS="TXT_1" HPOS="371" VPOS="1900" HEIGHT="65" WIDTH="260" WC="0.95" CONTENT="deformities"/>
        <SP ID="PAG_00000027_SP000120" HPOS="631" VPOS="1924" WIDTH="24"/>
        <String ID="PAG_00000027_ST000136" STYLEREFS="TXT_1" HPOS="655" VPOS="1924" HEIGHT="52" WIDTH="45" WC="0.99" CONTENT="of"/>
        <SP ID="PAG_00000027_SP000121" HPOS="700" VPOS="1927" WIDTH="22"/>
        <String ID="PAG_00000027_ST000137" STYLEREFS="TXT_1" HPOS="722" VPOS="1927" HEIGHT="41" WIDTH="66" WC="1" CONTENT="the"/>
        <SP ID="PAG_00000027_SP000122" HPOS="788" VPOS="1927" WIDTH="25"/>
        <String ID="PAG_00000027_ST000138" STYLEREFS="TXT_1" HPOS="813" VPOS="1927" HEIGHT="41" WIDTH="189" WC="0.99" CONTENT="nostrils."/>
        <SP ID="PAG_00000027_SP000123" HPOS="1002" VPOS="1928" WIDTH="89"/>
        <String ID="PAG_00000027_ST000139" STYLEREFS="TXT_1" HPOS="1091" VPOS="1928" HEIGHT="40" WIDTH="53" WC="1" CONTENT="In"/>
        <SP ID="PAG_00000027_SP000124" HPOS="1144" VPOS="1928" WIDTH="25"/>
        <String ID="PAG_00000027_ST000140" STYLEREFS="TXT_1" HPOS="1169" VPOS="1928" HEIGHT="41" WIDTH="128" WC="1" CONTENT="these"/>
        <SP ID="PAG_00000027_SP000125" HPOS="1297" VPOS="1941" WIDTH="26"/>
        <String ID="PAG_00000027_ST000141" STYLEREFS="TXT_1" HPOS="1323" VPOS="1941" HEIGHT="28" WIDTH="122" WC="0.99" CONTENT="cases"/>
        <SP ID="PAG_00000027_SP000126" HPOS="1445" VPOS="1928" WIDTH="27"/>
        <String ID="PAG_00000027_ST000142" STYLEREFS="TXT_1" HPOS="1472" VPOS="1928" HEIGHT="40" WIDTH="21" WC="1" CONTENT="I"/>
        <SP ID="PAG_00000027_SP000127" HPOS="1493" VPOS="1927" WIDTH="26"/>
        <String ID="PAG_00000027_ST000143" STYLEREFS="TXT_1" HPOS="1519" VPOS="1927" HEIGHT="55" WIDTH="229" WC="1" CONTENT="generally"/>
        <SP ID="PAG_00000027_SP000128" HPOS="1748" VPOS="1941" WIDTH="24"/>
        <String ID="PAG_00000027_ST000144" STYLEREFS="TXT_1" HPOS="1772" VPOS="1941" HEIGHT="27" WIDTH="78" WC="1" CONTENT="use"/>
        <SP ID="PAG_00000027_SP000129" HPOS="1850" VPOS="1941" WIDTH="25"/>
        <String ID="PAG_00000027_ST000145" STYLEREFS="TXT_1" HPOS="1875" VPOS="1941" HEIGHT="41" WIDTH="124" WC="1" CONTENT="espe-" SUBS_TYPE="HypPart1" SUBS_CONTENT="especially"/>
        <HYP HPOS="1999" VPOS="1982" WIDTH="30" CONTENT="-"/>
      </TextLine>
      <TextLine ID="PAG_00000027_TL000017" STYLEREFS="TXT_1" HPOS="369" VPOS="1979" HEIGHT="86" WIDTH="1628">
        <String ID="PAG_00000027_ST000146" STYLEREFS="TXT_1" HPOS="369" VPOS="1979" HEIGHT="64" WIDTH="132" WC="1" CONTENT="cially" SUBS_TYPE="HypPart2" SUBS_CONTENT="especially"/>
        <SP ID="PAG_00000027_SP000130" HPOS="501" VPOS="1994" WIDTH="24"/>
        <String ID="PAG_00000027_ST000147" STYLEREFS="TXT_1" HPOS="525" VPOS="1994" HEIGHT="59" WIDTH="214" WC="1" CONTENT="designed"/>
        <SP ID="PAG_00000027_SP000131" HPOS="739" VPOS="2003" WIDTH="33"/>
        <String ID="PAG_00000027_ST000148" STYLEREFS="TXT_1" HPOS="772" VPOS="2003" HEIGHT="42" WIDTH="127" WC="1" CONTENT="nasal"/>
        <SP ID="PAG_00000027_SP000132" HPOS="899" VPOS="2003" WIDTH="36"/>
        <String ID="PAG_00000027_ST000149" STYLEREFS="TXT_1" HPOS="935" VPOS="2003" HEIGHT="42" WIDTH="274" WC="1" CONTENT="conformers"/>
        <SP ID="PAG_00000027_SP000133" HPOS="1209" VPOS="2002" WIDTH="31"/>
        <String ID="PAG_00000027_ST000150" STYLEREFS="TXT_1" HPOS="1240" VPOS="2002" HEIGHT="55" WIDTH="86" WC="1" CONTENT="(see"/>
        <SP ID="PAG_00000027_SP000134" HPOS="1326" VPOS="2002" WIDTH="29"/>
        <String ID="PAG_00000027_ST000151" STYLEREFS="TXT_1" HPOS="1355" VPOS="2002" HEIGHT="55" WIDTH="72" WC="1" CONTENT="fig."/>
        <SP ID="PAG_00000027_SP000135" HPOS="1427" VPOS="2060" WIDTH="26"/>
        <String ID="PAG_00000027_ST000152" STYLEREFS="TXT_1" HPOS="1459" VPOS="2016" HEIGHT="37" WIDTH="66" WC="1" CONTENT="10,"/>
        <SP ID="PAG_00000027_SP000136" HPOS="1525" VPOS="2016" WIDTH="31"/>
        <String ID="PAG_00000027_ST000153" STYLEREFS="TXT_1" HPOS="1556" VPOS="2016" HEIGHT="37" WIDTH="66" WC="0.91" CONTENT="II,"/>
        <SP ID="PAG_00000027_SP000137" HPOS="1622" VPOS="2016" WIDTH="31"/>
        <String ID="PAG_00000027_ST000154" STYLEREFS="TXT_1" HPOS="1653" VPOS="2016" HEIGHT="30" WIDTH="52" WC="1" CONTENT="12"/>
        <SP ID="PAG_00000027_SP000138" HPOS="1705" VPOS="2004" WIDTH="28"/>
        <String ID="PAG_00000027_ST000155" STYLEREFS="TXT_1" HPOS="1733" VPOS="2004" HEIGHT="51" WIDTH="90" WC="0.93" CONTENT="and"/>
        <SP ID="PAG_00000027_SP000139" HPOS="1823" VPOS="2004" WIDTH="28"/>
        <String ID="PAG_00000027_ST000156" STYLEREFS="TXT_1" HPOS="1851" VPOS="2004" HEIGHT="54" WIDTH="68" WC="1" CONTENT="13)"/>
        <SP ID="PAG_00000027_SP000140" HPOS="1919" VPOS="2008" WIDTH="31"/>
        <String ID="PAG_00000027_ST000157" STYLEREFS="TXT_1" HPOS="1950" VPOS="2008" HEIGHT="37" WIDTH="47" WC="1" CONTENT="to"/>
      </TextLine>
      <TextLine ID="PAG_00000027_TL000018" STYLEREFS="TXT_1" HPOS="336" VPOS="2060" HEIGHT="62" WIDTH="1677">
        <String ID="PAG_00000027_ST000158" STYLEREFS="TXT_1" HPOS="370" VPOS="2063" HEIGHT="50" WIDTH="214" WC="1" CONTENT="establish"/>
        <SP ID="PAG_00000027_SP000141" HPOS="584" VPOS="2076" WIDTH="22"/>
        <String ID="PAG_00000027_ST000159" STYLEREFS="TXT_1" HPOS="606" VPOS="2076" HEIGHT="42" WIDTH="79" WC="1" CONTENT="the"/>
        <SP ID="PAG_00000027_SP000142" HPOS="685" VPOS="2080" WIDTH="24"/>
        <String ID="PAG_00000027_ST000160" STYLEREFS="TXT_1" HPOS="709" VPOS="2080" HEIGHT="41" WIDTH="177" WC="1" CONTENT="normal"/>
        <SP ID="PAG_00000027_SP000143" HPOS="886" VPOS="2079" WIDTH="25"/>
        <String ID="PAG_00000027_ST000161" STYLEREFS="TXT_1" HPOS="911" VPOS="2079" HEIGHT="42" WIDTH="166" WC="1" CONTENT="calibre"/>
        <SP ID="PAG_00000027_SP000144" HPOS="1077" VPOS="2080" WIDTH="30"/>
        <String ID="PAG_00000027_ST000162" STYLEREFS="TXT_1" HPOS="1107" VPOS="2080" HEIGHT="41" WIDTH="91" WC="1" CONTENT="and"/>
        <SP ID="PAG_00000027_SP000145" HPOS="1198" VPOS="2080" WIDTH="30"/>
        <String ID="PAG_00000027_ST000163" STYLEREFS="TXT_1" HPOS="1228" VPOS="2080" HEIGHT="42" WIDTH="119" WC="1" CONTENT="form"/>
        <SP ID="PAG_00000027_SP000146" HPOS="1347" VPOS="2080" WIDTH="32"/>
        <String ID="PAG_00000027_ST000164" STYLEREFS="TXT_1" HPOS="1379" VPOS="2080" HEIGHT="41" WIDTH="45" WC="1" CONTENT="of"/>
        <SP ID="PAG_00000027_SP000147" HPOS="1424" VPOS="2060" WIDTH="15"/>
        <String ID="PAG_00000027_ST000165" STYLEREFS="TXT_1" HPOS="1439" VPOS="2060" HEIGHT="5" WIDTH="6" WC="1" CONTENT="-"/>
        <SP ID="PAG_00000027_SP000148" HPOS="1445" VPOS="2080" WIDTH="8"/>
        <String ID="PAG_00000027_ST000166" STYLEREFS="TXT_1" HPOS="1453" VPOS="2080" HEIGHT="41" WIDTH="79" WC="1" CONTENT="the"/>
        <SP ID="PAG_00000027_SP000149" HPOS="1532" VPOS="2080" WIDTH="23"/>
        <String ID="PAG_00000027_ST000167" STYLEREFS="TXT_1" HPOS="1555" VPOS="2080" HEIGHT="42" WIDTH="174" WC="1" CONTENT="nostril."/>
        <SP ID="PAG_00000027_SP000150" HPOS="1729" VPOS="2081" WIDTH="87"/>
        <String ID="PAG_00000027_ST000168" STYLEREFS="TXT_1" HPOS="1816" VPOS="2081" HEIGHT="40" WIDTH="21" WC="1" CONTENT="I"/>
        <SP ID="PAG_00000027_SP000151" HPOS="1837" VPOS="2080" WIDTH="24"/>
        <String ID="PAG_00000027_ST000169" STYLEREFS="TXT_1" HPOS="1861" VPOS="2080" HEIGHT="41" WIDTH="152" WC="1" CONTENT="much"/>
      </TextLine>
      <TextLine ID="PAG_00000027_TL000019" STYLEREFS="TXT_1" HPOS="371" VPOS="2140" HEIGHT="72" WIDTH="1627">
        <String ID="PAG_00000027_ST000170" STYLEREFS="TXT_1" HPOS="371" VPOS="2140" HEIGHT="45" WIDTH="144" WC="1" CONTENT="Prefer"/>
        <SP ID="PAG_00000027_SP000152" HPOS="515" VPOS="2151" WIDTH="36"/>
        <String ID="PAG_00000027_ST000171" STYLEREFS="TXT_1" HPOS="551" VPOS="2151" HEIGHT="42" WIDTH="92" WC="1" CONTENT="this"/>
        <SP ID="PAG_00000027_SP000153" HPOS="643" VPOS="2146" WIDTH="49"/>
        <String ID="PAG_00000027_ST000172" STYLEREFS="TXT_1" HPOS="692" VPOS="2146" HEIGHT="57" WIDTH="160" WC="1" CONTENT="device"/>
        <SP ID="PAG_00000027_SP000154" HPOS="852" VPOS="2161" WIDTH="47"/>
        <String ID="PAG_00000027_ST000173" STYLEREFS="TXT_1" HPOS="899" VPOS="2161" HEIGHT="36" WIDTH="53" WC="1" CONTENT="to"/>
        <SP ID="PAG_00000027_SP000155" HPOS="952" VPOS="2157" WIDTH="45"/>
        <String ID="PAG_00000027_ST000174" STYLEREFS="TXT_1" HPOS="997" VPOS="2157" HEIGHT="41" WIDTH="79" WC="1" CONTENT="the"/>
        <SP ID="PAG_00000027_SP000156" HPOS="1076" VPOS="2157" WIDTH="40"/>
        <String ID="PAG_00000027_ST000175" STYLEREFS="TXT_1" HPOS="1116" VPOS="2157" HEIGHT="41" WIDTH="167" WC="1" CONTENT="rubber"/>
        <SP ID="PAG_00000027_SP000157" HPOS="1283" VPOS="2156" WIDTH="38"/>
        <String ID="PAG_00000027_ST000176" STYLEREFS="TXT_1" HPOS="1321" VPOS="2156" HEIGHT="55" WIDTH="213" WC="1" CONTENT="drainage"/>
        <SP ID="PAG_00000027_SP000158" HPOS="1534" VPOS="2158" WIDTH="34"/>
        <String ID="PAG_00000027_ST000177" STYLEREFS="TXT_1" HPOS="1568" VPOS="2158" HEIGHT="40" WIDTH="139" WC="1" CONTENT="tubes"/>
        <SP ID="PAG_00000027_SP000159" HPOS="1707" VPOS="2157" WIDTH="32"/>
        <String ID="PAG_00000027_ST000178" STYLEREFS="TXT_1" HPOS="1739" VPOS="2157" HEIGHT="55" WIDTH="259" WC="1" CONTENT="commonly"/>
      </TextLine>
      <TextLine ID="PAG_00000027_TL000020" STYLEREFS="TXT_1" HPOS="370" VPOS="2218" HEIGHT="69" WIDTH="1678">
        <String ID="PAG_00000027_ST000179" STYLEREFS="TXT_1" HPOS="370" VPOS="2218" HEIGHT="59" WIDTH="236" WC="0.98" CONTENT="employed"/>
        <SP ID="PAG_00000027_SP000160" HPOS="606" VPOS="2230" WIDTH="25"/>
        <String ID="PAG_00000027_ST000180" STYLEREFS="TXT_1" HPOS="631" VPOS="2230" HEIGHT="42" WIDTH="71" WC="1" CONTENT="for"/>
        <SP ID="PAG_00000027_SP000161" HPOS="702" VPOS="2232" WIDTH="24"/>
        <String ID="PAG_00000027_ST000181" STYLEREFS="TXT_1" HPOS="726" VPOS="2232" HEIGHT="42" WIDTH="93" WC="1" CONTENT="this"/>
        <SP ID="PAG_00000027_SP000162" HPOS="819" VPOS="2247" WIDTH="24"/>
        <String ID="PAG_00000027_ST000182" STYLEREFS="TXT_1" HPOS="843" VPOS="2247" HEIGHT="40" WIDTH="209" WC="1" CONTENT="purpose."/>
        <SP ID="PAG_00000027_SP000163" HPOS="1052" VPOS="2244" WIDTH="21"/>
        <String ID="PAG_00000027_ST000183" STYLEREFS="TXT_1" HPOS="1073" VPOS="2244" HEIGHT="18" WIDTH="975" WC="1" CONTENT="-" SUBS_TYPE="HypPart1" SUBS_CONTENT="My"/>
        <HYP HPOS="2048" VPOS="2262" WIDTH="30" CONTENT="-"/>
      </TextLine>
      <TextLine ID="PAG_00000027_TL000021" STYLEREFS="TXT_1" HPOS="454" VPOS="2293" HEIGHT="70" WIDTH="1544">
        <String ID="PAG_00000027_ST000184" STYLEREFS="TXT_1" HPOS="454" VPOS="2293" HEIGHT="59" WIDTH="77" WC="0.93" CONTENT="My" SUBS_TYPE="HypPart2" SUBS_CONTENT="My"/>
        <SP ID="PAG_00000027_SP000164" HPOS="531" VPOS="2307" WIDTH="33"/>
        <String ID="PAG_00000027_ST000185" STYLEREFS="TXT_1" HPOS="564" VPOS="2307" HEIGHT="41" WIDTH="167" WC="1" CONTENT="second"/>
        <SP ID="PAG_00000027_SP000165" HPOS="731" VPOS="2308" WIDTH="33"/>
        <String ID="PAG_00000027_ST000186" STYLEREFS="TXT_1" HPOS="764" VPOS="2308" HEIGHT="55" WIDTH="207" WC="1" CONTENT="example"/>
        <SP ID="PAG_00000027_SP000166" HPOS="971" VPOS="2307" WIDTH="34"/>
        <String ID="PAG_00000027_ST000187" STYLEREFS="TXT_1" HPOS="1005" VPOS="2307" HEIGHT="42" WIDTH="56" WC="1" CONTENT="is"/>
        <SP ID="PAG_00000027_SP000167" HPOS="1061" VPOS="2307" WIDTH="1"/>
        <String ID="PAG_00000027_ST000188" STYLEREFS="TXT_1" HPOS="1061" VPOS="2307" HEIGHT="42" WIDTH="114" WC="1" CONTENT="well"/>
        <SP ID="PAG_00000027_SP000168" HPOS="1175" VPOS="2307" WIDTH="33"/>
        <String ID="PAG_00000027_ST000189" STYLEREFS="TXT_1" HPOS="1208" VPOS="2307" HEIGHT="49" WIDTH="268" WC="0.96" CONTENT="illustrated."/>
        <SP ID="PAG_00000027_SP000169" HPOS="1476" VPOS="2308" WIDTH="23"/>
        <String ID="PAG_00000027_ST000190" STYLEREFS="TXT_1" HPOS="1499" VPOS="2308" HEIGHT="55" WIDTH="63" WC="1" CONTENT="by"/>
        <SP ID="PAG_00000027_SP000170" HPOS="1562" VPOS="2308" WIDTH="34"/>
        <String ID="PAG_00000027_ST000191" STYLEREFS="TXT_1" HPOS="1596" VPOS="2308" HEIGHT="54" WIDTH="311" WC="1" CONTENT="photographs"/>
        <SP ID="PAG_00000027_SP000171" HPOS="1907" VPOS="2320" WIDTH="37"/>
        <String ID="PAG_00000027_ST000192" STYLEREFS="TXT_1" HPOS="1944" VPOS="2320" HEIGHT="41" WIDTH="54" WC="0.78" CONTENT="14"/>
      </TextLine>
      <TextLine ID="PAG_00000027_TL000022" STYLEREFS="TXT_1" HPOS="369" VPOS="2369" HEIGHT="70" WIDTH="1629">
        <String ID="PAG_00000027_ST000193" STYLEREFS="TXT_1" HPOS="369" VPOS="2369" HEIGHT="40" WIDTH="88" WC="1" CONTENT="and"/>
        <SP ID="PAG_00000027_SP000172" HPOS="457" VPOS="2384" WIDTH="12"/>
        <String ID="PAG_00000027_ST000194" STYLEREFS="TXT_1" HPOS="469" VPOS="2384" HEIGHT="51" WIDTH="64" WC="0.85" CONTENT="15"/>
        <SP ID="PAG_00000027_SP000173" HPOS="533" VPOS="2379" WIDTH="30"/>
        <String ID="PAG_00000027_ST000195" STYLEREFS="TXT_1" HPOS="563" VPOS="2379" HEIGHT="54" WIDTH="60" WC="1" CONTENT="(in"/>
        <SP ID="PAG_00000027_SP000174" HPOS="623" VPOS="2384" WIDTH="24"/>
        <String ID="PAG_00000027_ST000196" STYLEREFS="TXT_1" HPOS="647" VPOS="2384" HEIGHT="52" WIDTH="156" WC="1" CONTENT="profile"/>
        <SP ID="PAG_00000027_SP000175" HPOS="803" VPOS="2385" WIDTH="25"/>
        <String ID="PAG_00000027_ST000197" STYLEREFS="TXT_1" HPOS="828" VPOS="2385" HEIGHT="40" WIDTH="92" WC="1" CONTENT="and"/>
        <SP ID="PAG_00000027_SP000176" HPOS="920" VPOS="2384" WIDTH="22"/>
        <String ID="PAG_00000027_ST000198" STYLEREFS="TXT_1" HPOS="942" VPOS="2384" HEIGHT="41" WIDTH="124" WC="1" CONTENT="front"/>
        <SP ID="PAG_00000027_SP000177" HPOS="1066" VPOS="2383" WIDTH="24"/>
        <String ID="PAG_00000027_ST000199" STYLEREFS="TXT_1" HPOS="1090" VPOS="2383" HEIGHT="55" WIDTH="146" WC="1" CONTENT="view)."/>
        <SP ID="PAG_00000027_SP000178" HPOS="1236" VPOS="2384" WIDTH="85"/>
        <String ID="PAG_00000027_ST000200" STYLEREFS="TXT_1" HPOS="1321" VPOS="2384" HEIGHT="41" WIDTH="108" WC="1" CONTENT="This"/>
        <SP ID="PAG_00000027_SP000179" HPOS="1429" VPOS="2383" WIDTH="24"/>
        <String ID="PAG_00000027_ST000201" STYLEREFS="TXT_1" HPOS="1453" VPOS="2383" HEIGHT="42" WIDTH="164" WC="1" CONTENT="soldier"/>
        <SP ID="PAG_00000027_SP000180" HPOS="1617" VPOS="2384" WIDTH="21"/>
        <String ID="PAG_00000027_ST000202" STYLEREFS="TXT_1" HPOS="1638" VPOS="2384" HEIGHT="41" WIDTH="88" WC="1" CONTENT="lost"/>
        <SP ID="PAG_00000027_SP000181" HPOS="1726" VPOS="2384" WIDTH="25"/>
        <String ID="PAG_00000027_ST000203" STYLEREFS="TXT_1" HPOS="1751" VPOS="2384" HEIGHT="41" WIDTH="88" WC="1" CONTENT="the"/>
        <SP ID="PAG_00000027_SP000182" HPOS="1839" VPOS="2394" WIDTH="14"/>
        <String ID="PAG_00000027_ST000204" STYLEREFS="TXT_1" HPOS="1853" VPOS="2394" HEIGHT="45" WIDTH="145" WC="1" CONTENT="upper"/>
      </TextLine>
      <TextLine ID="PAG_00000027_TL000023" STYLEREFS="TXT_1" HPOS="369" VPOS="2451" HEIGHT="65" WIDTH="1651">
        <String ID="PAG_00000027_ST000205" STYLEREFS="TXT_1" HPOS="369" VPOS="2451" HEIGHT="44" WIDTH="96" WC="1" CONTENT="Part"/>
        <SP ID="PAG_00000027_SP000183" HPOS="465" VPOS="2451" WIDTH="1"/>
        <String ID="PAG_00000027_ST000206" STYLEREFS="TXT_1" HPOS="465" VPOS="2451" HEIGHT="44" WIDTH="77" WC="1" CONTENT="of"/>
        <SP ID="PAG_00000027_SP000184" HPOS="542" VPOS="2456" WIDTH="27"/>
        <String ID="PAG_00000027_ST000207" STYLEREFS="TXT_1" HPOS="569" VPOS="2456" HEIGHT="45" WIDTH="69" WC="1" CONTENT="his"/>
        <SP ID="PAG_00000027_SP000185" HPOS="638" VPOS="2475" WIDTH="27"/>
        <String ID="PAG_00000027_ST000208" STYLEREFS="TXT_1" HPOS="665" VPOS="2475" HEIGHT="28" WIDTH="121" WC="1" CONTENT="nose."/>
        <SP ID="PAG_00000027_SP000186" HPOS="786" VPOS="2462" WIDTH="90"/>
        <String ID="PAG_00000027_ST000209" STYLEREFS="TXT_1" HPOS="876" VPOS="2462" HEIGHT="40" WIDTH="20" WC="1" CONTENT="I"/>
        <SP ID="PAG_00000027_SP000187" HPOS="896" VPOS="2461" WIDTH="29"/>
        <String ID="PAG_00000027_ST000210" STYLEREFS="TXT_1" HPOS="925" VPOS="2461" HEIGHT="43" WIDTH="138" WC="0.94" CONTENT="made,"/>
        <SP ID="PAG_00000027_SP000188" HPOS="1063" VPOS="2475" WIDTH="24"/>
        <String ID="PAG_00000027_ST000211" STYLEREFS="TXT_1" HPOS="1087" VPOS="2475" HEIGHT="28" WIDTH="26" WC="1" CONTENT="a"/>
        <SP ID="PAG_00000027_SP000189" HPOS="1113" VPOS="2455" WIDTH="28"/>
        <String ID="PAG_00000027_ST000212" STYLEREFS="TXT_1" HPOS="1141" VPOS="2455" HEIGHT="48" WIDTH="201" WC="1" CONTENT="classical"/>
        <SP ID="PAG_00000027_SP000190" HPOS="1342" VPOS="2461" WIDTH="27"/>
        <String ID="PAG_00000027_ST000213" STYLEREFS="TXT_1" HPOS="1369" VPOS="2461" HEIGHT="55" WIDTH="315" WC="0.99" CONTENT="rhino-plastic"/>
        <SP ID="PAG_00000027_SP000191" HPOS="1684" VPOS="2460" WIDTH="25"/>
        <String ID="PAG_00000027_ST000214" STYLEREFS="TXT_1" HPOS="1709" VPOS="2460" HEIGHT="42" WIDTH="113" WC="1" CONTENT="with"/>
        <SP ID="PAG_00000027_SP000192" HPOS="1822" VPOS="2474" WIDTH="28"/>
        <String ID="PAG_00000027_ST000215" STYLEREFS="TXT_1" HPOS="1850" VPOS="2474" HEIGHT="30" WIDTH="26" WC="1" CONTENT="a"/>
        <SP ID="PAG_00000027_SP000193" HPOS="1876" VPOS="2461" WIDTH="29"/>
        <String ID="PAG_00000027_ST000216" STYLEREFS="TXT_1" HPOS="1905" VPOS="2461" HEIGHT="53" WIDTH="115" WC="0.98" CONTENT="flap"/>
      </TextLine>
      <TextLine ID="PAG_00000027_TL000024" STYLEREFS="TXT_1" HPOS="338" VPOS="2514" HEIGHT="78" WIDTH="1660">
        <String ID="PAG_00000027_ST000217" STYLEREFS="TXT_1" HPOS="338" VPOS="2514" HEIGHT="55" WIDTH="167" WC="1" CONTENT="taken"/>
        <SP ID="PAG_00000027_SP000194" HPOS="505" VPOS="2531" WIDTH="26"/>
        <String ID="PAG_00000027_ST000218" STYLEREFS="TXT_1" HPOS="531" VPOS="2531" HEIGHT="46" WIDTH="117" WC="1" CONTENT="from"/>
        <SP ID="PAG_00000027_SP000195" HPOS="648" VPOS="2532" WIDTH="26"/>
        <String ID="PAG_00000027_ST000219" STYLEREFS="TXT_1" HPOS="674" VPOS="2532" HEIGHT="47" WIDTH="79" WC="1" CONTENT="the"/>
        <SP ID="PAG_00000027_SP000196" HPOS="753" VPOS="2539" WIDTH="27"/>
        <String ID="PAG_00000027_ST000220" STYLEREFS="TXT_1" HPOS="780" VPOS="2539" HEIGHT="41" WIDTH="215" WC="1" CONTENT="forehead"/>
        <SP ID="PAG_00000027_SP000197" HPOS="995" VPOS="2539" WIDTH="27"/>
        <String ID="PAG_00000027_ST000221" STYLEREFS="TXT_1" HPOS="1022" VPOS="2539" HEIGHT="41" WIDTH="91" WC="1" CONTENT="and"/>
        <SP ID="PAG_00000027_SP000198" HPOS="1113" VPOS="2552" WIDTH="27"/>
        <String ID="PAG_00000027_ST000222" STYLEREFS="TXT_1" HPOS="1140" VPOS="2552" HEIGHT="27" WIDTH="27" WC="1" CONTENT="a"/>
        <SP ID="PAG_00000027_SP000199" HPOS="1167" VPOS="2541" WIDTH="26"/>
        <String ID="PAG_00000027_ST000223" STYLEREFS="TXT_1" HPOS="1193" VPOS="2541" HEIGHT="51" WIDTH="103" WC="1" CONTENT="part"/>
        <SP ID="PAG_00000027_SP000200" HPOS="1296" VPOS="2537" WIDTH="29"/>
        <String ID="PAG_00000027_ST000224" STYLEREFS="TXT_1" HPOS="1325" VPOS="2537" HEIGHT="41" WIDTH="44" WC="1" CONTENT="of"/>
        <SP ID="PAG_00000027_SP000201" HPOS="1369" VPOS="2552" WIDTH="28"/>
        <String ID="PAG_00000027_ST000225" STYLEREFS="TXT_1" HPOS="1397" VPOS="2552" HEIGHT="26" WIDTH="26" WC="1" CONTENT="a"/>
        <SP ID="PAG_00000027_SP000202" HPOS="1423" VPOS="2537" WIDTH="27"/>
        <String ID="PAG_00000027_ST000226" STYLEREFS="TXT_1" HPOS="1450" VPOS="2537" HEIGHT="42" WIDTH="142" WC="1" CONTENT="costal"/>
        <SP ID="PAG_00000027_SP000203" HPOS="1592" VPOS="2536" WIDTH="28"/>
        <String ID="PAG_00000027_ST000227" STYLEREFS="TXT_1" HPOS="1620" VPOS="2536" HEIGHT="54" WIDTH="228" WC="0.99" CONTENT="cartilage:"/>
        <SP ID="PAG_00000027_SP000204" HPOS="1848" VPOS="2537" WIDTH="87"/>
        <String ID="PAG_00000027_ST000228" STYLEREFS="TXT_1" HPOS="1935" VPOS="2537" HEIGHT="41" WIDTH="63" WC="1" CONTENT="At"/>
      </TextLine>
      <TextLine ID="PAG_00000027_TL000025" STYLEREFS="TXT_1" HPOS="370" VPOS="2588" HEIGHT="82" WIDTH="1627">
        <String ID="PAG_00000027_ST000229" STYLEREFS="TXT_1" HPOS="370" VPOS="2588" HEIGHT="54" WIDTH="94" WC="1" CONTENT="first"/>
        <SP ID="PAG_00000027_SP000205" HPOS="464" VPOS="2604" WIDTH="26"/>
        <String ID="PAG_00000027_ST000230" STYLEREFS="TXT_1" HPOS="490" VPOS="2604" HEIGHT="46" WIDTH="90" WC="1" CONTENT="this"/>
        <SP ID="PAG_00000027_SP000206" HPOS="580" VPOS="2616" WIDTH="28"/>
        <String ID="PAG_00000027_ST000231" STYLEREFS="TXT_1" HPOS="608" VPOS="2616" HEIGHT="39" WIDTH="99" WC="1" CONTENT="case"/>
        <SP ID="PAG_00000027_SP000207" HPOS="707" VPOS="2629" WIDTH="27"/>
        <String ID="PAG_00000027_ST000232" STYLEREFS="TXT_1" HPOS="734" VPOS="2629" HEIGHT="28" WIDTH="143" WC="1" CONTENT="seems"/>
        <SP ID="PAG_00000027_SP000208" HPOS="877" VPOS="2616" WIDTH="26"/>
        <String ID="PAG_00000027_ST000233" STYLEREFS="TXT_1" HPOS="903" VPOS="2616" HEIGHT="41" WIDTH="48" WC="1" CONTENT="to"/>
        <SP ID="PAG_00000027_SP000209" HPOS="951" VPOS="2617" WIDTH="28"/>
        <String ID="PAG_00000027_ST000234" STYLEREFS="TXT_1" HPOS="979" VPOS="2617" HEIGHT="40" WIDTH="55" WC="1" CONTENT="be"/>
        <SP ID="PAG_00000027_SP000210" HPOS="1034" VPOS="2630" WIDTH="28"/>
        <String ID="PAG_00000027_ST000235" STYLEREFS="TXT_1" HPOS="1062" VPOS="2630" HEIGHT="26" WIDTH="26" WC="1" CONTENT="a"/>
        <SP ID="PAG_00000027_SP000211" HPOS="1088" VPOS="2614" WIDTH="26"/>
        <String ID="PAG_00000027_ST000236" STYLEREFS="TXT_1" HPOS="1114" VPOS="2614" HEIGHT="56" WIDTH="161" WC="1" CONTENT="purely"/>
        <SP ID="PAG_00000027_SP000212" HPOS="1275" VPOS="2614" WIDTH="25"/>
        <String ID="PAG_00000027_ST000237" STYLEREFS="TXT_1" HPOS="1300" VPOS="2614" HEIGHT="54" WIDTH="192" WC="1" CONTENT="surgical"/>
        <SP ID="PAG_00000027_SP000213" HPOS="1492" VPOS="2627" WIDTH="27"/>
        <String ID="PAG_00000027_ST000238" STYLEREFS="TXT_1" HPOS="1519" VPOS="2627" HEIGHT="36" WIDTH="103" WC="1" CONTENT="one;"/>
        <SP ID="PAG_00000027_SP000214" HPOS="1622" VPOS="2614" WIDTH="28"/>
        <String ID="PAG_00000027_ST000239" STYLEREFS="TXT_1" HPOS="1650" VPOS="2614" HEIGHT="40" WIDTH="86" WC="1" CONTENT="but"/>
        <SP ID="PAG_00000027_SP000215" HPOS="1736" VPOS="2613" WIDTH="26"/>
        <String ID="PAG_00000027_ST000240" STYLEREFS="TXT_1" HPOS="1762" VPOS="2613" HEIGHT="45" WIDTH="130" WC="1" CONTENT="when"/>
        <SP ID="PAG_00000027_SP000216" HPOS="1892" VPOS="2614" WIDTH="28"/>
        <String ID="PAG_00000027_ST000241" STYLEREFS="TXT_1" HPOS="1920" VPOS="2614" HEIGHT="41" WIDTH="77" WC="1" CONTENT="the"/>
      </TextLine>
      <TextLine ID="PAG_00000027_TL000026" STYLEREFS="TXT_1" HPOS="361" VPOS="2680" HEIGHT="67" WIDTH="1635">
        <String ID="PAG_00000027_ST000242" STYLEREFS="TXT_1" HPOS="361" VPOS="2680" HEIGHT="49" WIDTH="240" WC="0.99" CONTENT="operation"/>
        <SP ID="PAG_00000027_SP000217" HPOS="601" VPOS="2704" WIDTH="26"/>
        <String ID="PAG_00000027_ST000243" STYLEREFS="TXT_1" HPOS="627" VPOS="2704" HEIGHT="28" WIDTH="92" WC="1" CONTENT="was"/>
        <SP ID="PAG_00000027_SP000218" HPOS="719" VPOS="2705" WIDTH="28"/>
        <String ID="PAG_00000027_ST000244" STYLEREFS="TXT_1" HPOS="747" VPOS="2705" HEIGHT="36" WIDTH="120" WC="1" CONTENT="over,"/>
        <SP ID="PAG_00000027_SP000219" HPOS="867" VPOS="2692" WIDTH="28"/>
        <String ID="PAG_00000027_ST000245" STYLEREFS="TXT_1" HPOS="895" VPOS="2692" HEIGHT="42" WIDTH="79" WC="1" CONTENT="the"/>
        <SP ID="PAG_00000027_SP000220" HPOS="974" VPOS="2696" WIDTH="27"/>
        <String ID="PAG_00000027_ST000246" STYLEREFS="TXT_1" HPOS="1001" VPOS="2696" HEIGHT="38" WIDTH="91" WC="1" CONTENT="two"/>
        <SP ID="PAG_00000027_SP000221" HPOS="1092" VPOS="2691" WIDTH="27"/>
        <String ID="PAG_00000027_ST000247" STYLEREFS="TXT_1" HPOS="1119" VPOS="2691" HEIGHT="56" WIDTH="204" WC="1" CONTENT="portions"/>
        <SP ID="PAG_00000027_SP000222" HPOS="1323" VPOS="2691" WIDTH="28"/>
        <String ID="PAG_00000027_ST000248" STYLEREFS="TXT_1" HPOS="1351" VPOS="2691" HEIGHT="41" WIDTH="45" WC="1" CONTENT="of"/>
        <SP ID="PAG_00000027_SP000223" HPOS="1396" VPOS="2690" WIDTH="26"/>
        <String ID="PAG_00000027_ST000249" STYLEREFS="TXT_1" HPOS="1422" VPOS="2690" HEIGHT="41" WIDTH="79" WC="1" CONTENT="the"/>
        <SP ID="PAG_00000027_SP000224" HPOS="1501" VPOS="2689" WIDTH="27"/>
        <String ID="PAG_00000027_ST000250" STYLEREFS="TXT_1" HPOS="1528" VPOS="2689" HEIGHT="55" WIDTH="231" WC="1" CONTENT="nose-(the"/>
        <SP ID="PAG_00000027_SP000225" HPOS="1759" VPOS="2704" WIDTH="27"/>
        <String ID="PAG_00000027_ST000251" STYLEREFS="TXT_1" HPOS="1786" VPOS="2704" HEIGHT="28" WIDTH="99" WC="1" CONTENT="new"/>
        <SP ID="PAG_00000027_SP000226" HPOS="1885" VPOS="2703" WIDTH="27"/>
        <String ID="PAG_00000027_ST000252" STYLEREFS="TXT_1" HPOS="1912" VPOS="2703" HEIGHT="29" WIDTH="84" WC="1" CONTENT="one"/>
      </TextLine>
      <TextLine ID="PAG_00000027_TL000027" STYLEREFS="TXT_1" HPOS="363" VPOS="2753" HEIGHT="69" WIDTH="1633">
        <String ID="PAG_00000027_ST000253" STYLEREFS="TXT_1" HPOS="363" VPOS="2753" HEIGHT="41" WIDTH="94" WC="1" CONTENT="and"/>
        <SP ID="PAG_00000027_SP000227" HPOS="457" VPOS="2755" WIDTH="27"/>
        <String ID="PAG_00000027_ST000254" STYLEREFS="TXT_1" HPOS="484" VPOS="2755" HEIGHT="48" WIDTH="79" WC="1" CONTENT="the"/>
        <SP ID="PAG_00000027_SP000228" HPOS="563" VPOS="2765" WIDTH="31"/>
        <String ID="PAG_00000027_ST000255" STYLEREFS="TXT_1" HPOS="594" VPOS="2765" HEIGHT="42" WIDTH="75" WC="1" CONTENT="old"/>
        <SP ID="PAG_00000027_SP000229" HPOS="669" VPOS="2768" WIDTH="30"/>
        <String ID="PAG_00000027_ST000256" STYLEREFS="TXT_1" HPOS="699" VPOS="2768" HEIGHT="54" WIDTH="100" WC="0.42" TYPE="illegible" CONTENT="anè)"/>
        <SP ID="PAG_00000027_SP000230" HPOS="799" VPOS="2783" WIDTH="31"/>
        <String ID="PAG_00000027_ST000257" STYLEREFS="TXT_1" HPOS="830" VPOS="2783" HEIGHT="27" WIDTH="119" WC="1" CONTENT="were"/>
        <SP ID="PAG_00000027_SP000231" HPOS="949" VPOS="2773" WIDTH="25"/>
        <String ID="PAG_00000027_ST000258" STYLEREFS="TXT_1" HPOS="974" VPOS="2773" HEIGHT="37" WIDTH="81" WC="1" CONTENT="not"/>
        <SP ID="PAG_00000027_SP000232" HPOS="1055" VPOS="2783" WIDTH="32"/>
        <String ID="PAG_00000027_ST000259" STYLEREFS="TXT_1" HPOS="1087" VPOS="2783" HEIGHT="27" WIDTH="57" WC="1" CONTENT="on"/>
        <SP ID="PAG_00000027_SP000233" HPOS="1144" VPOS="2769" WIDTH="29"/>
        <String ID="PAG_00000027_ST000260" STYLEREFS="TXT_1" HPOS="1173" VPOS="2769" HEIGHT="40" WIDTH="78" WC="1" CONTENT="the"/>
        <SP ID="PAG_00000027_SP000234" HPOS="1251" VPOS="2781" WIDTH="37"/>
        <String ID="PAG_00000027_ST000261" STYLEREFS="TXT_1" HPOS="1288" VPOS="2781" HEIGHT="28" WIDTH="123" WC="1" CONTENT="same"/>
        <SP ID="PAG_00000027_SP000235" HPOS="1411" VPOS="2766" WIDTH="40"/>
        <String ID="PAG_00000027_ST000262" STYLEREFS="TXT_1" HPOS="1451" VPOS="2766" HEIGHT="41" WIDTH="89" WC="1" CONTENT="line"/>
        <SP ID="PAG_00000027_SP000236" HPOS="1540" VPOS="2780" WIDTH="30"/>
        <String ID="PAG_00000027_ST000263" STYLEREFS="TXT_1" HPOS="1570" VPOS="2780" HEIGHT="27" WIDTH="48" WC="1" CONTENT="as"/>
        <SP ID="PAG_00000027_SP000237" HPOS="1618" VPOS="2766" WIDTH="30"/>
        <String ID="PAG_00000027_ST000264" STYLEREFS="TXT_1" HPOS="1648" VPOS="2766" HEIGHT="43" WIDTH="99" WC="1" CONTENT="seen"/>
        <SP ID="PAG_00000027_SP000238" HPOS="1747" VPOS="2766" WIDTH="1"/>
        <String ID="PAG_00000027_ST000265" STYLEREFS="TXT_1" HPOS="1747" VPOS="2766" HEIGHT="43" WIDTH="80" WC="1" CONTENT="in"/>
        <SP ID="PAG_00000027_SP000239" HPOS="1827" VPOS="2766" WIDTH="29"/>
        <String ID="PAG_00000027_ST000266" STYLEREFS="TXT_1" HPOS="1856" VPOS="2766" HEIGHT="54" WIDTH="140" WC="0.99" CONTENT="figure"/>
      </TextLine>
      <TextLine ID="PAG_00000027_TL000028" STYLEREFS="TXT_1" HPOS="372" VPOS="2824" HEIGHT="74" WIDTH="1623">
        <String ID="PAG_00000027_ST000267" STYLEREFS="TXT_1" HPOS="372" VPOS="2824" HEIGHT="49" WIDTH="52" WC="0.40" TYPE="illegible" CONTENT="16."/>
        <SP ID="PAG_00000027_SP000240" HPOS="424" VPOS="2837" WIDTH="26"/>
        <String ID="PAG_00000027_ST000268" STYLEREFS="TXT_1" HPOS="450" VPOS="2837" HEIGHT="41" WIDTH="91" WC="1" CONTENT="and"/>
        <SP ID="PAG_00000027_SP000241" HPOS="541" VPOS="2845" WIDTH="29"/>
        <String ID="PAG_00000027_ST000269" STYLEREFS="TXT_1" HPOS="570" VPOS="2845" HEIGHT="50" WIDTH="112" WC="1" CONTENT="17."/>
        <SP ID="PAG_00000027_SP000242" HPOS="682" VPOS="2845" WIDTH="1"/>
        <String ID="PAG_00000027_ST000270" STYLEREFS="TXT_1" HPOS="682" VPOS="2845" HEIGHT="50" WIDTH="170" WC="1" CONTENT="Then"/>
        <SP ID="PAG_00000027_SP000243" HPOS="852" VPOS="2846" WIDTH="30"/>
        <String ID="PAG_00000027_ST000271" STYLEREFS="TXT_1" HPOS="882" VPOS="2846" HEIGHT="43" WIDTH="20" WC="1" CONTENT="I"/>
        <SP ID="PAG_00000027_SP000244" HPOS="902" VPOS="2846" WIDTH="28"/>
        <String ID="PAG_00000027_ST000272" STYLEREFS="TXT_1" HPOS="930" VPOS="2846" HEIGHT="41" WIDTH="92" WC="1" CONTENT="had"/>
        <SP ID="PAG_00000027_SP000245" HPOS="1022" VPOS="2858" WIDTH="27"/>
        <String ID="PAG_00000027_ST000273" STYLEREFS="TXT_1" HPOS="1049" VPOS="2858" HEIGHT="30" WIDTH="205" WC="1" CONTENT="recourse"/>
        <SP ID="PAG_00000027_SP000246" HPOS="1254" VPOS="2848" WIDTH="26"/>
        <String ID="PAG_00000027_ST000274" STYLEREFS="TXT_1" HPOS="1280" VPOS="2848" HEIGHT="36" WIDTH="48" WC="1" CONTENT="to"/>
        <SP ID="PAG_00000027_SP000247" HPOS="1328" VPOS="2843" WIDTH="29"/>
        <String ID="PAG_00000027_ST000275" STYLEREFS="TXT_1" HPOS="1357" VPOS="2843" HEIGHT="55" WIDTH="247" WC="1" CONTENT="prosthesis"/>
        <SP ID="PAG_00000027_SP000248" HPOS="1604" VPOS="2837" WIDTH="28"/>
        <String ID="PAG_00000027_ST000276" STYLEREFS="TXT_1" HPOS="1632" VPOS="2837" HEIGHT="48" WIDTH="91" WC="1" CONTENT="and"/>
        <SP ID="PAG_00000027_SP000249" HPOS="1723" VPOS="2843" WIDTH="26"/>
        <String ID="PAG_00000027_ST000277" STYLEREFS="TXT_1" HPOS="1749" VPOS="2843" HEIGHT="41" WIDTH="170" WC="1" CONTENT="thanks"/>
        <SP ID="PAG_00000027_SP000250" HPOS="1919" VPOS="2847" WIDTH="29"/>
        <String ID="PAG_00000027_ST000278" STYLEREFS="TXT_1" HPOS="1948" VPOS="2847" HEIGHT="38" WIDTH="47" WC="1" CONTENT="to"/>
      </TextLine>
      <TextLine ID="PAG_00000027_TL000029" STYLEREFS="TXT_1" HPOS="369" VPOS="2900" HEIGHT="76" WIDTH="1628">
        <String ID="PAG_00000027_ST000279" STYLEREFS="TXT_1" HPOS="369" VPOS="2900" HEIGHT="47" WIDTH="89" WC="1" CONTENT="this"/>
        <SP ID="PAG_00000027_SP000251" HPOS="458" VPOS="2913" WIDTH="33"/>
        <String ID="PAG_00000027_ST000280" STYLEREFS="TXT_1" HPOS="491" VPOS="2913" HEIGHT="57" WIDTH="330" WC="1" CONTENT="apparatus'as"/>
        <SP ID="PAG_00000027_SP000252" HPOS="821" VPOS="2936" WIDTH="33"/>
        <String ID="PAG_00000027_ST000281" STYLEREFS="TXT_1" HPOS="854" VPOS="2936" HEIGHT="28" WIDTH="103" WC="1" CONTENT="seen"/>
        <SP ID="PAG_00000027_SP000253" HPOS="957" VPOS="2922" WIDTH="33"/>
        <String ID="PAG_00000027_ST000282" STYLEREFS="TXT_1" HPOS="990" VPOS="2922" HEIGHT="41" WIDTH="46" WC="1" CONTENT="in"/>
        <SP ID="PAG_00000027_SP000254" HPOS="1036" VPOS="2922" WIDTH="32"/>
        <String ID="PAG_00000027_ST000283" STYLEREFS="TXT_1" HPOS="1068" VPOS="2922" HEIGHT="54" WIDTH="140" WC="1" CONTENT="figure"/>
        <SP ID="PAG_00000027_SP000255" HPOS="1208" VPOS="2918" WIDTH="34"/>
        <String ID="PAG_00000027_ST000284" STYLEREFS="TXT_1" HPOS="1242" VPOS="2918" HEIGHT="51" WIDTH="67" WC="0.92" CONTENT="18,"/>
        <SP ID="PAG_00000027_SP000256" HPOS="1309" VPOS="2921" WIDTH="36"/>
        <String ID="PAG_00000027_ST000285" STYLEREFS="TXT_1" HPOS="1345" VPOS="2921" HEIGHT="39" WIDTH="20" WC="1" CONTENT="I"/>
        <SP ID="PAG_00000027_SP000257" HPOS="1365" VPOS="2920" WIDTH="34"/>
        <String ID="PAG_00000027_ST000286" STYLEREFS="TXT_1" HPOS="1399" VPOS="2920" HEIGHT="54" WIDTH="176" WC="1" CONTENT="pushed"/>
        <SP ID="PAG_00000027_SP000258" HPOS="1575" VPOS="2921" WIDTH="32"/>
        <String ID="PAG_00000027_ST000287" STYLEREFS="TXT_1" HPOS="1607" VPOS="2921" HEIGHT="41" WIDTH="78" WC="1" CONTENT="the"/>
        <SP ID="PAG_00000027_SP000259" HPOS="1685" VPOS="2934" WIDTH="33"/>
        <String ID="PAG_00000027_ST000288" STYLEREFS="TXT_1" HPOS="1718" VPOS="2934" HEIGHT="42" WIDTH="144" WC="1" CONTENT="upper"/>
        <SP ID="PAG_00000027_SP000260" HPOS="1862" VPOS="2925" WIDTH="31"/>
        <String ID="PAG_00000027_ST000289" STYLEREFS="TXT_1" HPOS="1893" VPOS="2925" HEIGHT="51" WIDTH="104" WC="1" CONTENT="part"/>
      </TextLine>
      <TextLine ID="PAG_00000027_TL000030" STYLEREFS="TXT_1" HPOS="371" VPOS="2977" HEIGHT="75" WIDTH="1626">
        <String ID="PAG_00000027_ST000290" STYLEREFS="TXT_1" HPOS="371" VPOS="2977" HEIGHT="41" WIDTH="53" WC="0.18" TYPE="illegible" CONTENT="of"/>
        <SP ID="PAG_00000027_SP000261" HPOS="424" VPOS="2983" WIDTH="17"/>
        <String ID="PAG_00000027_ST000291" STYLEREFS="TXT_1" HPOS="441" VPOS="2983" HEIGHT="47" WIDTH="78" WC="1" CONTENT="the"/>
        <SP ID="PAG_00000027_SP000262" HPOS="519" VPOS="3006" WIDTH="24"/>
        <String ID="PAG_00000027_ST000292" STYLEREFS="TXT_1" HPOS="543" VPOS="3006" HEIGHT="31" WIDTH="113" WC="0.99" CONTENT="nose"/>
        <SP ID="PAG_00000027_SP000263" HPOS="656" VPOS="3002" WIDTH="27"/>
        <String ID="PAG_00000027_ST000293" STYLEREFS="TXT_1" HPOS="683" VPOS="3002" HEIGHT="37" WIDTH="47" WC="0.94" CONTENT="to"/>
        <SP ID="PAG_00000027_SP000264" HPOS="730" VPOS="2996" WIDTH="30"/>
        <String ID="PAG_00000027_ST000294" STYLEREFS="TXT_1" HPOS="760" VPOS="2996" HEIGHT="44" WIDTH="78" WC="0.99" CONTENT="the"/>
        <SP ID="PAG_00000027_SP000265" HPOS="838" VPOS="2997" WIDTH="26"/>
        <String ID="PAG_00000027_ST000295" STYLEREFS="TXT_1" HPOS="864" VPOS="2997" HEIGHT="55" WIDTH="123" WC="1" CONTENT="right"/>
        <SP ID="PAG_00000027_SP000266" HPOS="987" VPOS="2998" WIDTH="30"/>
        <String ID="PAG_00000027_ST000296" STYLEREFS="TXT_1" HPOS="1017" VPOS="2998" HEIGHT="42" WIDTH="91" WC="1" CONTENT="and"/>
        <SP ID="PAG_00000027_SP000267" HPOS="1108" VPOS="2979" WIDTH="28"/>
        <String ID="PAG_00000027_ST000297" STYLEREFS="TXT_1" HPOS="1136" VPOS="2979" HEIGHT="72" WIDTH="92" WC="0.99" CONTENT="the"/>
        <SP ID="PAG_00000027_SP000268" HPOS="1228" VPOS="2979" WIDTH="1"/>
        <String ID="PAG_00000027_ST000298" STYLEREFS="TXT_1" HPOS="1228" VPOS="2979" HEIGHT="72" WIDTH="139" WC="0.99" CONTENT="lower"/>
        <SP ID="PAG_00000027_SP000269" HPOS="1367" VPOS="2979" WIDTH="1"/>
        <String ID="PAG_00000027_ST000299" STYLEREFS="TXT_1" HPOS="1367" VPOS="2979" HEIGHT="72" WIDTH="140" WC="0.99" CONTENT="part"/>
        <SP ID="PAG_00000027_SP000270" HPOS="1507" VPOS="3001" WIDTH="29"/>
        <String ID="PAG_00000027_ST000300" STYLEREFS="TXT_1" HPOS="1536" VPOS="3001" HEIGHT="39" WIDTH="49" WC="0.96" CONTENT="to"/>
        <SP ID="PAG_00000027_SP000271" HPOS="1585" VPOS="2998" WIDTH="29"/>
        <String ID="PAG_00000027_ST000301" STYLEREFS="TXT_1" HPOS="1614" VPOS="2998" HEIGHT="41" WIDTH="78" WC="1" CONTENT="the"/>
        <SP ID="PAG_00000027_SP000272" HPOS="1692" VPOS="2997" WIDTH="28"/>
        <String ID="PAG_00000027_ST000302" STYLEREFS="TXT_1" HPOS="1720" VPOS="2997" HEIGHT="42" WIDTH="83" WC="1" CONTENT="left"/>
        <SP ID="PAG_00000027_SP000273" HPOS="1803" VPOS="2997" WIDTH="29"/>
        <String ID="PAG_00000027_ST000303" STYLEREFS="TXT_1" HPOS="1832" VPOS="2997" HEIGHT="42" WIDTH="99" WC="1" CONTENT="and"/>
        <SP ID="PAG_00000027_SP000274" HPOS="1931" VPOS="2991" WIDTH="21"/>
        <String ID="PAG_00000027_ST000304" STYLEREFS="TXT_1" HPOS="1952" VPOS="2991" HEIGHT="49" WIDTH="45" WC="1" CONTENT="in"/>
      </TextLine>
      <TextLine ID="PAG_00000027_TL000031" STYLEREFS="TXT_1" HPOS="368" VPOS="2992" HEIGHT="137" WIDTH="1624">
        <String ID="PAG_00000027_ST000305" STYLEREFS="TXT_1" HPOS="368" VPOS="3049" HEIGHT="51" WIDTH="89" WC="1" CONTENT="this"/>
        <SP ID="PAG_00000027_SP000275" HPOS="457" VPOS="2992" WIDTH="27"/>
        <String ID="PAG_00000027_ST000306" STYLEREFS="TXT_1" HPOS="484" VPOS="2992" HEIGHT="137" WIDTH="101" WC="0.87" CONTENT="way"/>
        <SP ID="PAG_00000027_SP000276" HPOS="585" VPOS="2992" WIDTH="1"/>
        <String ID="PAG_00000027_ST000307" STYLEREFS="TXT_1" HPOS="585" VPOS="2992" HEIGHT="137" WIDTH="227" WC="0.87" CONTENT="obtained"/>
        <SP ID="PAG_00000027_SP000277" HPOS="812" VPOS="2992" WIDTH="1"/>
        <String ID="PAG_00000027_ST000308" STYLEREFS="TXT_1" HPOS="812" VPOS="2992" HEIGHT="137" WIDTH="101" WC="0.87" CONTENT="the"/>
        <SP ID="PAG_00000027_SP000278" HPOS="913" VPOS="2992" WIDTH="1"/>
        <String ID="PAG_00000027_ST000309" STYLEREFS="TXT_1" HPOS="913" VPOS="2992" HEIGHT="137" WIDTH="151" WC="0.87" CONTENT="quite"/>
        <SP ID="PAG_00000027_SP000279" HPOS="1064" VPOS="2992" WIDTH="1"/>
        <String ID="PAG_00000027_ST000310" STYLEREFS="TXT_1" HPOS="1064" VPOS="2992" HEIGHT="137" WIDTH="227" WC="0.87" CONTENT="straight"/>
        <SP ID="PAG_00000027_SP000280" HPOS="1291" VPOS="2992" WIDTH="1"/>
        <String ID="PAG_00000027_ST000311" STYLEREFS="TXT_1" HPOS="1291" VPOS="2992" HEIGHT="137" WIDTH="154" WC="0.87" CONTENT="nose"/>
        <SP ID="PAG_00000027_SP000281" HPOS="1445" VPOS="3088" WIDTH="30"/>
        <String ID="PAG_00000027_ST000312" STYLEREFS="TXT_1" HPOS="1475" VPOS="3088" HEIGHT="27" WIDTH="48" WC="1" CONTENT="as"/>
        <SP ID="PAG_00000027_SP000282" HPOS="1523" VPOS="3088" WIDTH="29"/>
        <String ID="PAG_00000027_ST000313" STYLEREFS="TXT_1" HPOS="1552" VPOS="3088" HEIGHT="28" WIDTH="103" WC="0.99" CONTENT="seen"/>
        <SP ID="PAG_00000027_SP000283" HPOS="1655" VPOS="3074" WIDTH="28"/>
        <String ID="PAG_00000027_ST000314" STYLEREFS="TXT_1" HPOS="1683" VPOS="3074" HEIGHT="41" WIDTH="45" WC="1" CONTENT="in"/>
        <SP ID="PAG_00000027_SP000284" HPOS="1728" VPOS="3075" WIDTH="28"/>
        <String ID="PAG_00000027_ST000315" STYLEREFS="TXT_1" HPOS="1756" VPOS="3075" HEIGHT="54" WIDTH="143" WC="0.99" CONTENT="figure"/>
        <SP ID="PAG_00000027_SP000285" HPOS="1899" VPOS="3065" WIDTH="26"/>
        <String ID="PAG_00000027_ST000316" STYLEREFS="TXT_1" HPOS="1925" VPOS="3065" HEIGHT="57" WIDTH="67" WC="0.24" TYPE="illegible" CONTENT="20."/>
      </TextLine>
    </TextBlock>
    </PrintSpace>
    </Page>
  </Layout>
</alto>