2422 3877
549 403 257 49 REDUCTION
834 408 262 54 MECANIQUE
1125 421 60 31 DE
1213 420 252 33 FRACTURES
1492 419 247 34 MULTIPLES
1885 421 76 44 127

415 508 50 29 20
493 505 122 46 inai.
615 505 204 46 Traction
846 509 423 51 postero-anterieure
1296 509 192 47 achevee,
1517 509 40 39 le
1583 510 208 51 fragment
1823 511 140 50 postc-

337 554 106 45 rieur
471 567 119 42 etant
621 574 306 41 suffisamment
945 563 235 62 rapproche
1180 563 94 62 du
1309 573 209 52 fragment
1549 575 211 42 anterieur
1787 587 107 39 pour
1922 571 49 44 la

331 618 227 55 formation
580 636 103 44 d'un
706 640 65 38 cal
798 639 82 51 (fig.
905 639 55 52 4).

409 689 204 51 Maintien
645 704 53 38 de
726 704 218 52 l'appareil
974 705 105 39 dans
1110 707 112 36 cette
1251 703 186 51 position
1472 716 109 40 pour
1602 705 359 41 -immobilisation

332 750 71 41 des
427 758 345 56 fragments.
1957 765 15 3 -

411 833 50 38 30
489 827 106 52 iuin;
630 832 253 53 L'appareil
897 835 123 38 etant
1053 846 148 27 encore
1233 847 51 26 en
1315 834 176 46 bouche,
1525 847 56 25 on
1618 839 75 47 ne;
1693 839 113 47 peut
1839 838 124 48 guere

334 883 193 49 observer
540 897 157 51 qu'une
710 898 151 51 legere
861 898 261 51 denudation
1137 899 52 39 de
1200 899 44 39 la
1257 898 172 54 portion
1449 898 237 48 alveolairej
1703 900 90 39 face
1809 901 161 51 jugale,

334 953 114 40 entre
467 957 43 41 la
531 962 150 42 canine
704 968 42 36 et
767 964 42 40 la
830 959 203 57 premiere
1053 963 250 54 premolaire
1322 964 172 51 gauche.

476 1818 72 32 FIG.
577 1831 26 31 5.
631 1839 36 5 —
692 1821 231 41 Modification
923 1821 53 41 de
976 1821 195 41 l'appareil
1171 1821 108 41 pour
1302 1822 148 30 traction
1472 1820 343 47 antero-postierieurc

948 1869 44 29 du
1014 1868 181 48 fragment
1195 1868 162 48 gauche.

453 1929 38 32 B.
509 1932 128 31 Attelle
653 1944 85 30 pour
754 1932 31 31 le
802 1934 170 40 fragment
987 1934 141 40 gauche.
1147 1951 40 5 —
1210 1933 37 30 C.
1270 1934 58 29 Vis
1348 1933 41 30 de
1405 1934 199 40 propulsion
1625 1934 248 40 (liorizontale).

410 1990 41 7 -
466 1977 42 30 D.
524 1979 58 31 Vis
607 1982 41 29 de
672 1982 145 29 traction
840 1980 203 41 (verticale).
1072 1998 37 5 —
1134 1981 34 29 E.
1197 1981 158 29 Bandeau
1380 1976 168 35 anterieur
1573 1981 169 30 amovible
1768 1982 108 29 modi-

412 2020 58 32 fie.
493 2043 42 14 —
562 2016 106 42 Ecrou
692 2037 85 31 pour
800 2037 132 30 serrage
957 2027 40 29 de
1021 2027 31 29 la
1076 2024 51 33 vis
1153 2027 260 35 D..
1734 2038 8 11 I

568 2109 249 39 (Modification
840 2109 41 31 of
897 2110 59 30 the
978 2113 178 38 apparatus
1179 2109 53 30 for
1254 2110 299 40 antero-posterior
1574 2111 146 29 traction

893 2157 41 29 of
952 2157 169 40 fragment
1144 2167 42 19 on
1209 2155 64 31 left
1297 2157 101 40 side.)

474 2218 35 30 B.
536 2220 109 41 Splint
680 2222 55 30 for
769 2213 75 44 left
870 2221 178 41 fragment.
1067 2237 41 6 -
1132 2222 37 30 C.
1196 2221 202 40 Propulsion
1434 2232 112 22 screw
1577 2224 259 38 (horizontal).
1836 2224 38 38 —

411 2260 42 33 D.
478 2264 158 34 Traction
666 2279 107 21 screw
808 2268 195 41 (vertical).
1003 2268 32 41 -
1035 2268 67 41 E.
1128 2267 184 36 Modified
1324 2268 187 41 adjustable
1541 2271 147 35 anterior
1714 2271 120 29 band.
1834 2271 40 29 -

413 2308 42 32 G.
481 2312 78 32 Bolt
580 2315 54 30 for
655 2316 197 40 tightening
872 2323 107 24 screw
1003 2314 752 41 D.

408 2500 84 44 Des
520 2509 144 39 efforts
691 2509 184 40 destines
901 2510 25 38 a
955 2509 240 40 rechercher
1218 2522 84 29 une
1326 2508 192 42 mobilite
1543 2508 74 43 des
1650 2511 231 51 fragments
1907 2524 53 26 ne

329 2567 97 38 Sout
446 2584 78 37 pas
549 2568 260 47 douloureux
834 2579 42 35 et
902 2562 158 66 restent
1083 2588 99 27 sans
1208 2564 205 59 resultat.

406 2624 337 57 L'articulation
743 2624 179 57 normale
922 2624 89 57 est
1011 2624 227 57 retablie.

406 2688 345 57 L'alimentation
771 2706 205 39 naturelle
998 2706 58 39 du
1075 2705 135 40 blesse
1232 2702 117 54 etant
1349 2702 217 54 possible,
1589 2703 38 40 le
1648 2702 185 42 dentiste
1853 2706 100 39 trai-

330 2755 92 45 tant
448 2767 156 49 decide,
633 2784 52 26 en
710 2770 138 39 raison
873 2771 52 38 de
949 2771 41 38 la
1014 2759 117 63 perte
1131 2759 79 63 de
1235 2771 225 38 substance
1485 2766 197 42 observee
1707 2783 54 26 au
1786 2769 103 40 trait
1921 2771 36 38 A

330 2817 90 65 (fig.
420 2817 76 65 I),
521 2834 54 40 de
595 2835 144 40 laisser
762 2844 146 31 encore
932 2836 178 52 quelque
1133 2840 139 46 temps
1295 2838 65 35 cet
1384 2834 187 51 appareil
1594 2848 51 26 en
1667 2835 176 40 bouche.

408 2895 49 39 18
480 2897 142 51 juillet.
648 2893 222 59 L'appareil
870 2893 102 59 est
996 2900 175 40 descelle
1194 2903 42 35 et
1261 2899 123 39 retire
1407 2895 52 43 de
1481 2900 42 39 la
1545 2900 175 40 bouche.
1752 2900 205 41 L'articu-

328 2944 130 56 lation
484 2969 62 35 est
572 2967 149 47 bonne.
751 2967 60 39 La
838 2961 238 57 reparation
1102 2966 72 39 des
1200 2964 122 39 traits
1348 2964 53 40 de
1432 2965 184 43 fracture
1641 2970 63 36 est
1737 2967 220 51 complete.

412 3113 162 48 NOTES
594 3132 315 39 TECHNIQUES.
926 3125 65 25 '—
1012 3119 256 57 L'appareil
1288 3122 184 55 execute
1472 3122 139 55 pour
1630 3136 47 28 ce
1698 3136 74 28 cas
1793 3122 94 54 (fig.
1910 3122 43 52 3)

328 3182 111 51 fctait
456 3208 89 30 une
563 3197 156 42 attelle
736 3212 56 27 en
810 3199 120 53 deux
947 3197 170 56 parties
1134 3197 205 53 separees
1358 3197 113 42 dont
1488 3197 135 51 l'une,
1644 3199 53 48 A,
1717 3202 74 38 est
1803 3197 154 43 munie

304 3258 33 52 -
337 3258 99 52 d'un
462 3272 217 45 bandeau
702 3273 230 44 anterieur
957 3275 39 43 E
1022 3271 274 45 modinable.
