2446 3886
709 442 28 28 A
767 444 172 29 CENTRE
968 446 86 27 FOR
1083 445 154 28 FACIAL
1267 445 393 30 RECONSTRUCTION
1948 436 48 49 85

373 504 44 46 in
436 514 76 44 the
537 521 151 48 future
712 532 194 40 another
932 532 126 41 radio
1077 532 37 41 is
1134 532 195 47 wanted,
1351 531 35 42 it
1407 532 36 41 is
1464 547 237 40 necessary
1721 537 47 46 to
1790 533 111 41 send
1920 532 78 41 the

371 593 205 47 previous
596 615 97 38 one,
726 605 45 43 in
801 608 131 42 order
960 614 49 36 to
1039 608 229 55 duplicate
1297 608 198 54 position
1525 611 91 40 and
1645 611 107 40 thus
1781 609 218 42 establish

372 674 25 28 a
425 666 117 49 basis
574 677 69 43 for
676 685 297 54 comparison.

456 745 114 49 Here
606 769 73 31 are
724 765 90 38 two
858 762 295 56 radiographs
1188 761 146 42 which
1368 762 88 40 will
1491 763 123 41 show
1650 778 90 40 you
1775 764 222 55 perfectly

371 820 93 42 well
497 827 74 44 the
600 832 163 46 lesions
794 840 46 40 of
871 840 78 41 the
980 840 160 49 bones;
1174 853 91 41 you
1297 852 70 28 see
1399 839 93 41 also
1524 840 78 41 the
1633 840 199 55 tracings
1862 840 134 54 given

371 894 107 46 with
519 906 77 46 the
640 913 308 57 radiographs.
1040 917 143 41 These
1214 915 212 53 tracings,
1465 917 133 40 made
1639 917 62 54 by
1731 917 78 41 the
1850 916 145 42 radio-

368 979 188 51 grapher
584 987 191 53 himself,
807 992 197 43 indicate
1034 993 68 41 his
1131 992 349 55 interpretation
1510 993 44 41 of
1583 993 77 41 the
1691 993 122 54 plate
1847 993 90 53 (fig.
1969 1005 27 41 4

369 1051 85 40 and
490 1059 56 53 5).

1168 1177 21 24 *

757 1204 13 18 V
1121 1207 21 23 *
1211 1207 22 23 *

1817 1315 17 17 #

453 1355 39 42 If
527 1361 110 46 time
673 1370 260 53 permitted,
971 1372 126 40 there
1133 1370 37 42 is
1205 1384 27 27 a
1267 1375 125 49 great
1430 1370 100 41 deal
1566 1383 123 28 more
1725 1369 270 53 concerning

367 1434 180 68 surgery
579 1443 44 40 of
655 1446 78 41 the
767 1447 230 42 mandible
1029 1447 147 42 which
1209 1448 19 40 I
1261 1447 150 41 would
1441 1446 88 41 like
1566 1450 47 37 to
1654 1445 78 41 tell
1764 1459 104 41 you,
1909 1446 84 40 but

367 1510 42 31 111
432 1519 25 28 a
479 1514 96 43 talk
598 1521 45 39 of
666 1523 90 40 this
780 1528 107 44 sort,
912 1523 35 41 it
970 1524 36 40 is
1029 1523 194 55 possible
1246 1528 47 37 to
1317 1523 130 53 bring
1470 1528 80 36 out
1573 1523 107 54 only
1702 1536 123 27 some
1848 1522 45 41 of
1916 1522 78 41 the

365 1587 142 40 newer
542 1594 162 52 phases
740 1600 45 40 of
820 1600 79 41 the
934 1601 137 40 work.
1168 1600 240 41 Therefore
1447 1600 17 40 I
1503 1599 112 41 shall
1653 1613 99 27 now
1789 1599 106 40 take
1932 1612 61 40 up

366 1652 73 45 the
465 1667 176 55 subject
668 1675 45 41 of
743 1676 104 41 bone
873 1676 148 54 grafts.

451 1737 17 40 I
498 1747 131 43 make
658 1752 125 42 these
811 1752 45 42 in
884 1754 77 41 the
990 1767 101 28 case
1119 1754 44 40 of
1191 1768 26 26 a
1240 1767 6 27 :

503 1819 117 59 large
648 1830 381 52 pseudo-arthrosis
1029 1830 45 52 ;

504 1900 177 45 without
718 1907 251 53 possibility
1009 1908 43 52 of
1089 1907 264 46 mastication
1353 1907 45 46 ;

505 1979 88 39 and
623 1996 124 28 never
781 1984 137 52 before
957 1984 70 41 six
1066 1984 169 41 months
1275 1984 108 52 after
1422 1984 65 41 the
1526 1984 187 52 fracture
1753 1984 88 41 and
1871 1984 118 40 when

504 2052 85 44 this
617 2058 188 51 fracture
830 2062 78 40 has
938 2061 100 41 been
1063 2061 93 41 well
1180 2055 304 47 immobilized.

450 2121 17 41 I
497 2131 106 43 take
632 2149 58 27 an
719 2137 501 55 osteo-periostic-graft
1249 2138 116 41 from
1394 2138 77 41 the
1501 2137 133 49 tibia;
1665 2152 90 41 you
1784 2152 107 40 may
1920 2151 71 27 see

363 2189 75 46 the
462 2208 160 42 results
647 2212 117 42 from
789 2214 91 41 this
906 2213 173 56 picture
1108 2214 90 53 (fig.
1227 2214 39 48 6,
1295 2226 38 41 7,
1362 2215 24 40 8
1412 2215 91 40 and
1529 2216 58 52 9).

447 2273 101 49 You
584 2287 89 41 will
710 2291 187 40 observe
935 2291 103 40 that
1076 2291 78 40 the
1192 2304 98 27 new
1327 2290 175 41 formed
1539 2291 117 40 bone
1694 2290 295 53 corresponds

361 2352 177 58 exactly
573 2360 45 43 in
654 2366 153 54 shape,
845 2366 87 41 size
968 2367 90 41 and
1094 2366 197 54 position
1327 2371 49 36 to
1411 2366 78 41 the
1525 2367 186 52 original
1749 2365 238 56 periosteal

361 2426 130 44 graft.

446 2504 106 48 This
583 2528 143 32 seems
756 2534 111 41 very
907 2519 266 54 interesting
1212 2524 49 36 to
1298 2533 85 34 me,
1416 2518 240 55 especially
1687 2518 44 41 in
1763 2517 224 41 reference

362 2572 47 40 to
436 2582 76 43 the
540 2592 90 41 role
658 2596 146 41 which
832 2597 77 41 the
937 2596 275 55 periosteum
1240 2595 130 55 plays
1398 2593 44 42 in
1471 2595 116 40 bone
1616 2593 285 55 production.

446 2658 209 65 drafting
686 2672 35 41 is
754 2674 145 40 above
926 2674 63 40 all
1022 2688 26 26 a
1080 2672 189 55 surgical
1303 2670 248 56 operation.
1643 2672 69 53 By
1744 2670 102 41 that
1881 2671 106 40 does

362 2736 81 34 one
478 2751 128 34 mean
646 2750 245 51 prosthesis
927 2751 80 40 has
1042 2749 192 53 nothing
1269 2754 48 36 to
1353 2749 57 39 do
1446 2747 110 41 with
1591 2747 61 42 it?
1694 2748 83 48 No,
1816 2761 56 26 on
1910 2747 76 40 the

360 2812 224 60 Contrary.
671 2826 143 41 When
838 2827 78 41 the
941 2826 235 55 operation
1200 2826 36 40 is
1262 2839 119 34 over,
1408 2824 77 41 the
1509 2824 89 53 jaw
1622 2823 36 41 is
1681 2822 306 43 immobilized

361 2885 87 40 and
488 2892 166 47 thanks
692 2906 47 36 to
779 2907 89 37 two
907 2902 162 55 splints
1107 2906 83 50 put
1229 2900 44 41 in
1311 2900 152 41 before
1502 2901 76 40 the
1618 2900 249 55 operation,
1908 2900 77 41 the

360 2955 159 53 mouth
546 2971 36 41 is
609 2981 84 48 put
721 2977 98 43 into
847 2993 26 27 a
901 2978 197 56 position
1127 2978 44 41 of
1201 2976 183 42 closed
1411 2977 94 41 bite
1568 2978 69 41 for
1664 2982 90 37 two
1783 2992 49 27 or
1859 2978 126 41 three

360 3041 200 56 months;
593 3052 78 42 the
702 3055 201 54 patients
934 3055 133 54 being
1099 3069 56 27 on
1186 3052 143 55 liquid
1360 3055 91 40 and
1481 3055 276 54 semi-liquid
1789 3055 106 41 diet.

442 3115 119 51 That
589 3127 36 42 is
653 3136 80 36 not
763 3132 71 41 all.
925 3134 53 40 In
1006 3133 77 41 the
1111 3134 248 39 treatment
1389 3132 44 40 of
1461 3132 412 53 pseudo-arthrosis
1901 3145 84 27 one

359 3195 118 40 must
502 3199 108 44 bear
633 3205 45 42 in
703 3207 127 43 mind
853 3210 103 40 that
981 3210 126 40 there
1131 3208 35 41 is
1192 3221 26 27 a
1242 3207 106 41 dual
1372 3208 191 53 surgical
1588 3209 217 54 problem.
1890 3208 93 41 The

358 3270 185 51 Slllgeon
583 3288 120 37 must
743 3286 156 41 obtain
938 3291 79 36 not
1057 3285 106 54 only
1198 3284 117 51 good
1353 3284 223 41 occlusion
1617 3286 81 39 but
1737 3285 93 40 also
1867 3286 117 51 good
