2357 3885
563 573 363 59 Mechanical
973 576 309 62 reduction
1325 574 71 59 of
1431 573 267 80 multiple
1743 571 291 60 fractures

791 710 70 59 of
889 712 99 58 the
1027 713 161 80 body
1226 712 61 59 of
1325 712 100 57 the
1464 712 184 60 lower
1686 712 115 80 jaw

688 848 117 58 and
868 849 246 59 fixation
1181 849 71 59 of
1311 849 100 58 the
1478 844 412 83 fragments

755 1056 72 56 By
847 1057 195 43 ADRIEN
1064 1057 293 50 GAIGNON,
1370 1056 211 43 dentiste
1603 1055 227 43 militaire.

707 1138 123 31 Centre
856 1139 39 30 de
919 1139 159 40 prothèse
1101 1140 151 30 dentaire
1276 1140 41 29 de
1340 1137 147 31 FArmee
1512 1136 163 40 fraufaisc
1700 1136 169 32 d'Orieut.

557 1530 115 39 CASE
694 1530 60 51 (2).
789 1555 55 4 —
875 1531 50 39 A.
962 1533 92 44 P.,
1091 1532 106 51 aged
1230 1532 153 49 thirty,
1420 1530 136 39 Greek
1588 1529 185 46 civilian,
1811 1523 222 58 employed
2067 1534 45 31 as

475 1593 196 41 labourer
693 1596 61 50 by
777 1608 65 25 no.
867 1595 123 51 15/24
1010 1597 70 38 Co.
1102 1596 164 39 French
1291 1594 229 51 engineers,
1542 1607 85 27 was
1653 1594 209 40 wounded
1880 1595 61 50 by
1959 1607 25 26 a
2002 1592 112 40 blow

474 1659 108 40 from
614 1671 54 28 an
700 1672 79 27 axe
809 1672 55 26 on
893 1659 122 51 April
1046 1661 102 38 loth
1180 1660 117 51 1918.

553 1723 239 51 Diagnosis.
825 1728 46 35 1°
901 1724 192 40 Wounds
1124 1725 44 38 of
1197 1723 111 40 chin.

557 1792 47 36 20
632 1789 120 50 Open
771 1788 208 39 fractures
998 1789 44 38 of
1057 1788 129 40 lower
1201 1788 85 49 jaw
1308 1787 105 52 (figs.
1435 1802 20 26 i
1479 1789 84 38 and
1578 1788 40 52 2)
1642 1800 8 27 :
1673 1788 37 48 a)
1731 1789 191 39 between
1942 1800 23 37 3
1985 1786 85 41 and
2087 1793 25 41 4

477 1852 99 49 (loss
598 1853 44 38 of
663 1852 265 52 substance);
957 1852 33 52 b)
1016 1854 192 41 between
1230 1861 22 41 5
1277 1853 86 39 and
1385 1853 24 39 6
1438 1852 97 52 (loss
1557 1853 45 39 of
1623 1853 149 51 teeth).

557 1916 125 51 April
706 1917 106 39 12th.
841 1916 279 52 Impressions
1145 1930 107 26 were
1276 1918 143 39 taken.

557 1981 126 51 April
707 1982 106 38 18th.
841 1983 68 38 An
934 1985 188 49 attempt
1148 1987 45 36 at
1220 1981 135 41 direct
1381 1982 222 40 reduction
1628 1984 44 38 of
1696 1984 76 38 the
1796 1983 208 39 fractures
2029 1987 85 32 was

472 2046 128 39 made
627 2045 106 40 with
760 2060 25 26 a
810 2046 110 41 view
954 2051 43 35 to
1027 2049 74 38 the
1128 2047 264 53 application
1419 2049 44 38 of
1491 2061 25 26 a
1544 2047 150 53 simple
1721 2047 220 40 vulcanite
1969 2044 143 55 splint.

476 2112 315 40 Unsuccessful.

554 2178 38 39 A
621 2176 126 40 silver
774 2181 233 48 apparatus
1035 2191 85 27 was
1147 2179 127 40 made
1301 2179 67 39 for
1393 2178 263 42 mechanical
1685 2177 221 41 reduction
1934 2177 46 40 of
2008 2177 104 38 frac-

472 2245 98 36 ture
600 2242 49 40 A.

556 2306 106 51 May
696 2310 71 37 1st.
793 2309 88 41 The
905 2307 202 53 reducing
1139 2312 234 49 apparatus
1405 2321 86 27 was
1522 2308 150 52 placed
1703 2307 45 39 in
1780 2306 189 53 position
2005 2305 105 52 (fig!;.

472 2371 41 53 3
513 2371 83 53 and
596 2371 84 53 5).

555 2435 107 52 May
682 2438 106 40 10th.
821 2436 242 42 Reduction
1083 2450 85 28 was
1188 2438 174 52 already
1381 2436 257 52 sufficiently
1656 2436 219 41 advanced
1896 2440 44 35 to
1961 2433 154 53 justiiy

474 2502 73 41 the
568 2502 270 53 suppression
859 2504 44 39 of
922 2503 74 41 the
1016 2504 186 40 traction
1223 2516 129 27 screw
1370 2504 39 38 D
1431 2498 86 44 and
1538 2506 44 36 to
1605 2502 149 40 enable
1770 2501 77 40 the
1866 2498 247 55 propulsion

473 2566 45 38 of
534 2567 72 40 the
623 2569 211 50 fragment
852 2581 55 26 on
924 2569 73 40 the
1013 2568 77 40 left
1108 2568 89 40 side
1214 2573 44 35 to
1276 2568 54 39 be
1345 2566 233 41 continued
1594 2567 105 40 with
1716 2566 74 40 the
1805 2576 129 30 screw
1951 2562 40 51 C
1991 2562 120 51 only.

555 2632 107 50 May
683 2634 106 50 14th.
814 2634 88 40 The
925 2637 234 48 apparatus
1181 2645 85 27 was
1287 2631 201 40 modified
1510 2633 44 37 so
1579 2644 46 27 as
1648 2636 44 34 to
1714 2626 189 57 produce
1923 2634 187 49 postero-

473 2695 187 39 anterior
684 2697 186 40 traction
895 2711 56 26 on
976 2697 75 41 the
1075 2697 196 40 lefthand
1296 2697 224 49 fragment.

555 2760 106 50 May
691 2761 108 41 20th.
832 2763 89 40 The
952 2760 379 55 postero-anterior
1361 2760 186 40 traction
1578 2767 85 33 was
1695 2759 310 46 discontinued,
2039 2755 73 41 the

472 2823 210 49 posterior
700 2827 211 51 fragment
933 2827 160 51 having
1112 2828 108 44 been
1240 2826 185 50 brought
1449 2825 255 52 sufficiently
1722 2825 92 39 into
1838 2816 282 55 relationship

474 2882 67 43 for
558 2900 25 26 a
601 2888 131 44 callus
751 2894 45 36 to
815 2894 110 39 form
949 2893 83 51 (fig.
1054 2892 58 52 4).

554 2953 89 39 The
675 2960 233 47 apparatus
941 2970 85 28 was
1057 2955 266 42 maintained
1356 2954 43 40 in
1431 2954 187 53 position
1652 2956 66 38 for
1750 2954 178 41 fixation
1962 2954 45 39 of
2040 2952 72 39 the

474 3017 247 50 fragments.

536 3144 43 39 (1)
602 3142 60 31 See
677 3143 59 29 the
753 3143 231 40 illustrations,
1001 3153 87 30 page
1108 3153 54 30 12K
1181 3146 66 30 and
1262 3145 196 38 following.

535 3192 43 41 (2.)
601 3190 83 31 Case
701 3191 133 29 treated
847 3192 47 39 by
908 3183 129 41 Adrien
1047 3183 177 51 Gaignon,
1244 3193 146 30 dentiste
1408 3183 171 48 militaire,
1598 3193 119 29 ancien
1741 3192 83 29 chef
1839 3190 40 31 de
1903 3190 202 31 laboratoirc

473 3242 44 30 du
535 3241 123 30 Centre
675 3237 40 30 de
737 3236 158 40 prothese
913 3240 150 31 dentaire
1081 3241 42 29 de
1145 3239 146 32 1'Armee
1309 3239 165 38 franfaise
1491 3238 170 31 d'Orient.
1680 3238 192 41 Apparatus
1890 3232 216 37 constructed

471 3287 45 44 by
535 3288 37 32 C.
587 3283 239 39 Blancheland,
844 3288 135 37 caporal
994 3287 371 31 mécanicien-dentiste
1384 3286 40 30 of
1450 3286 58 30 the
1525 3296 89 19 same
1633 3285 136 32 Centre.
