2437 3859
678 438 30 28 A
737 440 172 30 CENTRE
937 442 86 28 FOR
1051 442 156 28 FACIAL
1235 441 397 30 RECONSTRUCTION
1920 440 52 43 79

1142 583 22 24 *

1095 612 22 25 *
1184 611 23 25 *

532 700 114 48 Now
677 708 22 42 I
730 711 113 41 wish
872 715 49 38 to
953 712 140 55 speak
1122 716 50 38 to
1204 724 92 43 you
1327 711 45 41 of
1402 711 79 41 the
1512 712 92 41 role
1636 712 45 41 of
1711 712 79 42 the
1822 712 148 42 radio-

341 761 284 74 photograph
653 783 47 43 in
730 787 46 41 of
804 785 200 46 fracture
1035 789 45 41 of
1109 789 79 42 the
1218 787 198 42 maxilla.

423 844 93 49 The
550 857 226 57 diagnosis
812 866 45 41 of
892 880 26 27 a
958 866 199 43 fracture
1195 865 38 42 is
1278 864 178 56 greatly
1497 864 164 56 helped
1694 866 63 55 by
1791 880 27 27 a
1852 866 118 54 good

340 920 280 68 radiograph,
646 939 86 43 but
763 942 128 42 there
915 943 37 41 is
978 958 27 27 a
1029 942 165 57 special
1220 942 179 51 technic
1424 941 46 43 in
1495 942 160 55 taking
1679 944 141 42 these.
1906 944 62 41 At

341 986 142 70 Vichy
514 1007 22 41 I
568 1012 118 45 have
720 1019 78 41 the
830 1020 119 53 good
984 1020 182 44 fortune
1199 1024 48 37 to
1281 1019 118 42 have
1432 1034 80 41 my
1543 1019 148 43 friend
1723 1022 78 40 Dr.
1835 1020 133 42 Belot

496 2469 72 35 FIG.
593 2487 30 29 3.
644 2495 37 5 —
698 2477 71 31 The
787 2489 89 20 same
892 2488 74 20 case
985 2488 34 21 as
1036 2479 189 31 illustrated
1242 2481 33 28 in
1290 2479 108 41 figure
1413 2491 17 18 2
1448 2480 88 31 after
1551 2491 41 19 an
1610 2482 176 38 operation
1802 2482 34 28 in

456 2517 116 34 which
592 2524 59 30 the
675 2525 164 31 fractures
860 2536 92 21 were
974 2526 149 31 reduced
1143 2516 78 41 and
1229 2527 59 29 the
1307 2527 72 41 jaw
1401 2528 123 39 placed
1540 2529 35 29 in
1596 2539 18 19 a
1634 2529 148 39 position
1800 2528 40 29 of

457 2561 22 15 1,
492 2565 89 34 close
597 2569 102 33 bite"
715 2577 34 26 at
764 2574 59 29 the
840 2583 89 20 same
946 2575 82 28 time
1045 2574 176 40 obtaining
1242 2574 214 40 satisfactory
1474 2576 172 32 occlusion
1662 2575 66 30 and
1742 2575 93 40 good

455 2616 258 34 consolidation.

336 2731 45 38 at
405 2736 78 46 the
506 2743 117 49 head
649 2752 45 41 of
718 2753 78 42 the
821 2753 290 56 radiological
1136 2756 164 41 centre.
1383 2738 168 59 Before
1568 2755 79 42 the
1673 2769 93 28 war
1788 2755 55 42 he
1869 2769 91 29 was

333 2811 220 53 Professor
584 2827 45 40 of
660 2830 236 57 radiology
927 2835 47 37 at
1006 2832 78 41 the
1126 2831 161 42 School
1319 2831 46 42 of
1395 2831 309 56 stomatology
1735 2836 48 38 at
1817 2832 140 50 Paris,

335 2887 88 41 and
447 2891 56 45 he
528 2898 38 43 is
592 2905 99 41 well
718 2907 277 55 acquainted
1020 2908 112 42 with
1157 2908 79 41 the
1262 2907 235 56 radiology
1524 2909 45 41 of
1596 2909 78 42 the
1701 2910 164 41 mouth
1891 2910 70 41 for

333 2957 142 53 which
498 2970 56 47 he
577 2978 83 45 has
685 2997 27 27 a
736 2984 167 55 special
926 2985 244 55 technique
1196 2984 44 42 of
1265 2985 69 42 his
1359 2999 113 29 own.

419 3040 40 44 If
490 3063 27 28 a
546 3055 229 57 skiagram
805 3061 45 41 of
880 3061 79 42 the
989 3061 186 43 maxilla
1203 3061 37 41 is
1272 3061 188 51 desired,
1492 3062 38 43 it
1559 3063 37 42 is
1626 3061 254 57 important
1910 3068 49 37 to

335 3106 227 85 designate
585 3136 183 55 exactly
790 3136 78 43 the
888 3138 249 55 particular
1160 3137 172 43 section
1355 3139 45 41 of
1428 3136 79 45 the
1536 3140 117 42 bone
1683 3141 45 41 of
1757 3139 146 43 which
1933 3154 27 27 a

333 3184 171 58 Picture
530 3204 38 43 is
595 3212 180 52 sought,
804 3213 72 42 for
901 3214 79 42 the
1008 3228 159 28 reason
1193 3214 105 42 that
1325 3214 46 42 in
1399 3214 161 55 taking
1595 3216 127 42 these
1760 3215 200 56 pictures

332 3259 75 48 the
429 3278 323 64 radiographer
774 3295 175 37 centers
974 3291 68 42 his
1067 3292 109 41 tube
1203 3305 57 28 on
1284 3291 104 42 that
1413 3292 249 54 particular
1684 3292 143 56 point.
1915 3293 43 42 If
