2446 3886
643 419 28 29 A
700 422 207 31 SYMPTOM
936 424 48 28 IN
1013 423 318 29 CONSTRICTION
1361 422 54 28 OF
1442 422 87 29 THE
1559 422 92 39 JAW
1883 423 74 27 111

422 490 36 41 A
487 498 137 44 reflex
652 508 309 50 constriction,
993 523 57 27 on
1079 509 77 41 the
1185 509 131 40 other
1343 508 137 48 hand,
1511 509 127 41 often
1666 508 146 42 shows
1839 506 120 43 itself

338 563 44 37 at
403 577 56 31 an
479 575 123 56 early
622 581 128 51 date;
772 585 35 42 it
829 600 108 40 may
958 586 241 54 disappear
1218 584 111 42 with
1349 585 78 41 the
1448 599 133 27 cause
1602 585 102 41 that
1727 585 233 54 provoked

337 630 46 54 it,
408 655 47 28 or
475 647 34 43 it
530 668 108 42 may
660 661 161 51 persist
843 661 194 42 without
1060 665 222 51 apparent
1305 675 172 28 reason.
1560 661 107 42 This
1688 661 138 42 latter
1846 661 113 42 class

339 713 41 40 of
404 732 97 35 case
524 728 37 44 is
585 737 296 57 particularly
906 739 190 42 difficult
1121 744 47 37 to
1195 738 226 53 diagnose.

420 796 42 44 It
484 804 260 64 frequently
766 816 206 54 happens
993 817 104 40 that
1121 831 26 27 a
1169 815 177 56 patient
1370 815 213 53 suffering
1606 816 116 40 from
1746 816 213 42 constric-

337 865 92 50 tIon
463 880 144 48 shows
643 904 26 27 a
704 906 112 41 very
850 893 184 42 evident
1071 893 117 42 bone
1224 906 49 26 or
1306 892 169 42 muscle
1509 891 154 49 lesion,
1701 892 259 42 sometimes

336 939 129 64 both;
494 960 76 43 the
598 968 189 43 wounds
814 984 108 40 may
948 970 55 41 be
1031 968 276 55 thoroughly
1334 968 160 43 healed
1520 970 91 41 and
1637 982 113 28 even
1777 969 46 39 of
1849 983 111 40 very

335 1019 129 59 slight
505 1045 172 47 extent,
720 1045 84 42 but
845 1046 36 42 it
921 1047 37 41 is
999 1046 306 42 nevertheless
1345 1045 293 56 exceedingly
1678 1045 191 42 difficult
1910 1051 49 36 to

338 1107 109 45 open
472 1112 76 44 the
574 1122 164 40 mouth
762 1137 114 27 even
901 1123 63 54 by
989 1124 76 41 the
1092 1137 78 28 use
1196 1124 44 40 of
1265 1123 314 49 instruments,
1606 1123 92 41 and
1722 1122 77 41 the
1824 1122 133 41 effort

337 1184 230 63 necessary
591 1209 58 28 on
673 1199 206 56 the\part
905 1200 45 40 of
975 1200 77 42 the
1078 1200 177 55 patient
1281 1214 155 28 causes
1460 1200 94 41 him
1578 1199 175 42 intense
1777 1198 121 55 pain.

422 1259 51 45 In
509 1273 110 40 such
654 1290 26 26 a
715 1290 101 28 case
852 1277 78 41 the
966 1277 205 54 problem
1206 1282 48 36 to
1290 1277 56 41 be
1381 1277 158 41 solved
1572 1277 37 41 is
1643 1276 203 41 whether
1881 1276 78 42 the

335 1339 281 52 contracture
639 1351 36 43 is
700 1354 45 41 of
770 1353 181 54 organic
975 1353 142 54 origin
1141 1354 92 41 and
1256 1352 328 55 consequently
1607 1353 86 41 due
1717 1357 49 37 to
1790 1351 169 43 serious

335 1401 111 54 bone
475 1432 47 29 or
550 1429 169 42 muscle
747 1431 200 48 trouble;
978 1444 49 27 or
1054 1430 203 41 whether
1283 1430 36 41 it
1348 1430 36 41 is
1413 1431 45 39 of
1487 1444 26 27 a
1541 1429 141 42 reflex
1710 1430 130 41 order
1868 1429 92 41 and

337 1480 81 49 due
443 1494 143 48 either
610 1509 48 36 to
685 1521 26 27 a
738 1507 228 42 defensive
992 1506 230 43 muscular
1252 1506 183 43 created
1470 1506 239 55 persisting
1739 1506 117 41 after
1882 1505 77 42 the

337 1557 345 68 disappearance
703 1583 44 40 of
768 1583 77 41 the
866 1597 132 28 cause
1024 1583 147 41 which
1198 1583 183 42 created
1408 1583 50 48 it,
1481 1596 49 27 or
1550 1588 47 36 to
1618 1598 26 27 a
1665 1582 294 42 constriction

337 1637 41 40 of
399 1654 168 41 central
588 1658 142 54 origin
751 1660 223 42 resultant
997 1674 123 41 upon
1142 1675 26 26 a
1189 1660 168 54 species
1379 1661 44 39 of
1444 1659 513 56 hystero-traumatism.

337 1708 123 56 Even
483 1727 62 57 by
568 1748 156 31 means
749 1737 44 40 of
818 1737 77 42 the
923 1738 148 53 X-ray
1093 1737 36 41 it
1155 1737 37 42 is
1216 1742 80 36 not
1322 1736 168 55 always
1515 1737 194 54 possible
1734 1742 47 36 to
1808 1736 151 42 detect

337 1789 72 46 the
444 1815 209 40 presence
688 1815 45 40 of
767 1815 117 40 bone
918 1814 163 42 lesions
1116 1827 49 27 or
1198 1819 49 36 to
1281 1813 261 55 accurately
1574 1814 179 41 localise
1787 1813 173 53 foreign

336 1861 151 60 bodies
515 1883 45 42 in
590 1889 78 42 the
698 1891 153 53 region
880 1890 46 41 in
956 1891 225 53 question,
1211 1890 148 42 which
1387 1891 36 41 is
1453 1895 80 37 not
1563 1904 109 41 easy
1701 1895 46 37 to
1778 1890 182 55 explore

336 1942 138 53 either
510 1965 234 55 manually
782 1980 50 27 or
868 1966 423 55 radiographically.
1390 1966 239 54 Diagnosis
1662 1966 36 42 is
1736 1967 223 41 therefore

337 2029 23 29 a
390 2039 117 37 most
539 2039 191 46 delicate
760 2048 184 37 matter.

419 2103 129 52 Some
583 2118 109 42 time
727 2133 99 40 ago,
862 2120 130 41 while
1026 2119 260 54 examining
1321 2135 25 25 a
1382 2120 177 53 patient
1594 2119 214 53 suffering
1841 2120 117 40 from

335 2182 287 53 constriction
662 2196 45 40 of
746 2197 77 41 the
862 2197 102 53 jaw,
1007 2197 19 39 I
1068 2196 262 42 discovered
1369 2210 26 27 a
1434 2196 252 53 diagnostic
1726 2201 232 50 symptom

335 2258 132 42 ever
490 2264 145 47 found
659 2271 46 41 in
732 2272 318 42 constrictions
1076 2273 45 40 of
1148 2273 181 52 organic
1357 2272 141 54 origin
1526 2274 91 41 and
1643 2272 107 55 only
1777 2276 180 51 present

335 2319 43 46 In
411 2346 120 38 cases
565 2346 45 40 of
644 2349 140 41 reflex
818 2354 324 36 contractures.
1236 2349 62 40 As
1332 2349 91 41 this
1457 2354 232 50 symptom
1723 2363 91 27 was
1847 2362 112 40 very

334 2412 104 50 easy
474 2406 53 52 to
561 2423 151 43 detect
751 2425 92 41 and
880 2425 284 42 constituted
1201 2438 59 27 an
1298 2425 76 41 aid
1412 2430 48 36 to
1499 2425 226 53 diagnosis
1763 2425 45 41 of
1846 2425 111 41 such

332 2486 277 69 Importance
640 2503 103 41 that
776 2503 19 39 I
826 2502 116 41 have
973 2502 119 41 since
1124 2502 110 41 used
1263 2501 35 41 it
1328 2502 232 54 currently
1589 2502 45 40 in
1664 2516 79 40 my
1772 2501 183 49 service,

334 2549 34 46 it
391 2574 177 42 seemed
591 2583 48 35 to
664 2594 72 27 me
760 2579 103 41 that
888 2579 35 41 it
948 2578 151 42 would
1122 2577 225 56 probably
1370 2578 55 41 be
1450 2578 44 40 of
1519 2578 188 41 interest
1732 2583 47 36 to
1805 2578 153 42 others

335 2634 95 45 who
458 2644 116 49 have
601 2655 207 43 occasion
836 2661 48 36 to
912 2656 207 42 examine
1146 2656 88 53 jaw
1262 2669 124 28 cases
1413 2655 44 40 of
1485 2654 90 42 this
1603 2660 124 48 type.

419 2718 91 48 the
539 2730 349 44 circumstances
916 2733 144 41 under
1087 2733 146 41 which
1264 2732 18 40 I
1312 2733 132 41 made
1473 2745 79 40 my
1580 2731 236 54 discovery
1844 2746 113 28 were

335 2795 46 33 as
407 2794 160 54 follows
567 2794 40 54 :

412 2930 325 53 OBSERVATION.
759 2968 54 3 —
832 2944 172 40 Private
1038 2944 97 46 H.,
1171 2956 83 26 was
1287 2942 209 40 admitted
1529 2947 43 35 to
1610 2957 74 37 my
1715 2944 157 39 service
1904 2958 54 25 on

332 2983 179 56 October
529 3009 100 48 igth
648 3020 102 40 1917
770 3009 103 40 with
890 3024 25 25 a
934 3009 106 51 rigid
1057 3007 276 41 constriction
1351 3009 43 37 of
1412 3008 72 39 the
1510 3008 104 49 jaws
1631 3009 202 52 resulting
1851 3011 107 39 from

336 3059 51 32 an
412 3061 68 42 old
506 3081 84 37 gun
617 3075 95 38 shot
738 3075 167 39 wound.
986 3076 87 38 The
1099 3073 132 40 bullet
1257 3074 84 38 had
1367 3075 170 38 entered
1562 3075 156 39 behind
1751 3076 70 38 the
1847 3074 111 51 right

336 3125 115 47 angle
470 3135 42 38 of
533 3138 71 40 the
624 3141 126 38 lower
766 3141 84 47 jaw
869 3143 83 37 and
973 3141 84 39 had
1078 3141 214 38 fractured
1313 3139 71 39 the
1403 3153 135 38 upper
1556 3141 83 48 jaw
1658 3142 42 37 in
1726 3142 71 38 the
1818 3140 139 51 region

333 3184 41 36 of
402 3191 71 42 the
502 3203 187 47 palatine
719 3206 113 38 arch.
920 3206 87 39 The
1038 3206 165 43 wound,
1236 3203 136 40 which
1403 3205 128 39 dated
1562 3207 108 39 back
1701 3210 43 34 to
1782 3208 174 37 Decem-

334 3241 70 46 er
433 3265 98 42 15th
563 3278 114 41 1915,
711 3282 84 26 was
822 3270 255 50 completely
1105 3268 166 46 healed;
1302 3268 150 50 hardly
1481 3283 84 38 any
1602 3275 111 34 trace
1743 3270 212 39 remained
