2431 3886
686 461 88 28 THE
803 463 268 27 TREATMENT
1098 462 55 28 OF
1182 461 218 28 SALIVARY
1428 461 211 29 FISTULAE
1899 460 69 29 121

432 533 52 44 In
512 541 117 44 view
659 547 45 40 of
733 547 128 43 these
890 549 117 40 facts
1036 547 36 42 it
1103 547 215 42 occurred
1346 551 47 37 to
1424 561 52 28 us
1506 547 104 42 that
1640 547 87 43 the.
1747 548 152 42 action
1930 548 55 41 of.

345 600 80 49 hot
447 613 65 43 air
531 622 145 57 would
676 622 72 57 be
748 622 193 57 equally
941 622 196 57 useful
1154 624 48 40 in
1223 623 220 54 restoring
1464 624 164 41 lesions
1651 625 43 40 of
1716 625 78 42 the
1814 624 162 43 buccal

346 691 141 52 mucosa
487 691 61 52 ;
565 699 98 41 and
685 700 77 42 the
784 700 229 54 following
1035 714 99 28 case
1155 712 113 41 gave
1290 713 52 28 us
1364 713 59 27 an
1444 700 303 55 opportunity
1767 705 47 38 to
1835 714 141 40 prove

347 767 78 33 our
452 765 353 59 hypothesis.

428 919 71 44 An
529 929 201 43 eminent
761 931 243 54 colleague,
1036 933 79 40 Dr.
1149 932 116 52 Roy,
1297 935 100 37 sent
1427 944 53 28 us
1509 930 88 41 last
1627 945 109 40 year
1765 945 25 27 a
1821 944 153 41 young

345 996 175 49 woman
559 1006 214 55 suffering
810 1009 118 40 from
967 1022 26 26 a
1029 990 329 72 lymphangitis
1396 1007 92 41 and
1525 1007 234 41 extensive
1798 1008 177 41 oedema

348 1065 42 40 of
414 1071 77 45 the
517 1079 120 55 right
664 1083 152 50 cheek,
838 1083 199 54 brought
1055 1083 142 43 about
1218 1083 63 54 by
1304 1082 79 42 the
1408 1082 218 54 injection
1652 1083 45 40 of
1723 1096 26 27 a
1763 1083 213 41 conside-

345 1144 121 47 rable
497 1150 218 64 quantity
746 1161 44 40 of
822 1161 206 54 peroxyd
1058 1161 44 40 of
1138 1160 240 54 hydrogen
1401 1159 99 41 into
1529 1159 78 41 the
1638 1158 336 43 subcutaneous

344 1216 149 54 tissue.
592 1235 94 43 The
722 1237 140 42 latter
896 1251 93 27 was
1026 1237 128 49 hard,
1190 1236 168 54 deeply
1392 1235 266 49 infiltrated,
1697 1234 146 55 shiny,
1882 1236 92 41 and

345 1297 171 51 painful
550 1323 57 29 on
640 1312 78 42 the
751 1312 213 54 slightest
992 1326 209 42 pressure-
1230 1325 49 28 or
1310 1326 113 28 even
1454 1311 79 42 the
1563 1311 116 56 least
1709 1316 265 39 movement

346 1369 43 43 of
413 1378 78 45 the
515 1384 102 54 jaw,
645 1390 91 41 and
761 1389 183 42 showed
968 1390 131 41 at.its
1125 1393 152 38 centre
1302 1403 26 26 a
1352 1389 147 41 round
1523 1402 105 28 area
1652 1388 44 41 of
1721 1383 251 59 sloughing,

344 1455 196 48 necrotic
563 1464 147 55 tissue
740 1466 143 41 about
912 1465 78 43 the
990 1465 117 43 size
1138 1466 44 41 of
1213 1465 61 54 a,
1274 1465 225 54 sixpence;
1530 1464 91 42 this
1649 1478 92 28 was
1770 1464 206 55 purplish

345 1529 76 41 red
456 1534 47 43 in
540 1541 153 43 colour
730 1543 91 41 and
857 1542 295 55 exceedingly
1187 1542 189 55 painful.
1475 1543 78 39 Dr.
1595 1542 102 54 Roy
1732 1541 92 41 had
1859 1541 115 42 been

344 1610 235 48 consulted
598 1618 48 41 in
668 1619 78 41 the
769 1620 101 41 case
891 1618 64 55 by
976 1619 80 41 the
1076 1619 298 54 involuntary
1395 1618 167 43 author
1583 1618 54 49 of
1637 1618 91 49 the
1750 1618 221 49 accident,

345 1679 81 46 one
455 1690 44 40 of
527 1692 69 43 his
625 1694 166 55 pupils,
822 1696 91 41 and
940 1695 199 54 brought
1167 1695 79 42 the
1273 1683 170 66 patient
1443 1683 85 66 to
1557 1709 53 28 us
1637 1694 47 42 in
1693 1695 150 41 order
1869 1693 104 43 that

345 1765 263 47 systematic
644 1785 206 40 massage
886 1771 148 54 might
1069 1771 57 42 be
1163 1771 131 42 tried.

429 1840 83 50 We
555 1846 246 44 instituted
843 1862 113 41 very
999 1848 150 54 gentle
1193 1851 250 40 treatment
1486 1872 60 6 -
1587 1847 254 55 superficial
1884 1848 92 42 and

346 1907 120 63 deep'
490 1923 272 56 effleurages,
795 1926 114 41 with
941 1926 257 41 concentric
1231 1925 160 54 digital
1421 1926 254 42 vibrations
1707 1953 59 3 —
1794 1930 51 37 at
1877 1918 99 50 first

344 1993 239 47 combined
625 2001 113 41 with
778 2001 82 41 hot
905 2001 78 48 air,
1022 2001 84 42 but
1147 2001 117 48 later
1302 2001 195 42 without
1539 2001 50 41 it.
1685 2001 95 50 The
1815 2001 160 54 sitting

343 2057 146 62 began
519 2077 93 41 and
642 2078 147 41 ended
816 2077 113 41 with
958 2077 79 42 the
1068 2077 280 54 application
1374 2078 50 41 of
1455 2092 26 26 a
1512 2081 181 43 current
1724 2078 44 41 of
1797 2077 82 41 hot
1909 2078 67 40 air

343 2137 48 42 to
421 2145 78 45 the
529 2152 101 42 skin
659 2154 176 41 surface
865 2154 92 41 and
984 2167 186 29 mucosa
1197 2154 44 41 of
1263 2153 79 42 the
1372 2153 152 43 cheek.
1613 2154 66 41 To
1708 2153 159 43 enable
1896 2153 78 43 the

343 2210 79 50 hot
448 2225 66 42 air
542 2232 48 38 to
621 2230 134 42 reach
783 2229 78 43 the
889 2244 199 36 mucosa,
1112 2242 64 30 we
1205 2230 134 42 made
1368 2244 27 27 a
1422 2230 119 42 little
1567 2234 158 38 cornet
1750 2231 45 40 of
1823 2229 150 43 sterile

343 2301 150 50 Paper,
526 2306 78 43 the
635 2306 134 43 small
799 2308 88 41 end
918 2308 44 40 of
991 2306 149 43 which
1169 2320 92 28 was
1291 2307 198 54 brought
1520 2307 96 42 into
1649 2312 184 38 contact
1861 2308 113 41 with

341 2368 77 46 the
445 2391 188 33 mucosa
662 2388 47 36 at
738 2375 78 50 the
845 2383 124 54 point
969 2383 84 54 to
1080 2383 56 42 be
1164 2383 193 42 treated.
1448 2380 54 44 In
1531 2384 130 42 order
1688 2388 48 37 to
1764 2384 209 53 mitigate

342 2444 77 47 the
450 2457 109 51 pain
589 2461 168 41 caused
786 2460 64 54 by
879 2460 77 41 the
987 2459 76 52 hot
1063 2459 116 52 air,
1197 2473 66 29 we
1293 2460 217 42 removed
1539 2460 78 42 the
1649 2464 180 38 current
1856 2461 117 41 from

342 2520 108 49 time
481 2536 49 38 to
559 2534 127 51 time,
717 2536 210 54 bringing
956 2536 36 41 it
1023 2536 118 41 back
1171 2539 49 40 to
1251 2535 199 55 position
1480 2536 207 54 through
1687 2536 103 54 the
1790 2536 183 54 cornet

342 2600 144 48 which
523 2612 232 43 remained
790 2613 47 40 in
874 2613 198 54 place..
1072 2613 174 54 After
1281 2612 126 42 three
1446 2625 50 28 or
1538 2613 102 41 four
1675 2612 182 54 sittings
1895 2614 77 42 the

341 2682 164 45 Pocket
539 2688 147 56 began
720 2693 49 38 to
802 2689 56 43 be
892 2687 289 52 reabsorbed,
1203 2690 106 42 and
1341 2689 119 41 after
1491 2688 157 42 fifteen
1682 2688 78 43 the
1793 2689 179 54 patient

312 2803 13 6 -
340 2761 91 38 Was
468 2766 276 55 completely
780 2767 149 42 cured.
1027 2768 70 40 No
1134 2772 124 36 trace
1302 2767 44 40 of
1382 2765 80 42 the
1499 2765 207 43 accident
1741 2766 245 48 remained.

344 2840 56 32 On
428 2837 89 44 the
534 2843 113 49 face,
677 2844 139 41 much
843 2848 49 37 to
920 2845 79 40 the
1028 2843 286 42 satisfaction
1343 2843 44 40 of
1415 2842 60 41 its
1504 2842 179 41 author.-

427 2912 108 47 This
569 2910 303 64 encouraging
905 2921 145 42 result
1078 2920 74 42 led
1185 2933 52 27 us
1271 2923 48 36 to
1354 2919 143 54 adopt
1532 2914 78 47 the
1643 2922 220 52 massage
1863 2922 111 52 and

340 2978 80 49 hot
448 2979 67 55 air
541 2996 191 43 method
759 2998 70 39 for
857 2997 78 41 the
963 3000 250 39 treatment
1243 2990 45 45 of
1317 2994 202 56 salivary
1544 2996 196 51 fistulae,
1771 2997 200 43 hitherto

339 3069 229 57 generally
594 3073 264 42 considered
882 3072 232 44 incurable
1140 3072 63 54 by
1223 3085 93 41 any
1340 3071 84 43 but
1452 3074 233 53 operative
1705 3079 259 38 treatment.

339 3131 375 73 Unfortunately,
730 3150 223 50 however,
980 3151 71 41 for
1075 3149 92 42 this
1192 3163 112 40 very
1329 3164 161 28 reason
1515 3151 79 42 the
1620 3166 123 28 cases
1768 3152 47 42 in
1843 3166 128 41 ques-

340 3211 99 79 tion
468 3222 167 57 belong
668 3230 48 37 to
751 3226 78 42 the
863 3227 193 54 surgical
1090 3227 304 53 department,
1430 3227 92 41 and
1555 3241 74 28 are
1663 3229 172 41 seldom
1869 3240 103 31 seen

342 3297 47 34 ln
427 3310 26 27 a
492 3301 451 60 physiotherapeutic
982 3304 181 48 service.
1264 3303 42 47 It
1344 3317 92 34 was
1474 3304 224 47 therefore
1736 3318 237 47 necessary
