2443 3850
441 3358 39 24 LA
503 3364 254 37 RESTAURATION
781 3382 317 23 MAXILLO-FACIALE.
1851 3381 13 32 5

332 504 96 84 Un
458 518 214 90 Centre
700 534 78 76 de
806 536 330 98 Chirurgie
1174 542 436 74 restauratrice
1636 540 78 99 de
1740 542 56 74 la
1826 540 130 99 face

723 802 466 46 ORGANISATION
1221 796 335 51 GÉNÉRALE

333 852 319 68 PROTHÈSE
679 882 76 43 ET
785 887 352 42 CHIRURGIE
1164 879 396 64 CÉPHALIQUE
1587 890 84 40 DE
1699 890 259 42 GUERRE

771 1115 735 60 CONFÉRENCE

761 1186 431 51 v

330 1220 126 54 Faite
481 1239 38 41 le
537 1247 63 41 26
627 1244 144 59 juillet
799 1256 111 54 1918
939 1257 26 41 à
992 1248 160 50 l'École
1180 1256 212 42 sanitaire
1419 1255 50 41 de
1496 1255 173 42 l'armée
1686 1254 274 43 américaine

1019 1327 241 55 (Langres)

373 1452 81 41 Par
483 1450 40 44 le
556 1457 373 65 Médecin-Major
961 1468 55 42 de
1051 1474 67 34 ire
1150 1468 139 42 classe
1321 1469 240 41 FERNAND
1594 1467 319 42 LEMAITRE

458 1570 6 2 -
694 1545 472 44 Oto-rhino-laryngologiste
1184 1549 58 30 des
1258 1549 165 40 hôpitaux
1440 1549 40 29 de
1498 1549 103 32 Paris,

408 1576 90 38 Chef
512 1588 43 31 du
573 1592 124 35 Centre
715 1599 41 31 de
775 1600 180 42 Chirurgie
972 1601 220 41 prothétique
1211 1602 40 30 de
1268 1602 32 30 la
1317 1602 74 30 face
1408 1603 41 29 de
1466 1602 32 30 là
1517 1608 52 34 13e
1585 1601 130 42 Région
1731 1600 152 42 (Vichy).

475 1956 81 80 A
602 1964 216 82 Centre
864 1970 98 98 for
1008 1972 202 76 Facial
1266 1972 522 76 Reconstruction

759 2260 295 42 GENERAL
1086 2259 466 44 ORGANIZATION

390 2314 368 68 PROSTHESIS
790 2341 129 42 AND
953 2342 142 42 WAR
1127 2342 294 42 SURGERY
1453 2342 79 42 OF
1561 2343 129 41 THE
1722 2342 173 43 HEAD

880 2611 529 66 LECTURE

336 2718 219 65 Delivered
589 2747 136 55 before
755 2754 67 42 the
850 2757 239 42 American
1119 2752 139 58 Army
1291 2754 198 54 sanitary
1522 2753 141 42 school
1695 2758 43 36 at
1768 2754 194 53 Langres

840 2840 55 29 on
927 2826 111 56 July
1071 2828 65 41 the
1168 2826 115 52 26th,
1321 2825 125 54 1918.

712 2978 72 54 By
816 2976 147 58 Major
994 2970 239 52 FERNAND
1265 2977 320 43 LEMAITRE

377 3078 23 34 C
772 3059 321 43 Oto-laryngologist
1093 3059 53 43 of
1146 3059 90 43 the
1254 3059 92 30 Paris
1361 3059 175 40 hospitals,

377 3081 254 59 surgeon
642 3111 34 27 at
687 3110 57 30 the
759 3111 123 33 Centre
895 3115 41 29 of
947 3114 189 41 prosthetic
1149 3112 255 31 maxillo-facial
1415 3122 138 31 surgery
1569 3113 39 30 of
1619 3113 58 35 the
1692 3113 76 41 i3tli
1782 3114 140 39 Région.
