2428 3844
641 417 30 28 A
700 420 172 30 CENTRE
902 422 86 29 FOR
1015 422 156 28 FACIAL
1201 421 395 30 RECONSTRUCTION
1884 410 51 54 67

592 684 283 57 Gentlemen,

393 792 77 61 TAY
502 808 333 64 unfamiliarity
867 817 112 42 with
1013 817 78 42 the
1125 816 220 55 language
1380 816 156 42 makes
1570 816 35 42 it
1642 816 190 43 difficult
1867 818 72 42 for

311 874 70 68 e
406 876 48 40 to
487 883 184 48 address
701 906 98 41 you
836 893 47 42 in
916 893 189 55 English
1132 893 91 42 and
1250 893 21 41 I
1299 896 124 37 must
1448 893 225 42 therefore
1705 894 86 54 beg
1822 908 118 41 your

310 935 273 71 lIldulgence.
670 968 21 40 I
720 983 73 27 am
822 970 162 56 deeply
1002 970 202 42 honored
1228 970 63 55 by
1316 968 134 56 being
1475 969 178 43 invited
1677 975 48 37 to
1754 971 185 42 address

312 1026 88 42 you
424 1035 91 41 and
544 1038 20 42 I
594 1042 147 45 desire
766 1047 98 42 first
901 1047 45 41 of
983 1047 72 49 all,
1090 1051 48 38 to
1170 1060 182 41 express
1386 1060 78 41 my
1493 1046 170 42 sincere
1691 1047 170 42 thanks
1894 1051 43 38 to

312 1102 110 42 Your
463 1111 141 47 chiefs
650 1121 180 44 Colonel
869 1123 213 50 Ashford,
1119 1122 183 43 Colonel
1332 1123 143 49 Boak,
1512 1123 148 54 Major
1696 1111 110 54 Rice
1847 1124 93 41 and

394 1176 168 57 Potter.
588 1195 181 46 Colonel
795 1201 131 41 Boak
954 1200 81 42 has
1071 1201 115 41 done
1214 1214 72 27 me
1320 1200 79 41 the
1433 1200 144 41 honor
1606 1200 45 41 of
1680 1200 260 54 requesting

302 1242 124 56 from.
455 1262 125 48 Chief
609 1272 202 58 Surgeon
838 1276 192 43 General
1072 1276 181 44 Ireland
1292 1276 92 43 and
1421 1276 78 41 the
1527 1275 176 42 French
1727 1275 214 57 ministry

312 1322 128 54 their
461 1348 266 46 permission
767 1357 49 37 to
857 1367 126 28 come
1016 1367 165 40 among
1217 1366 92 41 you
1342 1353 92 41 and
1468 1352 117 42 have
1624 1352 80 41 the
1731 1349 209 57 pleasure

314 1400 44 41 of
387 1416 257 63 explaining
673 1432 51 37 to
752 1443 92 41 you
875 1444 123 28 some
1030 1431 46 40 of
1109 1430 78 41 the
1218 1430 169 42 lessons
1427 1429 147 43 which
1613 1429 79 42 the
1728 1442 93 29 war
1860 1429 81 42 has

312 1476 160 62 taught
499 1510 85 31 me.
882 1501 6 2 -

399 1561 20 42 I
448 1574 146 48 prefer
621 1583 48 39 to
699 1583 85 41 call
812 1583 92 41 this
934 1597 26 27 a
987 1584 100 41 talk
1114 1583 154 42 rather
1294 1583 114 42 than
1438 1592 29 33 a
1491 1584 164 42 formal
1681 1583 184 49 lecture,
1895 1581 47 43 in

314 1631 143 52 which
473 1646 26 42 I
523 1651 141 48 desire
687 1662 48 38 to
757 1659 131 56 bring
910 1660 197 42 forward
1129 1674 49 27 or
1200 1659 255 56 emphasize
1476 1660 79 43 the
1576 1659 214 55 following
1790 1659 43 55 :

400 1724 51 32 la
476 1723 95 48 The
594 1741 182 46 present
802 1736 307 55 organisation
1134 1737 45 42 of
1201 1752 81 40 my
1304 1737 199 55 hospital
1525 1738 71 42 for
1617 1737 119 42 head
1751 1751 193 41 surgery

317 1791 45 34 111
390 1788 145 68 Vichy
565 1820 49 29 as
643 1810 79 43 the
753 1813 141 42 result
926 1814 44 41 of
1001 1813 102 42 four
1133 1823 129 46 years
1294 1814 58 41 of
1369 1827 92 29 war
1492 1813 274 56 experience.

400 1876 48 34 2°
477 1876 95 47 The
607 1885 288 57 dependence
929 1891 45 41 of
1008 1890 78 42 the
1120 1889 211 43 different
1364 1891 221 42 branches
1620 1892 45 40 of
1698 1891 118 42 head
1849 1904 95 28 sur-

316 1945 105 87 gery
441 1963 121 44 upon
589 1965 249 51 prosthesis
866 1967 91 42 and
978 1966 78 42 the
1086 1967 226 55 necessity
1339 1968 46 40 of
1411 1966 212 56 intimate
1651 1966 293 57 cooperation

316 2007 199 65 between
545 2034 36 43 it
614 2041 92 41 and
736 2042 59 41 all
826 2043 78 42 the
936 2043 270 56 specialities
1237 2043 147 43 which
1414 2044 166 42 include
1580 2044 42 42 :

400 2099 41 55 a)
476 2106 106 47 Oral
612 2115 213 59 Surgery;

405 2173 36 57 b)
477 2183 449 69 Oto-Laryngology;

401 2251 33 54 c)
470 2258 167 51 Plastic
671 2270 216 57 Surgery;

400 2327 40 56 d)
477 2336 407 67 Ophthalmology;

401 2404 34 56 e)
466 2410 140 52 Brain
643 2423 208 57 Surgery.

982 2574 224 42 CHAPTER
1237 2572 36 42 I.

490 2677 356 51 Organization
872 2689 49 36 of
947 2689 84 36 the
1056 2686 229 49 Hospital
1306 2688 77 35 for
1409 2686 124 37 head
1560 2697 218 36 surgery,

1007 2757 47 33 at
1080 2743 167 57 Vichy.

402 2867 94 51 The
531 2882 320 51 fundamental
887 2890 240 57 principles
1164 2904 123 41 upon
1323 2888 148 43 which
1505 2888 93 43 this
1636 2889 311 56 organization

321 2944 109 43 rests
453 2964 68 35 are
521 2964 34 35 :

406 3031 48 33 10
482 3030 95 49 The
608 3039 284 58 importance
920 3046 44 41 of
990 3042 246 59 prosthesis
1263 3043 92 43 and

404 3107 48 35 2°
482 3108 93 48 The
606 3122 227 56 necessity
863 3123 45 42 of
937 3121 222 56 grouping
1188 3120 79 41 the
1297 3119 182 42 various
1509 3120 253 55 specialties
1795 3121 45 42 of
1869 3120 79 43 the

319 3161 127 65 head,
481 3191 92 41 and
605 3199 318 55 coordinating
955 3199 120 42 their
1105 3197 137 43 work.

403 3250 93 52 The
526 3264 254 61 important
810 3276 91 42 role
929 3277 45 42 of
1006 3273 252 45 Prosthesis
1291 3272 47 42 in
1373 3273 78 42 the
1485 3277 250 39 treatment
1771 3274 45 41 of
1850 3274 99 41 face
