2449 3850
664 427 26 29 A
720 429 172 30 CENTRE
922 430 85 29 FOR
1036 429 154 29 FACIAL
1219 427 392 30 RECONSTRUCTION
1902 418 51 51 69

329 503 180 45 wounds
540 509 35 43 is
606 528 101 30 now
736 518 97 42 well
864 519 145 48 know,
1043 518 91 42 and
1164 517 58 41 its
1254 516 224 55 necessity
1507 522 166 37 cannot
1707 517 54 42 be
1792 517 161 42 denied

327 568 79 49 but
444 585 135 54 what,
620 592 45 43 in
704 610 78 42 my
820 596 199 57 opinion,
1058 596 39 42 is
1134 596 44 42 of
1217 609 206 41 supreme
1462 595 296 56 importance,
1799 596 37 42 is
1873 596 80 42 the

328 657 181 47 Method
542 669 45 40 of
619 674 270 56 correlating
921 675 78 42 the
1032 675 124 42 work
1189 674 45 40 of
1266 673 247 55 prosthesis
1546 674 91 41 and
1671 688 197 42 surgery,
1905 688 50 27 or

328 722 41 46 In
405 737 127 46 other
566 750 159 50 words,
764 753 45 41 of
844 752 250 57 producing
1130 750 193 45 efficient
1361 755 156 38 «team
1553 753 88 41 work
1641 753 72 41 ))
1748 753 204 43 between

327 803 76 45 the
433 817 88 43 two
553 824 327 57 departments.
970 833 65 40 To
1068 830 157 43 obtain
1255 830 79 41 the
1364 830 101 41 best
1497 830 163 42 results
1690 831 36 41 it
1757 831 37 41 is
1825 832 129 41 abso-

331 875 136 69 lutely
504 910 237 52 necessary
779 913 49 36 to
868 909 217 42 establish
1124 909 203 41 between
1375 907 78 41 the
1502 911 90 37 two
1642 921 26 27 a
1707 908 117 42 close
1864 910 91 41 and

330 951 202 64 lntimate
578 981 294 59 relationship
915 987 90 40 and
1045 984 256 55 cooperation
1301 984 65 55 :
1403 984 78 42 the
1521 998 190 39 surgeon
1751 986 90 40 and
1875 986 79 41 the

328 1043 258 52 prosthesist
615 1065 122 37 must
767 1062 54 41 be
850 1062 253 42 associated
1131 1062 45 41 in
1204 1061 78 42 the
1311 1074 122 28 same
1463 1060 181 50 service,
1675 1064 123 38 work
1827 1066 123 50 toge-

327 1108 108 58 ther,
468 1123 86 47 live
587 1136 143 41 under
760 1138 78 55 the
871 1153 122 27 same
1025 1137 295 56 professional
1351 1137 96 42 roof
1480 1138 91 41 and
1603 1138 200 41 dovetail
1834 1139 119 41 their

328 1186 162 55 efforts.

409 1270 93 49 The
538 1297 121 31 error
695 1291 44 40 of
776 1291 260 56 separating
1072 1292 77 41 the
1186 1290 182 42 various
1403 1290 118 41 head
1557 1290 269 54 specialities
1862 1304 92 28 was

328 1334 194 63 foreseen
549 1360 62 54 by
638 1378 78 41 my
744 1367 200 43 eminent
973 1368 181 47 Master,
1186 1366 146 41 Pierre
1362 1366 219 48 Sebileau,
1612 1366 44 41 in
1686 1367 77 41 the
1793 1382 15 22 «
1827 1371 125 37 ante-

329 1410 160 59 bellum
524 1435 160 56 days)).

410 1498 104 49 war
538 1519 201 48 wounds,
768 1521 78 41 the
873 1520 243 42 successful
1143 1533 185 41 surgery
1355 1520 45 40 of
1426 1519 145 42 which
1598 1520 87 41 will
1712 1523 80 38 not
1820 1520 130 41 allow

326 1566 72 46 the
426 1590 257 46 separation
711 1597 44 40 of
783 1598 79 41 the
889 1596 284 56 specialities,
1204 1611 47 27 as
1278 1611 65 27 we
1372 1597 111 41 used
1509 1601 49 37 to
1585 1597 194 41 limitate
1807 1597 140 49 them,

328 1644 95 49 gIVe
453 1667 145 51 ample
629 1672 214 44 evidence
874 1676 44 40 of
948 1675 92 42 this
1069 1674 211 54 thought.
1372 1674 139 55 Many
1541 1688 74 28 are
1645 1674 77 42 the
1753 1688 124 28 cases
1907 1674 44 41 of

328 1731 214 55 Complete
572 1749 262 44 mutilation
865 1753 45 40 of
939 1752 78 41 the
1047 1752 97 41 face
1173 1751 147 42 which
1350 1751 181 41 involve
1561 1756 47 37 at
1640 1766 83 27 one
1753 1752 91 41 and
1874 1752 77 42 the

328 1808 115 41 Sa-rrie
468 1814 107 48 time
600 1825 77 42 the
702 1842 120 35 nose,
850 1844 117 40 eyes,
994 1829 162 41 mouth
1181 1829 91 40 and
1296 1827 142 42 brain.

406 1882 237 59 Therefore
670 1916 57 28 on
752 1905 127 41 these
904 1910 90 36 two
1020 1904 317 41 fundamental
1364 1904 253 54 principles,
1646 1919 81 26 our
1751 1905 198 54 hospital

326 1944 75 51 has
424 1960 111 51 been
561 1978 252 52 organized.
898 1982 64 40 To
987 1980 60 42 its
1072 1981 107 41 staff
1205 1981 19 40 I
1251 1981 116 40 have
1392 1980 218 54 gathered
1635 1980 76 41 the
1738 1980 210 42 different

325 2035 241 55 specialists
597 2054 44 40 of
671 2056 78 41 the
778 2057 130 49 head,
941 2062 47 37 to
1019 2058 77 41 the
1127 2058 88 40 end
1242 2057 104 41 that
1377 2056 118 42 their
1524 2057 239 41 combined
1793 2058 156 41 efforts

327 2104 138 92 rnight
492 2128 196 47 produce
716 2148 123 28 more
867 2134 193 42 efficient
1088 2135 174 40 results.
1354 2134 52 40 In
1434 2133 91 42 this
1553 2134 123 41 work
1704 2134 246 54 prosthesis

328 2174 75 51 has
434 2195 163 58 played
630 2221 26 27 a
689 2217 119 35 most
842 2210 252 55 important
1127 2215 118 49 part.

408 2264 74 60 My
508 2276 196 60 hospital
732 2288 44 40 of
802 2296 83 44 475
913 2288 110 40 beds
1049 2286 36 41 is
1112 2286 185 41 divided
1323 2285 96 42 into
1445 2285 69 42 six
1541 2287 130 41 wards
1671 2287 44 41 :

406 2339 92 49 The
537 2353 94 45 first
669 2363 123 40 ward
829 2361 36 42 is
904 2362 209 41 reserved
1145 2362 69 41 for
1247 2362 187 40 wounds
1472 2361 234 53 involving
1742 2361 78 41 the
1856 2375 89 33 ear,

325 2415 100 40 nose
453 2428 90 40 and
568 2432 170 54 throat,
768 2444 47 36 at
845 2439 77 41 the
950 2439 117 42 head
1096 2440 44 40 of
1167 2438 159 49 which,
1357 2437 36 41 is
1421 2451 58 27 an
1508 2437 435 55 oto-laryngologist.

406 2492 91 49 The
535 2514 164 41 second
734 2517 125 41 ward
894 2516 36 42 is
967 2517 208 41 reserved
1211 2516 69 41 for
1316 2529 79 40 eye
1432 2515 201 48 wounds,
1674 2514 89 41 and
1801 2518 48 36 at
1887 2514 59 41 its

325 2555 111 57 °ad
467 2576 35 43 is
535 2597 57 31 an
626 2591 416 57 ophthalmologist.

406 2646 91 49 The
531 2662 124 44 third
689 2671 124 40 ward
847 2670 35 42 is
917 2671 208 41 reserved
1159 2671 69 40 for
1261 2669 143 54 grafts
1440 2668 90 40 and
1565 2667 187 41 wounds
1788 2667 44 40 of
1868 2668 77 40 the

324 2709 136 58 brain.
546 2738 93 44 The
667 2745 116 42 chief
812 2748 44 39 of
884 2748 90 40 this
1001 2747 168 41 service
1196 2746 37 41 is
1259 2761 26 26 a
1312 2758 203 40 surgeon.

405 2798 92 49 The
525 2812 169 56 fourth,
719 2823 103 40 fifth
843 2825 91 40 and
956 2824 121 41 sixth
1107 2824 145 40 wards
1280 2836 73 27 are
1383 2821 196 41 devoted
1607 2824 47 37 to
1685 2821 186 41 wounds
1901 2821 43 40 of

325 2865 72 47 the
421 2877 110 52 jaws
555 2894 90 40 and
674 2902 47 37 at
753 2900 77 42 the
855 2901 118 42 head
998 2901 45 41 of
1068 2901 125 41 these
1218 2897 192 43 services
1434 2897 36 41 is
1496 2912 58 27 an
1579 2898 93 41 oral
1697 2912 204 38 surgeon.

405 2952 139 53 There
565 2967 35 42 is
621 2985 25 27 a
667 2974 171 45 dentist
857 2978 70 41 for
946 2978 110 41 each
1075 2976 137 42 ward.
1292 2973 107 43 This
1419 2975 265 42 establishes
1705 2975 76 42 the
1802 2975 142 42 liason

324 3015 195 66 etween
551 3045 77 44 the
662 3051 175 44 clinical
869 3056 94 41 side
996 3056 91 40 and
1118 3055 77 40 the
1228 3053 276 54 laboratory.

405 3105 105 51 This
549 3120 263 64 laboratory
852 3132 81 41 has
974 3132 161 41 twelve
1176 3128 277 44 mechanical
1495 3129 207 50 dentists,
1744 3134 90 37 two
1876 3130 69 40 for

323 3180 106 42 each
459 3198 134 40 ward.
686 3203 94 43 The
813 3207 220 42 direction
1066 3208 45 41 of
1141 3206 92 42 this
1264 3205 263 54 laboratory
1558 3206 36 40 is
1628 3206 235 52 delegated
1895 3209 47 37 to

425 3272 116 38 most
571 3279 294 50 experienced
894 3284 44 40 of
967 3284 77 40 the
1072 3297 156 39 group.
1319 3282 124 41 Each
1473 3281 167 41 service
1669 3281 35 41 is
1733 3296 55 26 an
1821 3281 74 41 ind
1901 3295 41 26 e-
