2431 3874
667 439 274 42 TRAITEMENT
941 439 125 42 DES
1093 450 219 29 FISTULES
1328 450 255 29 SALIVAIRES
1867 441 24 46 I
1891 441 24 46 i
1915 441 26 46 7

319 509 129 54 d'une
488 531 303 46 constriction
821 537 204 55 partielle
1069 538 52 42 de
1162 536 44 43 la
1245 536 237 49 mâchoire,
1519 521 104 69 (18
1623 521 366 69 millimètres).

320 579 83 52 Son
434 595 94 46 état
558 603 178 53 général
767 607 182 42 laissait
969 610 235 53 beaucoup
1237 608 25 39 à
1289 607 176 49 désirer,
1495 613 43 36 et
1568 607 30 40 il
1624 607 157 42 évitait
1813 609 130 39 toute

318 660 146 52 espèce
501 671 177 47 d'effort
716 679 91 41 afin
844 680 53 41 de
940 693 57 28 ne
1032 693 99 42 pas
1162 681 265 50 augmenter
1461 677 311 43 l'écoulement
1812 679 52 40 de
1900 675 44 41 la

319 727 143 49 salive.
1897 761 7 6 -

398 801 124 52 Nous
558 827 141 32 avons
735 820 259 41 commencé
1028 819 39 43 le
1096 818 270 43 traitement
1403 819 53 41 de
1491 817 44 42 la
1569 818 148 43 fistule
1754 817 190 55 d'abord

317 876 77 40 Par
419 877 74 44 des
517 898 289 41 manœuvres
830 891 444 55 massothérapiques
1301 890 202 47 douces,
1503 890 177 47 comme
1706 889 64 41 les
1794 867 172 69 eflfeu-
1966 867 44 69 ■

316 945 119 48 rages
468 957 283 52 superficiels,
788 959 153 43 allant
964 960 54 42 de
1050 960 45 42 la
1126 958 250 58 périphérie
1411 960 53 41 de
1497 955 44 45 la
1573 971 149 29 masse
1751 957 191 43 infiltrée

317 1015 96 69 vers
432 1016 39 45 le
492 1032 164 45 centre,
679 1026 208 58 présenté
906 1029 57 42 ici
982 1044 83 42 par
1084 1030 44 42 la
1148 1029 219 43 cicatrice.
1389 1032 90 40 Les
1495 1030 257 54 effleurages
1773 1027 169 44 étaient

316 1084 134 71 Sulvis
478 1107 82 41 par
590 1098 77 42 des
694 1098 226 57 pressions
948 1099 166 55 légères
1144 1104 44 38 et
1220 1100 77 43 des
1326 1088 251 55 vibrations
1608 1091 212 62 digitales
1842 1111 100 29 cen-

318 1145 191 63 tripètes.
553 1168 169 44 Toutes
741 1185 93 37 ces
878 1185 302 35 manœuvres,
1224 1173 235 40 exécutées
1502 1170 190 42 d'abord
1732 1168 116 54 sans
1848 1168 94 54 air

407 1171 22 27 e
452 1175 71 61 es.
593 1173 129 39 outes
763 1185 71 28 ces
878 1185 302 35 manœuvres,
1224 1173 235 40 exécutées
1502 1170 190 42 d'abord
1732 1183 103 27 sans
1878 1181 64 29 aIr

291 1216 181 81 haud,
511 1233 173 50 ensuite
720 1255 104 28 sous
859 1240 40 44 le
936 1247 190 37 courant
1164 1241 113 43 d'air
1312 1243 161 47 chaud,
1514 1240 168 43 étaient
1721 1229 221 53 destinées

319 1284 24 43 a
370 1305 155 44 rendre
556 1308 40 44 le
628 1313 164 55 champ
822 1311 420 57 massothérapique
1273 1313 100 55 plus
1405 1310 236 46 accessible
1673 1324 90 28 aux
1795 1309 147 54 doigts

320 1363 42 38 et
392 1366 25 42 à
446 1379 170 44 activer
643 1382 45 41 la
715 1382 253 55 résorption
1000 1384 54 41 de
1082 1382 315 42 l'infiltration.

396 1440 146 58 Après
568 1450 40 45 le
635 1467 217 42 massage,
884 1468 57 28 on
970 1452 267 44 soumettait
1263 1452 45 43 la
1335 1454 150 54 région
1510 1452 30 41 à
1568 1451 182 43 l'action
1780 1450 166 43 directe

321 1500 51 45 de
391 1510 107 49 l'air
529 1523 163 49 chaud,
727 1523 64 56 en
791 1523 236 56 dirigeant,
1027 1523 87 56 la
1144 1524 175 47 douche
1353 1538 75 28 sur
1458 1524 44 41 la
1536 1523 172 43 surface
1740 1524 204 45 cutanée,

320 1576 96 46 puis
448 1598 74 32 sur
554 1592 44 42 la
629 1608 250 42 muqueuse
912 1609 82 41 par
1027 1593 44 43 la
1102 1595 189 42 bouche.
1330 1595 182 42 Comme
1545 1593 39 42 le
1619 1596 181 40 contact
1835 1590 112 43 d'air

321 1644 143 54 chaud
488 1673 108 33 avec
620 1665 44 41 la
688 1679 248 43 muqueuse
962 1671 66 37 est
1054 1665 102 55 plus
1181 1665 204 49 sensible,
1412 1665 31 40 il
1468 1665 98 43 faut
1594 1652 161 67 diriger
1778 1663 39 42 le
1844 1670 103 35 cou-

321 1723 97 41 rant
468 1745 82 40 par
599 1735 359 44 intermittences
1001 1742 44 37 et
1090 1736 228 54 l'éloigner
1359 1736 192 43 aussitôt
1595 1751 86 41 que
1704 1734 58 42 .le
1803 1725 145 51 blessé

322 1791 253 57 Comraence
616 1807 27 41 à
682 1806 265 44 manifester
989 1809 77 41 des
1108 1806 147 55 signes
1298 1809 54 47 de
1395 1807 210 42 douleurs
1646 1792 301 56 intolérables.

323 1853 66 51 on
421 1865 128 53 laisse
581 1876 45 43 la
658 1887 249 47 muqueuse
932 1886 53 35 se
1019 1877 207 43 refroidir
1258 1894 61 27 un
1352 1893 89 42 peu
1473 1884 45 37 et
1553 1892 57 28 on
1638 1887 311 33 recommence

321 1923 14 41 l
352 1940 243 50 opération.
634 1951 73 41 Au
743 1949 81 54 fur
852 1954 44 38 et
934 1949 26 41 à
997 1963 176 29 mesure
1210 1964 87 42 que
1332 1948 269 57 l'opération
1638 1962 45 30 se
1719 1948 227 56 prolonge,

321 1992 42 48 la
387 2007 132 63 durée
547 2018 65 58 de
612 2018 326 58 l'application
966 2020 62 42 du
1053 2025 189 37 courant
1271 2019 113 43 d'air
1410 2021 148 41 chaud
1585 2024 240 50 augmente
1853 2033 93 29 sen-

323 2069 230 61 Slblernent
577 2093 130 50 grâce
739 2092 26 41 à
796 2088 184 44 l'action
1014 2089 310 56 analgésiante
1356 2091 54 42 de
1442 2096 70 37 cet
1545 2096 134 49 agent
1710 2089 236 57 physique.

324 2136 217 73 Quelques
578 2157 262 59 effleurages
872 2175 116 42 pour
1018 2160 177 43 activer
1229 2160 44 41 la
1318 2160 263 43 circulation
1624 2162 59 41 de
1719 2160 55 42 la
1798 2160 151 55 région

323 2211 154 54 traitée
512 2230 242 44 terminent
792 2231 45 41 la
873 2232 170 42 séance.

405 2289 60 46 Le
480 2300 66 57 28
546 2300 265 57 septembre,
832 2301 52 43 la
896 2301 205 43 cicatrice
1123 2302 58 42 de
1181 2302 58 42 la
1239 2302 117 42 face
1379 2302 199 55 changea
1601 2301 102 54 déjà
1727 2283 221 74 d'aspect;

323 2351 87 49 ele
433 2365 155 48 devint
622 2372 102 55 plus
760 2371 168 56 souple,
965 2373 147 56 moins
1146 2373 265 50 adhérente;
1445 2373 210 44 l'oedème
1689 2374 54 41 de
1776 2372 44 42 la
1854 2371 96 42 face

323 2422 197 59 diminua
542 2443 335 49 notablement,
897 2442 71 57 la
989 2442 149 44 fistule
1170 2442 204 57 persista.
1410 2444 89 42 Son
1532 2443 180 43 volume
1747 2442 201 43 diminua

324 2492 51 45 de
400 2502 248 68 beaucoup,
677 2513 114 42 mais
818 2506 44 49 la
889 2514 139 42 salive
1055 2513 170 57 passait
1253 2527 172 35 encore,
1455 2514 179 42 surtout
1662 2527 59 28 au
1746 2517 204 38 moment

325 2563 51 45 de
403 2571 43 46 la
473 2584 290 44 mastication
794 2588 44 39 et
869 2577 108 50 d'un
1007 2587 131 41 effort
1169 2584 301 56 quelconque;
1499 2598 82 42 pas
1611 2585 55 41 de
1696 2583 254 47 débris.ali-

323 2645 249 51 mentaires.
596 2657 61 40 Le
672 2655 146 43 blessé
841 2653 171 45 affirme
1034 2655 110 57 qu'il
1170 2669 257 33 commence
1455 2656 26 40 à
1506 2668 186 41 manger
1716 2654 102 56 plus
1844 2653 107 42 faci-

324 2701 175 69 lement,
529 2722 276 47 l'ouverture
836 2728 54 41 de
920 2726 44 42 la
992 2727 158 49 bouche
1150 2727 114 49 est
1296 2725 102 53 déjà
1430 2727 54 41 de
1514 2737 54 30 22
1598 2712 292 55 millimètres.

407 2786 60 46 Le
492 2805 53 43 19
569 2797 175 48 octobre,
764 2797 44 41 la
829 2797 149 42 fistule
1002 2793 204 47 salivaire
1231 2800 67 39 est
1315 2797 205 49 obturée;
1539 2804 148 37 aucun
1704 2795 178 56 liquide
1882 2795 68 56 ne

325 2860 124 41 passe
467 2864 113 54 plus.
603 2869 66 40 La
686 2868 291 43 mastication
996 2872 67 39 est
1081 2867 190 50 meilleure
1271 2867 58 50 ;
1348 2866 274 43 l'ouverture
1642 2867 55 42 de
1715 2866 43 41 la
1776 2866 175 44 bouche

325 2929 25 31 a
377 2936 143 49 gagné
551 2951 158 29 encore
745 2950 24 30 2
816 2938 279 43 millimètres
1139 2943 44 36 et
1224 2936 39 43 le
1302 2936 146 43 blessé
1480 2952 49 28 se
1569 2937 175 43 nourrit
1783 2937 165 43 mieux.

326 2984 63 51 La
421 3000 204 50 cicatrice
659 3008 157 43 faciale
850 3015 67 36 est
949 3010 103 55 plus
1085 3007 167 56 souple,
1288 3022 156 29 encore
1478 3009 202 49 fibreuse,
1715 3008 114 43 mais
1861 3023 91 28 non

325 3070 362 60 COngestionnée;
724 3076 315 51 l'infiltration
1062 3080 53 42 de
1139 3078 56 42 la
1229 3078 104 54 joue
1370 3085 26 35 a
1432 3079 26 41 à
1493 3094 89 41 peu
1615 3082 102 53 près
1755 3079 194 56 disparu.

409 3141 345 58 Actuellement,
786 3150 45 42 la
859 3150 150 43 fistule
1041 3155 115 37 reste
1187 3148 350 57 complètement
1569 3151 206 50 obturée;
1807 3149 145 42 l'infil-

328 3202 171 66 tration
523 3219 53 44 de
606 3219 44 43 la
678 3220 104 54 joue
812 3236 27 27 a
852 3225 204 51 presque
1087 3220 203 56 disparu;
1321 3221 274 42 l'ouverture
1625 3223 54 40 de
1703 3220 48 43 la
1778 3222 174 41 bouche

328 3280 65 42 est
416 3282 26 42 à
465 3301 87 41 peu
572 3286 104 60 près
699 3291 200 48 normale
929 3291 66 60 (33
1020 3290 308 55 millimètres),
1356 3290 62 43 les
1446 3292 136 44 bords
1607 3293 54 43 de
1677 3290 64 45 la
1741 3290 214 45 cicatrice
