2419 3877
524 418 255 44 REDUCTION
808 423 261 48 MECANIQUE
1098 435 60 27 DE
1187 434 252 28 FRACTURES
1469 432 245 31 MULTIPLES
1862 435 74 39 1.29

419 3375 39 25 LA
482 3380 256 29 RKSTAURATION
761 3383 326 23 MAXILLO-FACIALE.
1826 3384 18 28 y

393 506 345 55 CONCLUSIONS.
760 547 60 3 —
839 521 131 47 Alors
991 521 167 55 qu'une
1178 519 238 43 reduction
1436 520 239 55 sanglante
1694 520 240 56 paraissait

310 572 154 54 devoir
489 589 249 59 s'imposer,
768 596 198 42 l'auteur
994 612 26 26 a
1048 595 174 56 prefere
1249 595 175 42 utiliser
1450 596 45 42 la
1522 596 235 43 reduction
1788 597 148 41 meca-

310 650 148 61 ftique,
485 668 79 52 qui
586 669 65 43 lui
675 687 27 27 a
727 674 150 41 donne
902 672 292 43 d'excellents
1218 671 228 43 resultats.

395 733 83 48 Les
502 745 228 57 principes
758 749 55 42 de
838 748 236 57 l'appareil
1101 748 152 44 decrit.
1270 747 58 42 ici
1353 763 55 28 ne
1437 752 104 38 sont
1567 763 83 41 pas
1675 763 259 35 nouveaux,

309 808 110 45 mais
443 814 32 42 il
500 826 68 38 est
595 824 26 40 a
648 829 232 39 constater
904 821 135 60 qu'en
1039 821 90 60 dix
1129 821 181 60 jours,
1338 830 52 37 et-
1410 839 105 28 sans
1541 827 255 56 souffrance
1820 839 118 42 pour

307 874 39 46 le
370 881 154 65 blesse,
553 883 59 59 on
637 879 27 64 a
690 904 175 41 obtenu
887 907 88 38 une
998 887 240 59 reduction
1264 901 195 57 parfaite
1466 905 68 39 et
1558 902 120 42 evite
1704 902 116 42 ainsi
1843 917 90 27 une

308 951 306 68 lntervention
639 978 306 55 chirurgicale.
974 980 68 42 De
1063 979 116 57 plus,
1205 979 45 44 la
1275 978 256 44 confection
1557 979 53 41 de
1636 976 92 57 cet
1728 976 208 57 appareil

312 1041 66 37 est
394 1041 90 48 fort
502 1051 182 59 simple;
702 1055 67 46 le
769 1055 204 46 bandeau
991 1050 232 53 amoyible.
1235 1055 184 56 p.ermet
1419 1055 276 56 d'appqrter
1712 1054 62 42 les
1793 1054 147 42 modi-

312 1109 203 60 fications
539 1131 181 48 voulues
720 1131 113 48 sans
833 1131 226 48 desceller
1059 1131 251 48 l'attelle
1332 1130 67 50 et
1399 1130 67 50 de
1466 1130 251 50 controler
1740 1130 45 42 la
1809 1132 127 54 repa-

310 1193 145 49 ration
483 1217 179 33 osseuse
692 1212 59 38 ah
777 1208 159 61 niveau
936 1208 115 61 des
1078 1209 135 52 traits
1242 1211 54 41 de
1325 1209 212 42 fracture.
1570 1209 80 41 Cet
1679 1206 201 57 appareil
1909 1222 27 27 a

309 1272 101 40 ]Oué
435 1275 40 45 Ie
504 1283 166 45 double
697 1285 92 43 role
818 1288 54 40 de
888 1284 271 45 reduction
1159 1284 81 45 et
1240 1284 435 45 demobilisation.
