2351 3870
461 422 52 40 68
852 432 58 29 LA
938 432 339 31 RESTAURATION
1306 422 406 39 MAXILLO-FACIALE

550 519 60 41 Le
647 519 86 41 rôle
771 519 239 56 important
1051 521 50 41 de
1144 520 44 42 la
1230 519 197 57 prothèse
1471 519 113 42 dans
1632 518 40 42 le
1714 517 266 42 traitement
2017 515 78 42 des

460 596 224 43 blessures
719 598 55 41 de
809 597 44 42 la
896 598 99 42 face
1039 603 68 38 est
1152 597 293 56 aujourd'hui
1488 596 37 43 si
1560 609 149 29 connu
1753 609 87 41 que
1874 606 269 44 personne.

461 687 57 28 ne
551 673 40 42 le
625 678 204 39 conteste
872 675 115 55 plus.
1034 676 113 42 Mais
1192 691 48 27 ce
1272 675 91 56 qui,
1396 676 27 41 à
1453 688 108 28 mon
1592 672 111 50 avis,
1738 672 225 42 constitue
1997 671 99 41 l'es-

458 749 176 52 sentiel,
675 750 110 43 c'est
826 751 43 43 la
905 752 199 45 manière
1146 754 54 42 de
1239 750 238 45 concevoir
1512 750 45 42 la
1594 749 326 43 collaboration
1960 745 55 46 de
2052 747 44 42 la

464 828 212 55 prothèse
704 843 111 29 avec
841 829 45 43 la
915 831 193 55 chirurgie
1108 831 58 55 :
1195 845 118 43 pour
1331 829 189 43 obtenir
1545 829 66 42 les
1638 828 217 42 résultats
1881 827 65 42 les
1973 824 129 45 meil-

464 904 132 51 leurs,
636 905 32 41 il
706 912 68 38 est
812 908 335 57 indispensable
1187 922 87 41 que
1314 911 121 39 cette
1474 905 328 44 collaboration
1832 905 88 42 soit
1955 903 156 43 totale

465 985 46 39 et
555 981 180 52 intime;
772 985 254 55 chirurgien
1075 991 48 36 et
1167 984 274 57 prothésiste
1490 983 188 50 doivent
1726 982 128 42 vivre
1905 994 105 29 sous
2059 979 41 41 le

437 1084 6 5 -
464 1057 145 46 même
650 1059 103 51 toit,
793 1061 234 43 travailler
1069 1062 113 42 dans
1228 1061 41 42 le
1314 1062 147 41 même
1504 1059 182 50 service,
1719 1058 253 45 constituer
2010 1069 88 29 une

466 1134 221 45 véritable
717 1137 240 55 symbiose.

554 1212 199 44 L'erreur
779 1215 72 41 des
878 1215 272 56 séparations
1173 1215 104 56 trop
1277 1215 210 56 absolues
1509 1218 115 39 entre
1647 1214 59 41 les
1733 1209 260 58 différentes
1993 1209 109 58 spé-

469 1290 177 43 cialités
666 1292 50 41 de
746 1292 44 42 la
821 1294 76 40 tête
928 1293 126 43 avait
1086 1293 104 55 déjà
1221 1294 73 41 été
1325 1293 229 43 dénoncée
1584 1296 144 39 avant
1757 1291 46 41 la
1832 1303 158 42 guerre
2020 1299 86 44 par

469 1381 107 30 mon
601 1367 163 45 maître
791 1368 148 43 Pierre
966 1369 220 42 Sebileau.
1216 1370 85 40 Les
1331 1369 223 41 blessures
1586 1369 56 41 de
1673 1381 170 41 guerre,
1872 1365 79 55 qui
1976 1364 130 43 n'ad-

468 1448 197 40 mettent
696 1457 81 42 pas
807 1444 64 41 les
902 1444 206 44 cloisons
1108 1444 230 44 étanches
1369 1448 127 37 entre
1526 1443 63 42 les
1620 1443 198 42 diverses
1850 1440 255 57 spécialités

469 1519 112 43 dont
603 1533 115 31 nous
748 1519 159 42 avions
938 1519 201 42 délimité
1160 1519 64 42 les
1246 1518 251 50 frontières,
1523 1523 80 37 ont
1635 1518 216 44 confirmé
1881 1517 224 42 formelle-

455 1599 144 39 ment
625 1600 121 38 cette
780 1595 199 45 manière
1008 1596 55 41 de
1093 1595 81 42 voir
1174 1595 49 42 :
1254 1595 65 41 les
1349 1608 76 29 cas
1454 1609 138 28 ne-se
1624 1598 237 52 comptent
1892 1594 103 56 plus
2030 1594 72 47 où,

472 1686 56 30 en
550 1673 147 44 même
720 1677 150 50 temps
894 1686 88 41 que
1004 1672 45 42 la
1080 1673 99 41 face
1208 1672 251 54 largement
1485 1672 201 50 mutilée,
1711 1672 41 42 le
1783 1672 320 55 traumatisme

472 1748 216 42 intéresse
716 1748 42 41 le
787 1762 95 35 nez,
915 1748 64 42 les
1016 1762 150 40 yeux,
1181 1747 45 42 la
1255 1748 190 49 bouche,
1478 1748 41 42 le
1549 1762 204 29 cerveau.

560 1823 130 42 Voilà
719 1824 116 42 donc
864 1824 177 54 d'après
1061 1823 127 55 quels
1211 1823 224 55 principes
1457 1824 82 54 j'ai
1565 1825 205 54 organisé
1796 1840 108 28 mon
1930 1822 178 58 hôpital

475 1901 59 40 où
577 1904 104 40 sont
719 1901 225 53 envoyées
992 1900 63 41 les
1093 1899 222 42 blessures
1360 1900 79 54 qui
1481 1900 201 44 relèvent
1727 1902 77 42 des
1848 1901 261 42 différentes

474 1975 254 57 spécialités
765 1976 56 41 de
852 1976 48 42 la
935 1976 95 42 tête
1066 1980 46 37 et
1149 1976 78 54 qui
1263 1976 187 43 doivent
1485 1978 258 42 bénéficier
1758 1979 351 41 heureusement

476 2053 111 43 d'un
623 2053 264 43 traitement
926 2055 58 40 où
1018 2053 45 42 la
1099 2053 212 56 prothèse
1348 2054 276 43 collaborera
1661 2069 111 28 avec
1806 2055 46 42 la
1888 2052 222 57 chirurgie

478 2130 204 57 spéciale.

565 2210 394 49 PRATIQUEMENT,
982 2209 205 56 l'hôpital
1211 2210 246 54 comprend
1478 2219 84 45 475
1591 2209 72 42 lits
1689 2209 192 56 répartis
1908 2223 56 28 en
1991 2208 26 42 6
2045 2207 66 42 di-

477 2285 158 43 visions
635 2285 40 43 :

568 2368 66 35 Ire
673 2361 220 43 Division.
925 2362 229 43 Blessures
1195 2362 78 54 qui
1310 2362 270 43 intéressent
1618 2363 64 42 les
1721 2362 187 49 oreilles,
1948 2361 42 41 le
2028 2372 83 29 nez

480 2453 59 28 ou
568 2439 42 42 le
641 2438 177 57 larynx.
854 2439 97 42 Elle
984 2444 68 42 est
1085 2439 166 54 dirigée
1283 2452 83 41 par
1396 2452 63 28 un
1491 2436 618 58 oto-rhino-laryngologiste.

568 2524 47 36 2e
647 2516 220 44 Division.
899 2517 230 42 Blessures
1153 2515 79 56 qui
1253 2515 270 43 intéressent
1544 2517 65 41 les
1632 2530 133 41 yeux.
1792 2516 98 41 Elle
1914 2519 67 38 est
2007 2512 104 44 diri-

480 2596 80 54 gée
590 2610 84 41 par
703 2610 63 28 un
798 2594 411 57 ophtalmologiste.

568 2678 49 47 3e
648 2672 220 43 Division.
903 2672 171 42 Greffes
1101 2675 46 37 et
1173 2670 223 42 blessures
1424 2670 55 41 de
1504 2669 289 56 l'encéphale.
1825 2669 178 54 Dirigée
2030 2678 83 44 par

481 2764 62 28 un
579 2749 266 55 chirurgien.

568 2833 64 47 4e,
672 2832 48 48 5e
757 2830 46 38 et
840 2826 48 41 6e
926 2823 255 58 Divisions.
1181 2823 257 58 Blessures
1483 2822 79 41 des
1606 2823 264 41 mâchoires.
1910 2821 110 42 Chef
2058 2819 54 42 de-

481 2904 145 45 service
626 2904 55 45 :
720 2917 62 28 un
819 2902 375 63 stomatologiste.

569 2983 126 41 Dans
731 2981 174 55 chaque
941 2980 207 49 division,
1186 2993 62 27 un
1284 2975 197 44 dentiste
1517 2976 161 42 établit
1712 2976 45 42 la
1790 2976 162 42 liaison
1986 2977 127 39 entre

481 3061 40 43 le
552 3059 168 44 service
752 3056 194 56 clinique
976 3061 46 38 et
1051 3057 41 42 le
1110 3054 286 44 laboratoire
1426 3053 55 43 de
1510 3053 225 54 prothèse.

568 3140 63 45 Le
660 3134 281 45 Laboratoire
969 3134 50 41 de
1046 3133 204 45 Prothèse
1280 3130 251 56 comprend
1557 3142 53 30 12
1638 3129 290 43 mécaniciens
1962 3129 41 54 (2
2033 3138 82 45 par

483 3216 227 54 division).
741 3214 66 41 La
835 3210 220 44 direction
1084 3210 62 49 du
1172 3206 274 45 laboratoire
1473 3210 69 38 est
1570 3207 168 44 confiée
1756 3221 70 27 -au
1851 3205 103 55 plus
1982 3203 133 56 expé-

481 3293 193 43 rimenté
706 3292 54 42 de
792 3288 191 44 ceux-là.
