2437 3877
666 416 29 28 A
725 418 173 28 CENTRE
926 417 87 28 FOR
1040 416 156 30 FACIAL
1224 415 394 28 RECONSTRUCTION
1908 413 51 40 97

459 3354 38 23 LA
521 3360 253 29 RESTAURATION
800 3368 314 22 MAXILLO-FACIALE.
1857 3368 16 32 7

333 474 71 62 111
404 474 161 62 tm-foil
587 487 44 54 of
653 502 78 43 the
752 505 175 42 needed
949 504 129 55 flaps,
1103 503 92 42 and
1216 516 78 28 use
1315 501 92 42 this
1428 507 186 50 pattern
1634 502 48 41 in
1705 499 250 58 operating.

420 574 252 50 procedure
694 579 37 44 is
744 580 267 43 illustrated
1031 580 64 55 by
1116 578 311 57 photographs
1440 578 84 54 35,
1524 578 84 54 36,
1608 578 84 54 37
1715 575 92 46 and
1829 577 89 54 38.
1918 577 45 54 ;

1135 731 23 24 *

1096 758 22 25 *
1168 758 22 24 *
1357 766 6 4 •
1482 768 6 3 -
1957 767 6 3 •

685 900 51 47 4°
768 895 267 41 PROTHESIS
1061 905 99 31 AND
1189 895 408 41 OPHTALMOLOGY.

420 1005 172 67 During
625 1021 78 43 the
736 1038 116 36 war,
878 1024 344 56 ophtalmology
1254 1023 81 42 has
1370 1022 119 50 also,
1503 1023 177 55 greatly
1712 1024 252 48 benefitted

338 1072 61 59 by
426 1096 258 45 prosthesis.
1286 1089 10 2 -
1381 1089 8 1 -

342 1174 10 4 -
406 1160 221 56 ■Without
651 1178 169 54 goiNg
836 1178 77 47 into
913 1178 47 47 ,
974 1178 140 42 detail
1152 1178 268 54 concerning
1456 1179 88 50 the
1562 1179 123 55 new
1685 1179 123 55 and
1808 1179 155 55 very

576 2573 86 34 'FIG.
690 2575 50 44 39.-

1502 2575 113 44 FIG.
1615 2575 114 44 40.-

341 2707 282 60 t
637 2729 246 54 problems
907 2730 44 42 of
992 2728 320 54 maintaining
1334 2728 78 42 the
1455 2719 190 51 contour
1687 2721 44 49 of
1773 2730 78 42 the
1893 2745 81 40 eye

326 2781 172 64 socket
498 2781 123 64 and
636 2788 55 61 of
691 2788 92 61 the
814 2807 270 42 restoration
1119 2807 44 41 of
1193 2805 78 42 the
1296 2804 78 43 'cul
1406 2790 72 65 de
1478 2790 120 65 sacj
1598 2790 48 65 I
1646 2790 145 65 wish
1806 2803 68 46 to
1890 2806 91 53 call

344 2856 64 82 tó.
429 2882 116 46 your
545 2882 258 46 attention
835 2887 60 41 to
895 2887 100 41 the
1028 2901 77 27 use
1140 2886 44 40 of
1217 2898 66 27 an
1310 2883 93 43 oli
1403 2883 93 43 ve
1527 2872 140 76 made
1667 2872 309 76 from-gutta

344 2947 169 49 Percha
544 2962 114 45 which
658 2962 76 45 -is
734 2962 40 45 -
789 2966 161 58 placed
980 2965 46 42 in
1054 2966 82 41 the
1168 2957 154 48 socket
1355 2963 136 56 otan
1520 2958 269 49 enucleated
1820 2981 89 40 eye
1931 2965 46 43 in-

355 3012 127 57 order
513 3035 54 41 to
583 3035 205 59 prevent
813 3042 68 42 its
917 3038 295 46 contraction.

441 3102 185 61 Figures
647 3128 54 44 39
730 3119 89 43 and
847 3131 58 41 40
939 3107 226 53 illustrate
1202 3130 27 27 a
1265 3115 188 61 patient
1453 3115 118 61 who
1606 3114 91 46 had
1735 3134 59 27 an
1824 3099 154 63 exten-

356 3167 92 52 SlVe
483 3182 88 48 loss
603 3193 46 40 of
677 3197 81 38 the
787 3195 137 43 lower
953 3195 76 48 lid,
1058 3192 300 57 complicated
1389 3192 113 44 with
1532 3208 25 27 a
1596 3196 386 42 communication

356 3248 110 49 with
526 3277 27 28 a
605 3270 242 55 maxillary
907 3269 137 47 sinus.
1140 3268 104 42 You
1294 3268 233 57 recognize
1590 3271 78 41 the
1731 3275 250 52 apparatus
