2437 3877
610 412 30 29 A
669 415 174 32 CENTRE
871 418 87 29 FOR
985 418 157 30 FACIAL
1170 417 395 31 RECONSTRUCTION
1851 418 50 41 71

277 481 194 50 Pendent
498 494 115 54 unit,
640 499 86 45 but
753 499 46 46 in
827 504 133 42 order
980 509 52 39 to
1060 517 161 31 ensure
1247 503 271 58 uniformity
1545 504 46 43 of
1617 505 178 51 results,
1824 520 79 42 my

277 552 297 62 collaborator
615 579 92 42 and
755 579 149 45 friend
943 581 187 56 captain
1174 581 138 48 Bozo,
1355 581 339 56 stomatologist
1736 583 46 42 of
1822 583 80 42 the

277 620 122 58 Paris
437 641 248 65 Hospitals,
727 657 92 42 and
857 659 227 55 professor
1121 658 47 42 of
1208 657 297 44 orthodontia
1543 657 46 43 in
1629 659 79 43 the
1747 659 155 44 school

275 702 45 42 of
344 714 305 72 stomatology
674 732 46 44 in
749 736 131 50 Paris,
880 736 76 50 is
982 736 80 43 the
1089 735 197 54 directpr
1312 735 46 42 of
1385 735 61 42 all
1472 736 250 55 prosthesis
1747 737 47 43 in
1821 752 80 42 my

274 774 206 74 hospital,
514 816 50 31 as
598 807 36 51 I,
669 809 47 44 in
748 813 80 42 the
863 825 124 31 same
1016 825 145 37 sense,
1196 825 76 29 am
1304 811 80 43 the
1418 811 198 44 director
1648 814 46 41 of
1728 814 59 42 all
1820 814 82 43 the

273 864 180 62 surgery
467 875 59 46 in
555 883 79 44 the
664 888 144 44 entire
825 889 290 44 institution.

272 1003 30 45 h
356 939 52 48 In
443 960 261 59 neurology,
742 963 36 46 it
816 981 92 29 was
944 980 81 42 my
1059 966 120 55 good
1214 965 183 43 fortune
1433 969 49 39 to
1521 979 154 29 secure
1712 967 71 42 for
1818 967 82 53 the

272 1003 205 75 spital,
504 1046 80 45 my
608 1038 148 47 friend
789 1042 186 57 captain
1002 1044 228 55 Tournay,
1258 1042 102 43 who
1386 1043 155 42 before
1567 1042 77 43 the
1671 1056 106 38 war,
1806 1058 92 29 was

321 1102 25 29 e
369 1102 215 53 assistant
611 1117 47 41 of
684 1132 82 29 our
792 1121 183 50 Master,
1001 1119 233 44 Babinski.

344 1169 63 49 In
438 1184 221 59 addition,
685 1179 135 61 there
853 1212 75 31 are
960 1198 95 43 also
1086 1198 128 42 three
1248 1197 132 43 other
1409 1196 297 43 laboratories
1737 1197 47 42 in
1816 1197 80 43 the

252 1231 75 87 In.
327 1231 209 87 stitution.

353 1326 52 79 a)
426 1332 94 50 The
550 1342 265 65 laboratory
846 1352 46 42 of
922 1350 453 56 histo-bacteriology
1404 1350 92 43 and
1525 1349 238 56 biological
1794 1350 102 44 che-

268 1394 177 68 mistry;

355 1477 37 58 b)
424 1486 95 50 The
548 1496 266 64 laboratory
840 1505 46 42 of
914 1504 336 56 photography,
1274 1503 174 57 simple,
1472 1504 122 43 color
1614 1488 93 59 and
1726 1508 169 38 stereo-

266 1553 145 55 scopic
441 1569 147 49 which
618 1591 104 31 now
752 1581 209 43 contains
992 1596 124 28 more
1148 1581 115 45 than
1297 1584 119 40 1200
1441 1581 333 56 photographs;

349 1632 36 55 c)
416 1639 95 49 The
547 1649 266 65 laboratory
851 1658 46 42 of
934 1658 136 43 facial
1107 1663 135 46 casts,
1282 1672 124 29 some
1445 1659 49 42 of
1528 1657 149 44 which
1715 1658 21 41 I
1775 1657 119 43 have

266 1692 192 74 brought
490 1727 50 40 to
572 1729 126 46 show
729 1748 106 42 you.

349 1783 43 49 It
426 1793 39 45 is
494 1809 87 49 not
618 1821 240 46 necessary
894 1816 50 39 to
980 1811 205 44 mention
1221 1812 79 43 the
1337 1816 92 39 two
1453 1811 252 57 operating
1741 1825 150 30 rooms

284 1861 117 49 eptic
420 1876 91 43 and
530 1885 186 54 aseptic,
739 1887 80 43 the
841 1888 172 57 X-Ray
1032 1888 183 51 service,
1238 1889 79 43 the
1338 1888 225 55 receiving
1582 1889 126 42 ward
1731 1879 160 65 (found

252 1935 56 62 In
329 1948 136 56 every
488 1952 255 61 important
768 1964 232 58 hospital).
1076 1967 22 41 I
1124 1965 113 44 wish
1260 1966 212 43 however
1496 1970 49 39 to
1571 1979 84 43 say
1678 1979 68 38 we
1770 1966 120 43 have

265 2013 26 31 2L
311 2022 124 44 room
457 2027 71 46 for
550 2048 218 47 massage,
795 2055 27 29 a
846 2042 124 43 ward
994 2042 71 43 for
1087 2042 199 51 trismus,
1312 2043 90 43 end
1426 2056 27 29 a
1476 2056 127 29 room
1627 2042 72 42 for
1722 2041 170 43 Carrel-

264 2075 144 64 akin
433 2101 270 62 irrigations.

902 2301 225 42 CHAPTER
1159 2302 60 42 II.

600 2448 101 40 The
725 2452 317 47 cooperation
1068 2452 50 38 of
1143 2453 84 42 the
1256 2452 274 47 prosthesis

446 2515 96 37 and
569 2519 84 38 the
678 2520 237 42 different
940 2523 279 49 specialties
1243 2522 50 38 of
1319 2523 124 38 head
1472 2532 219 38 surgery.

588 2675 49 34 1°
667 2672 298 44 PROSTHESIS
1002 2685 102 31 AND
1142 2684 124 31 ORAL
1303 2683 238 31 SURGERY.

306 2774 125 57 The
461 2799 226 57 necessity
720 2803 46 42 of
797 2804 249 56 prosthesis
1077 2803 47 43 in
1156 2803 196 44 diseases
1384 2801 148 44 which
1564 2816 126 30 come
1722 2802 161 44 within

257 2840 37 50 th
294 2840 38 50 e
356 2856 182 57 domain
564 2876 46 41 of
634 2879 95 42 oral
753 2894 188 44 surgery
964 2882 37 42 is
1026 2894 103 29 now
1152 2880 98 42 well
1275 2880 179 42 known.

336 2929 43 45 A
398 2937 192 56 finished
613 2953 173 47 dentist
808 2962 126 41 must
958 2958 95 43 also
1076 2958 57 43 be
1156 2970 28 29 a
1207 2957 112 56 good
1319 2957 314 56 prosthesist.
1717 2958 165 57 Thirty

254 3002 126 48 years
411 3028 84 44 ago
528 3026 169 47 Claude
731 3033 182 51 Martin,
949 3034 47 43 of
1028 3035 166 55 Lyons,
1229 3038 141 38 wrote
1402 3033 268 56 interesting
1702 3034 180 44 articles

242 3079 165 101 Othe
429 3101 279 54 application
733 3110 47 42 of
802 3110 249 57 prosthesis
1073 3110 47 44 in
1144 3110 192 55 surgical
1360 3110 261 52 affections,
1621 3110 109 52 and
1752 3126 125 42 espe-

251 3146 130 68 CIally
402 3169 141 55 those
558 3181 47 40 of
625 3184 82 43 the
729 3186 100 43 face
853 3188 93 42 and
965 3187 178 56 larynx.

337 3232 173 85 During
531 3255 79 46 the
632 3274 93 40 war
746 3263 78 54 the
847 3263 303 68 applications
1173 3263 47 44 of
1239 3264 250 67 prosthesis
1510 3268 51 41 to
1581 3264 92 66 jaw
1692 3264 188 66 injuries
