2428 3874
763 700 98 55 Un
907 697 165 79 signe
1118 698 414 78 diagnostique

335 836 97 64 des
465 857 417 75 constrictions
922 866 102 57 des
1063 864 332 59 mâchoires
1429 865 283 78 d'origine
1743 858 242 85 réflexe

819 1085 91 42 Par
928 1085 39 42 le
992 1087 62 39 Dr
1077 1086 227 40 MAURICE
1330 1086 139 48 ROY,

558 1165 153 34 Dentiste
730 1172 57 29 des
805 1172 174 40 hôpitaux,
1004 1172 191 40 professeur
1212 1171 17 31 à
1246 1162 122 41 l'École
1389 1173 144 30 dentaire
1533 1173 64 30 de
1617 1174 101 30 Paris.

420 1618 59 46 Le
508 1621 187 56 nombre
727 1637 76 42 des
834 1637 315 45 constrictions
1181 1638 76 42 des
1287 1637 251 45 mâchoires
1567 1638 281 54 provoquées
1879 1640 82 52 par

337 1684 58 48 les
425 1697 219 55 blessures
677 1712 54 42 de
763 1728 155 40 guerre
950 1719 76 37 est
1051 1713 327 51 considérable;
1412 1700 103 57 elles
1548 1718 103 38 sont
1684 1713 108 43 dues
1824 1703 32 53 à
1883 1714 77 42 des

339 1775 150 45 causes
516 1786 252 58 multiples;
803 1805 103 28 sans
937 1791 177 42 vouloir
1149 1794 233 42 énumérer
1410 1796 163 38 toutes
1587 1791 132 42 celles
1748 1791 80 55 qui
1855 1791 107 55 peu-

338 1853 107 40 Vent
465 1855 259 62 intervenir,
749 1872 65 51 on
814 1872 132 51 peut
966 1869 64 42 les
1055 1869 165 42 diviser
1245 1884 55 27 en
1323 1870 120 41 deux
1468 1866 190 58 grandes
1685 1868 244 55 catégories
1952 1882 7 28 :

422 1936 48 33 10
499 1935 98 45 Les
620 1945 314 44 constrictions
972 1946 216 54 d'origine
1225 1946 257 54 organique,
1522 1942 278 46 c'est-à-dire
1832 1944 129 43 celles

338 2001 74 48 qui
431 2016 102 38 sont
555 2021 309 43 consécutives
887 2024 25 40 à
942 2023 77 42 des
1047 2022 264 42 altérations
1345 2022 305 50 musculaires,
1676 2036 199 28 osseuses
1904 2035 58 28 ou

338 2079 282 64 articulaires,
645 2097 38 42 à
683 2097 97 42 des
803 2097 147 43 brides
973 2097 289 51 cicatricielles
1262 2097 39 51 ;

421 2167 47 33 2°
498 2165 85 46 Les
624 2172 316 46 constrictions
982 2175 216 54 d'origine
1238 2176 178 41 réflexe.

422 2236 78 47 Ces
540 2251 315 43 constrictions
879 2252 217 48 réflexes,
1139 2252 77 54 qui
1255 2257 113 39 vont
1408 2253 100 55 plus
1547 2252 415 55 particulièrement

336 2313 109 41 nous
465 2330 190 50 occuper
672 2328 103 55 ici,
775 2328 187 55 peuvent
980 2339 48 32 se
1047 2333 260 39 rencontrer
1326 2330 113 41 dans
1458 2329 197 42 diverses
1674 2328 241 45 conditions
1915 2328 44 45 :

338 2379 99 51 elles
450 2407 199 41 peuvent
665 2405 93 42 être
782 2405 181 56 simples
989 2419 58 28 ou
1072 2405 215 42 associées
1313 2407 25 39 à
1363 2406 55 41 de
1441 2406 45 41 la
1510 2392 306 57 constriction
1829 2404 130 42 d'ori-

337 2456 96 51 gine
461 2479 256 56 organique.
751 2482 118 42 C'est
898 2482 113 42 ainsi
1040 2497 100 39 que,
1172 2483 112 41 dans
1312 2482 63 42 les
1404 2482 230 42 accidents
1663 2483 53 40 de
1746 2482 131 41 dents
1907 2483 54 40 de

338 2543 181 57 sagesse,
554 2569 115 40 pour
700 2560 204 54 prendre,
941 2574 54 27 en
1029 2560 161 41 dehors
1224 2559 76 41 des
1333 2546 220 54 blessures
1587 2559 76 41 des
1695 2557 264 49 mâchoires,

338 2621 59 37 un
417 2632 202 54 exemple
640 2635 173 56 simple,
836 2636 44 41 la
901 2636 294 45 constriction
1219 2649 85 41 que
1326 2635 93 42 l'on
1440 2635 186 41 observe
1649 2638 67 37 est
1740 2647 58 28 au
1820 2635 140 41 début

338 2698 84 38 Une
464 2710 292 45 constriction
798 2714 165 41 réflexe
1006 2728 82 41 par
1129 2713 201 42 réaction
1371 2711 269 45 musculaire
1684 2711 54 42 de
1782 2710 180 42 défense

339 2776 149 45 contre
505 2784 55 43 la
589 2784 188 50 douleur
805 2794 259 53 provoquée
1093 2805 83 41 par
1203 2789 275 43 l'ouverture
1509 2789 54 42 de
1592 2789 44 41 la
1664 2788 174 42 bouche
1869 2787 90 55 qui,

337 2842 189 59 tendant
563 2863 62 44 les
664 2867 148 55 piliers
851 2857 261 60 antérieurs,
1152 2866 127 44 vient
1318 2872 178 36 exercer
1534 2867 77 41 des
1637 2865 325 44 tiraillements

339 2928 55 34 au
411 2929 165 51 niveau
593 2943 62 41 du
666 2946 238 54 capuchon
919 2958 233 41 muqueux
1170 2943 55 41 de
1243 2942 45 42 la
1305 2943 109 41 dent
1433 2944 54 40 de
1506 2956 173 41 sagesse
1697 2941 263 50 enflammé;

339 3005 48 33 Ce
421 3008 116 47 n'est
577 3032 87 41 que
702 3022 100 55 plus
842 3023 117 49 tard,
1000 3023 178 52 lorsque
1216 3018 82 42 l'os
1326 3023 57 38 et
1421 3020 44 41 la
1504 3020 151 54 sangle
1694 3019 268 43 musculaire

338 3077 499 66 ptérygo-masséterine
871 3104 103 37 sont
1009 3096 348 58 profondément
1390 3096 237 43 intéressés
1663 3110 86 41 que
1783 3111 44 27 se
1862 3109 100 42 pro-

339 3149 96 52 fit
468 3166 45 43 la
547 3174 295 46 constriction
878 3176 256 55 organique.

422 3237 67 47 De
513 3250 160 51 même,
702 3253 111 42 dans
838 3254 62 41 les
925 3253 221 42 blessures
1172 3250 53 41 de
1251 3263 169 40 guerre,
1446 3250 63 41 les
1536 3248 314 44 constrictions
1877 3264 86 40 que

339 3300 124 68 l'on
474 3322 187 52 observe
707 3343 58 29 au
811 3330 141 45 début
997 3333 104 40 sont
1145 3326 333 59 généralement
1525 3327 78 42 des
1648 3327 315 43 constrictions
