2357 3894
455 424 75 42 126
840 434 56 30 LA
924 436 335 32 RESTAURATION
1288 423 405 45 MAXlLLO-FAClALE

530 519 247 41 Confection
802 520 104 41 d'un
932 524 186 51 appareil
1144 538 50 26 en
1220 515 147 60 argent
1390 501 109 118 poiir
1521 524 42 38 la
1590 521 218 41 reduction
1832 520 253 51 mecanique

451 587 58 40 du
534 578 103 46 trait
662 585 52 39 de
740 585 184 43 fracture
947 588 51 40 A.
1435 569 39 77 i
1536 599 246 45 .,'.

792 1353 71 31 FIG.
889 1365 30 29 3.
945 1372 41 4 —
1009 1353 175 31 Ensemble
1210 1352 40 30 de
1274 1352 174 40 l'nppareil
1471 1352 64 40 (ler
1556 1353 67 29 mai
1649 1352 102 41 1918).

577 1411 41 30 A.
644 1412 130 30 Attelle
790 1416 120 37 argent
925 1423 85 29 pour
1024 1413 32 28 la
1072 1412 200 32 contention
1290 1411 58 29 des
1365 1410 184 40 fragments
1570 1412 105 29 droits
1697 1412 130 39 (attelle
1850 1411 91 40 fixe).
1962 1428 41 5 -

539 1458 34 29 B.
597 1458 129 30 Attelle
746 1462 118 36 argent
884 1464 88 35 pour
992 1459 32 29 le
1046 1451 170 47 fragment
1237 1444 144 53 gauche,
1381 1444 162 53 portant
1561 1457 33 30 la
1615 1459 51 28 vis
1687 1459 40 28 dc
1748 1459 199 42 propulsion
1969 1461 33 26 et

538 1504 31 31 la
592 1506 51 29 vis
667 1505 40 31 de
730 1504 146 32 traction
889 1503 149 42 (attelfc
1038 1503 116 42 ifxe).
1154 1503 33 42 —
1187 1503 67 42 C.
1269 1499 70 46 Vis
1339 1499 52 46 de
1391 1499 193 46 propulsion
1584 1499 282 46 (horizontale).
1895 1510 36 19 -
1957 1505 41 29 D.

534 1552 62 30 ,Vis
618 1553 43 29 de
681 1553 146 29 traction
847 1552 201 40 (verticale).
1072 1568 47 4 —
1139 1551 37 39 E.
1203 1550 159 30 Bandeau
1384 1549 167 31 anterieur
1573 1552 181 30 amoviblc.
1772 1569 40 5 —
1836 1551 34 32 F.
1896 1542 107 41 Ecrou

537 1609 85 30 pour
638 1599 200 30 rextension
856 1600 40 29 de
913 1600 31 29 la
961 1600 51 28 vis
1035 1599 41 29 de
1098 1597 208 41 propulsion-.
1332 1614 41 5 -
1398 1596 41 30 G.
1466 1586 107 41 Ecrou
1592 1608 86 31 pour
1694 1599 31 30 la
1744 1600 147 30 traction
1907 1599 41 30 de
1971 1598 33 31 la

540 1647 58 30 vis
598 1647 43 30 D.
641 1647 30 30 -

855 1698 164 39 (General
1041 1699 92 42 view
1146 1698 49 29 of
1213 1698 179 40 apparatus
1416 1700 48 26 1st
1485 1698 79 40 May
1583 1698 109 41 1918.)

600 1758 41 30 A.
667 1758 107 29 Silver
808 1758 104 39 splint
941 1757 53 30 for
1024 1756 107 40 fixing
1163 1757 183 42 fragments
1376 1765 44 20 on
1454 1756 94 40 right
1574 1757 72 30 side
1683 1757 104 40 (fixed
1817 1758 153 40 splint).
1970 1758 34 40 —

542 1805 36 31 B.
603 1805 108 30 Silver
726 1805 103 39 splint
847 1805 51 30 for
915 1804 168 40 fragment
1100 1814 44 19 on
1164 1797 66 36 left
1244 1804 84 38 side,
1345 1802 100 31 fitted
1460 1802 88 33 -with
1563 1806 200 38 propulsion
1778 1806 65 29 and
1859 1807 147 29 traction

541 1862 124 21 screws
690 1851 107 41 (fixed
824 1852 128 39 splint).
967 1869 42 4 —
1033 1851 38 30 C.
1098 1850 202 41 Propulsion
1326 1860 108 21 screw
1464 1851 226 42 (horizontal).
1709 1870 40 5 —
1779 1853 41 30 D.
1847 1853 158 30 Traction

539 1902 106 27 screw
668 1898 181 40 (vertical).
864 1916 48 5 —
936 1898 32 30 E.
992 1898 201 40 Adjustable
1216 1898 90 30 band
1328 1897 54 31 for
1402 1897 109 34 front.
1526 1915 41 6 -
1590 1898 33 31 F.
1652 1900 76 30 Bolt
1752 1900 53 30 for
1827 1901 176 29 extension

540 1945 39 30 of
597 1945 199 40 propulsion
817 1954 119 22 screw.
958 1962 36 5 —
1020 1944 43 33 G.
1089 1945 78 30 Bolt
1189 1945 51 29 for
1261 1946 146 29 traction
1429 1955 107 22 screw
1562 1946 45 31 D.

541 2104 64 34 icr
626 2098 97 40 mai.
749 2100 105 38 Pose
876 2100 52 39 de
947 2099 218 53 l'appareil
1188 2100 51 40 de
1262 2088 220 53 reduction
1508 2091 108 61 (fig.
1616 2091 36 61 3
1652 2091 54 61 et
1706 2091 72 61 5).

538 2176 50 28 10
614 2164 97 40 mai.
734 2165 69 39 La
831 2164 218 43 reduction
1077 2168 63 36 est
1168 2165 95 49 deja
1289 2176 116 28 assez
1433 2166 184 39 avancee
1644 2176 107 41 pour
1776 2168 231 49 permettre
2035 2165 53 40 de

546 2848 81 4 -..
645 2835 36 29 [I,

785 2877 72 32 FtG.
884 2887 28 30 4.
939 2891 39 8 —1
999 2877 153 30 Position
1178 2875 57 32 des
1258 2875 185 41 fragments
1466 2874 30 31 le
1521 2880 39 25 10
1583 2876 65 29 mai
1676 2875 90 41 1918.

891 2943 173 39 (Position
1082 2941 40 30 of
1140 2941 186 40 fragments
1348 2939 79 30 20th
1448 2939 81 41 May
1553 2939 107 41 1918.)

456 3092 237 52 supprimer
709 3096 42 37 la
770 3095 64 38 vis
855 3096 52 39 de
927 3096 184 40 traction
1131 3096 39 38 D
1194 3100 41 35 et
1257 3094 52 40 de
1329 3090 200 45 continuer
1529 3090 81 45 la
1630 3088 243 58 propulsion
1895 3089 57 44 du
1973 3091 113 56 frag-

457 3162 118 38 ment
602 3158 159 50 gauche
785 3161 276 51 uniquement
1088 3173 103 27 avec
1214 3162 44 38 la
1282 3154 66 45 vis
1376 3159 43 40 C.

540 3219 51 56 14
610 3221 96 41 mai.
727 3219 287 47 Modification
1032 3221 53 44 de
1100 3212 223 65 l'appareil
1323 3212 122 65 pour
1461 3224 184 40 traction
1662 3210 428 66 postero-anterieure

451 3293 67 80 du
546 3290 210 52 fragment
785 3285 625 54 gauche.-

459 3293 59 41 du
546 3290 210 52 fragment
785 3301 105 38 gauc
892 3291 28 39 h
923 3305 34 27 e.
