2300 3924
456 432 53 42 70
846 434 56 30 LA
931 435 337 32 RESTAURATION
1297 438 405 31 MAXILLO-FACIALE

546 523 184 54 Chaque
775 523 170 43 service
989 528 188 52 possède
1221 541 82 28 son
1347 527 283 50 autonomie;
1675 526 280 50 néanmoins,
2003 501 149 67 afin]

464 599 227 43 d'obtenir
727 615 87 28 une
853 602 223 56 complète
1112 605 128 42 unité
1277 605 55 42 de
1369 619 148 36 vues,
1517 619 125 36 mon
1679 605 333 42 collaborateur
2049 606 44 38 et
2138 609 9 47 ;

464 676 91 44 ami
583 676 40 42 le
650 678 375 56 médecin-major
1050 681 136 51 Bozo,
1219 682 198 42 dentiste
1447 682 77 42 des
1552 682 227 55 hôpitaux
1808 682 55 42 de
1893 680 126 42 Paris
2049 683 44 39 et

463 753 254 55 professeur
754 755 340 53 d'orthodontie
1132 760 26 41 à
1197 750 171 51 l'École
1407 759 54 41 de
1501 758 317 55 stomatologie
1858 759 56 41 de
1953 757 140 46 Paris,

465 830 201 43 contrôle
688 836 131 40 toute
842 834 44 42 la
909 836 211 54 prothèse
1145 837 55 42 de
1224 835 222 57 l'hôpital,
1473 836 55 42 de
1550 835 46 42 la
1617 835 148 44 même
1787 817 134 72 façon
1921 817 113 72 que
2052 834 44 54 je
2141 820 11 65 :

468 912 72 37 me
557 909 175 43 réserve
750 910 44 42 la
815 902 219 53 direction
1052 913 54 42 de
1123 917 105 38 tout
1247 927 48 27 ce
1313 912 79 54 qui
1409 916 67 38 est
1493 916 293 52 proprement
1811 904 341 62 chirurgical.

552 985 61 42 Et
637 986 81 54 j'ai
740 987 44 42 la
806 989 150 42 bonne
981 990 182 42 fortune
1188 989 176 43 d'avoir
1388 1004 54 28 en
1474 994 143 45 outre,
1644 1003 174 29 comme
1850 986 302 50 collabora-

466 1065 101 39 teur
603 1065 315 55 neurologiste,
950 1070 43 39 et
1030 1068 25 41 à
1090 1067 210 56 l'hôpital
1327 1067 159 50 même,
1517 1081 107 28 mon
1660 1065 92 44 ami
1790 1065 41 42 le
1873 1063 223 44 médecin-
2144 1038 8 94 j

467 1139 147 56 major
643 1143 228 54 Tournay,
906 1143 80 55 qui
1014 1144 129 49 était,
1178 1147 142 39 avant
1352 1144 44 41 la
1426 1158 171 40 guerre,
1632 1144 216 41 assistant
1881 1143 55 41 de
1967 1144 129 38 notre

467 1216 164 45 maître
631 1216 260 45 Babinski.
2144 1213 8 65 j

546 1296 64 53 Je
642 1296 265 44 n'omettrai
934 1297 130 56 point
1091 1299 55 41 de
1176 1297 193 54 signaler
1396 1297 104 43 trois
1535 1301 142 38 autres
1710 1296 280 43 laboratoires
2024 1286 128 62 qui

469 1384 117 30 nous
619 1379 104 37 sont
753 1375 92 41 fort
878 1374 126 42 utiles
1004 1374 36 42 :
2146 1372 6 42 1

555 1450 42 54 a)
633 1450 453 54 Histo-bactériologie
1119 1455 46 37 et
1200 1450 156 42 chimie
1392 1449 231 56 biologique
1623 1449 43 56 ;

556 1527 46 54 b)
636 1527 354 54 PhotograPhie:
1012 1514 173 68 simple,
1208 1526 219 49 couleurs,
1451 1527 312 54 stéréoscopie.
1788 1526 59 42 Sa
1866 1524 237 43 collection
2136 1528 16 37 S

472 1604 247 54 comprend
750 1603 321 41 actuellement
1102 1603 101 54 plus
1236 1603 63 41 de
1324 1615 128 36 1,200
1484 1602 182 50 clichés;
2144 1602 8 45 5

560 1680 39 54 c)
635 1679 266 54 Moulages:
933 1680 113 40 dont
1077 1679 43 53 je
1150 1693 115 27 vous
1297 1678 43 42 ai
1370 1681 193 53 apporté
1593 1680 217 55 quelques
1841 1676 261 58 spécimens.

562 1756 362 42 Naturellement
955 1769 115 28 nous
1101 1769 156 35 avons,
1292 1769 174 29 comme
1496 1760 104 38 tout
1631 1757 177 55 hôpital
1838 1756 266 55 important,

475 1832 112 42 deux
608 1832 127 41 salles
756 1832 294 55 d'opérations
1075 1831 222 56 (septique
1320 1837 45 37 et
1388 1833 251 55 aseptique)
1639 1833 137 55 avec
1799 1834 80 52 les
1879 1834 161 52 rayons
2061 1828 47 44 X

477 1914 45 37 et
541 1913 86 38 une
646 1908 106 42 salle
770 1909 51 41 de
839 1909 137 54 triage
995 1917 115 47 pour
1128 1909 63 41 les
1209 1909 168 42 blessés
1395 1911 25 40 à
1436 1910 102 42 leur
1555 1911 184 42 arrivée.
1766 1912 67 40 De
1856 1910 115 55 plus,
1992 1920 114 30 nous

477 1985 249 58 possédons
750 2000 89 28 une
862 1985 107 44 salle
994 1985 320 56 spécialement
1338 1988 243 53 aménagée
1600 2002 115 41 pour
1728 1987 46 42 la
1796 1986 211 57 pratique
2032 1985 76 42 des

477 2077 235 42 massages,
738 2078 88 27 une
852 2068 130 37 autre
1017 2077 116 42 pour
1165 2063 40 42 le
1237 2063 242 42 traitement
1511 2065 73 41 des
1616 2065 191 48 trismus,
1844 2064 77 41 des
1959 2062 150 42 cham-

476 2141 101 42 bres
604 2154 115 42 pour
744 2140 63 43 les
837 2140 258 55 irrigations
1123 2155 58 27 au
1214 2140 334 51 Carrel-Dakin,
1578 2142 99 41 bref
1704 2146 106 37 tous
1836 2141 63 41 les
1928 2140 180 42 aména-

476 2222 206 51 gements
713 2218 269 42 nécessaires
1017 2232 115 42 pour
1165 2218 40 42 Je
1239 2219 92 42 bon
1364 2218 393 43 fonctionnement
1792 2217 110 42 d'un
1936 2210 174 61 hôpital

480 2296 54 42 de
565 2300 121 39 cette
716 2301 178 37 nature.

1127 2448 243 41 CHAPITRE
1402 2445 63 43 II.

675 2591 275 44 Avantages
975 2589 60 36 de
1061 2589 49 35 la
1132 2584 361 47 collaboration
1520 2585 60 35 de
1605 2585 48 35 la
1679 2584 230 46 prothèse

533 2663 47 34 et
605 2661 85 37 des
716 2661 291 37 différentes
1033 2656 279 50 spécialités
1337 2656 59 36 de
1423 2656 49 36 la
1495 2655 258 47 chirurgie
1783 2655 59 36 de
1868 2655 50 36 la
1943 2655 108 36 tête.

768 2806 48 35 1°
848 2798 255 43 PROTHÈSE
1134 2808 61 30 ET
1226 2793 610 44 STOMATO-ODONTOLOGIE.

574 2910 333 63 L'application
936 2913 54 41 de
1018 2912 43 41 la
1088 2910 212 56 prothèse
1328 2920 92 29 aux
1447 2905 237 43 affections
1712 2904 405 55 stomatologiques

488 2986 118 43 n'est
655 2993 142 38 certes
828 3004 82 41 pas
958 3004 88 28 une
1081 2987 275 47 nouveauté,
1399 2989 47 38 et
1490 2989 107 37 tout
1641 2984 197 43 dentiste
1880 2983 97 42 doit
2023 2982 93 41 être

492 3062 164 42 doublé
688 3064 108 43 d'un
831 3066 91 42 bon
960 3065 288 56 prothésiste.
1287 3062 38 42 Il
1365 3075 32 41 y
1435 3075 27 28 a
1496 3060 103 56 plus
1634 3061 54 42 de
1720 3064 150 38 trente
1910 3073 81 28 ans
2027 3066 86 46 que

489 3139 167 43 Claude
691 3140 179 50 Martin,
898 3144 54 41 de
984 3144 143 54 Lyon,
1157 3140 159 44 écrivit
1349 3138 369 57 d'intéressantes
1750 3137 159 42 études
1944 3150 77 28 sur
2051 3133 61 41 les

493 3215 300 59 applications
825 3219 78 54 qui
928 3220 251 55 pouvaient
1204 3232 55 28 en
1285 3217 94 41 être
1406 3215 135 41 faites
1565 3213 416 57 particulièrement
2008 3211 110 48 dans

490 3298 42 51 la
553 3292 223 60 chirurgie
799 3296 53 44 de
874 3296 44 51 la,
940 3297 97 50 face
1061 3301 44 47 et
1129 3298 62 44 du
1212 3296 175 64 larynx,
