2416 3880
381 596 642 104 Pseudarthrosis
1035 624 90 68 of
1151 623 126 76 the
1318 622 234 70 lower
1592 622 302 70 maxilla

557 759 381 77 Equilibrium
982 760 60 58 in
1088 760 328 80 paradoxal
1416 760 296 80 position

324 879 106 41 NEW
456 891 277 40 APPARATUS
763 902 58 30 OF
848 900 245 40 JOURDAIN
1120 891 330 55 (DETACHABLE
1481 888 400 56 SPRING-HOLDER)
1906 888 45 47 (R)

670 1051 73 59 By
774 1052 171 42 Messrs.
980 1052 169 42 FREY
1179 1052 92 42 and
1298 1052 296 48 BARRIEU,

934 1133 39 34 of
993 1134 57 32 the
1074 1132 262 34 Val-de-Grâcc.

718 1210 14 19 s

402 1452 341 60 OBSERVATION.—
743 1452 366 60 Sergeant-major
1109 1452 196 60 "B.,
1336 1461 44 39 of
1407 1460 74 39 the
1506 1459 105 51 45th
1640 1458 198 50 artillery,
1869 1470 86 27 was

325 1517 204 44 bounded
558 1537 56 27 on
644 1524 73 39 the
746 1525 102 49 17th
879 1526 44 38 of
952 1525 218 50 February
1199 1533 104 43 I915
1333 1526 61 51 by
1423 1539 25 25 a
1478 1523 105 41 shell
1612 1523 178 52 splinter
1817 1522 136 41 which

325 1581 168 45 entered
519 1586 91 41 into
638 1589 74 39 the
736 1589 153 42 mouth
915 1590 60 50 by
1000 1590 202 52 breaking
1229 1592 37 37 r3
1295 1590 84 40 and
1405 1589 226 41 imbedded
1659 1588 44 40 in
1731 1588 73 39 the
1830 1587 127 39 lower

325 1646 193 45 ftiaxillar
541 1653 121 51 angle
685 1656 46 36 to
756 1654 74 40 the
853 1654 88 40 left.

404 1708 66 45 He
504 1716 36 40 is
576 1718 130 40 taken
732 1731 96 28 care
854 1720 45 39 of
926 1723 45 36 at
1000 1720 73 40 the
1100 1720 72 49 5th
1203 1720 207 40 wounded
1446 1731 132 41 group
1621 1718 331 53 (Val-de-Grace)

326 1770 132 48 where
485 1782 105 52 they
615 1796 70 28 are
710 1784 188 41 satisfied
924 1785 61 50 by
1008 1785 89 49 just
1124 1784 150 53 taking
1299 1790 74 35 out
1402 1787 73 39 the
1504 1784 102 41 shell
1632 1786 210 50 fragment
1871 1785 83 46 and

324 1835 71 43 the
427 1845 109 42 bone
570 1848 209 52 splinters.

404 1907 41 41 It
470 1925 86 27 was
580 1914 103 51 only
705 1928 55 26 on
785 1916 74 38 the
884 1917 76 47 3rd
983 1915 45 39 of
1053 1916 101 50 May
1172 1916 40 52 (2)
1244 1917 96 39 that
1358 1914 86 41 this
1460 1928 102 27 man
1580 1929 85 26 was
1683 1916 154 39 turned
1854 1907 102 45 over

324 1966 43 39 to
392 1985 51 30 us
467 1979 45 37 to
539 1982 69 48 get
634 1992 54 27 an
715 1983 249 48 apparatus;
990 1981 54 39 he
1067 1984 191 47 presents
1283 1993 55 26 an
1363 1992 221 29 enormous
1609 1978 87 40 loss
1719 1980 42 39 of
1785 1990 171 28 osseous

325 2035 222 46 substance
577 2043 229 51 extending
834 2044 109 39 from
972 2045 36 38 r2
1038 2047 45 36 to
1114 2034 52 53 V;
1197 2044 38 39 le
1264 2043 113 53 large
1406 2043 113 51 right
1549 2035 222 59 fragment,
1805 2042 148 40 latero-

324 2096 195 50 deviated
554 2110 46 36 to
636 2108 74 40 the
744 2108 88 46 left,
869 2108 36 39 is
939 2111 234 38 connected
1208 2113 46 35 to
1290 2109 74 40 the
1400 2108 122 41 small
1555 2109 224 50 fragment,
1818 2107 136 40 which

322 2166 149 42 carries
497 2171 45 47 I8,
570 2172 35 38 is
633 2174 209 40 retracted
869 2175 136 39 above
1029 2173 45 40 in
1100 2174 74 40 the
1199 2172 190 42 vestible.

402 2232 308 56 Orthognathic
744 2242 234 37 treatment
1015 2238 153 51 during
1203 2238 112 51 May,
1354 2239 113 50 June
1503 2238 85 39 and
1625 2237 116 51 July.

401 2299 166 53 August
589 2312 117 43 1915,
730 2316 62 26 we
812 2303 120 51 place
952 2307 86 35 two
1059 2307 164 47 gutters
1244 2303 142 49 joined
1407 2302 194 53 together
1627 2304 61 49 by
1714 2305 84 37 two
1828 2300 127 41 slides

328 2355 171 56 (system
525 2368 405 52 Morestin-Ruppe).
1013 2369 69 51 Up
1109 2372 45 34 to
1183 2369 111 49 June
1321 2369 116 51 1916,
1467 2368 87 39 this
1578 2367 166 53 patient
1771 2366 183 41 remains

324 2428 42 35 at
385 2430 76 54 5th
478 2432 208 40 wounded
702 2433 43 39 of
763 2434 75 38 the
853 2433 315 46 Val-de-Grace,
1188 2432 182 40 without
1397 2433 74 39 the
1495 2432 193 51 slightest
1706 2435 246 36 treatment.

325 2485 75 58 He
413 2493 37 39 is
475 2498 103 40 then
606 2501 90 37 sent
725 2502 44 35 to
797 2497 196 42 Michelet
1021 2497 199 55 Hospital
1244 2499 67 37 for
1336 2496 218 41 definitive
1578 2495 221 53 prothesis
1799 2495 110 53 with
1909 2495 46 53 a

322 2557 83 39 soft
436 2562 351 51 pseudarthrosis,
823 2574 104 41 very
958 2564 126 39 loose.
1174 2562 89 41 The
1297 2566 231 49 apparatus
1559 2560 38 40 is
1634 2560 169 53 placed;
1843 2560 34 40 it
1917 2560 38 39 is

322 2624 188 42 retained
532 2641 54 26 on
608 2627 56 40 all
685 2628 74 39 the
780 2629 117 39 teeth
918 2629 45 38 of
983 2629 74 38 the
1079 2628 110 51 right
1211 2627 113 52 large
1344 2621 210 57 fragment
1577 2627 85 38 and
1683 2638 55 26 on
1760 2626 31 38 I8
1813 2626 45 38 of
1880 2625 73 40 the

322 2687 122 41 small
469 2691 75 41 left
572 2693 223 50 fragment.

398 2752 80 43 B.
509 2756 105 51 (who
637 2758 87 39 had
745 2759 174 39 become
940 2772 25 26 a
987 2755 398 52 second-lieutnant)
1411 2754 133 41 called
1565 2767 116 40 upon
1702 2766 52 29 us
1774 2756 181 39 because

321 2810 30 38 ft
371 2814 35 41 is
432 2834 106 38 very
563 2824 224 49 unsteady.

401 2883 101 42 This
522 2888 118 39 teeth
661 2887 36 39 is
718 2888 231 40 extracted.
972 2889 38 38 A
1030 2892 92 36 cast
1144 2885 127 39 silver
1290 2886 167 39 shutter
1476 2884 36 39 is
1531 2883 110 42 built
1663 2898 56 27 on
1739 2886 74 39 the
1834 2884 122 43 small

322 2941 221 58 fragment,
571 2953 86 40 and
682 2967 25 25 a
730 2956 145 47 gutter
896 2952 37 39 is
955 2952 198 40 installed
1176 2963 55 26 on
1256 2951 73 39 the
1354 2950 112 51 large
1489 2963 92 27 one.

403 3015 209 43 Research
639 3018 45 38 of
713 3017 268 52 equilibrium
1009 3018 61 51 by
1095 3027 153 42 means
1268 3016 46 38 of
1341 3013 247 56 Jourdain's
1588 3013 224 56 apparatus
1812 3013 113 56 (3).

401 3080 101 43 This
539 3082 267 54 equilibrium
842 3095 86 31 was
962 3087 76 37 not
1073 3086 46 36 to
1155 3082 55 39 be
1244 3081 134 41 found
1412 3080 45 43 in
1493 3082 73 41 the
1601 3083 154 42 almost
1793 3083 163 51 regular

385 3203 42 42 (1)
449 3206 60 33 See
526 3208 58 31 the
602 3208 218 31 illustrations
835 3216 104 33 pages
957 3216 55 33 I33
1031 3207 65 31 and
1114 3214 68 34 134.-

383 3252 43 42 (2)
441 3252 107 35 These
566 3254 94 32 dates
685 3265 54 21 are
766 3255 161 42 eloquent
952 3255 136 41 enough
1109 3264 36 21 so
1170 3252 75 32 that
1261 3252 14 32 I
1291 3263 60 22 can
1375 3253 128 33 abstain
1528 3253 85 33 from
1630 3255 138 41 making
1784 3264 65 33 any
1865 3265 89 22 com-

321 3301 92 30 ment
428 3304 181 50 regarding
623 3299 64 36 the
698 3303 131 32 famous
847 3303 162 51 synergy!
1028 3321 40 5 —
1086 3303 31 31 L.
1137 3301 34 32 F.

380 3348 45 39 (a)
440 3338 235 54 Restauration
693 3338 292 54 maxillo-faciale,
1005 3361 55 20 no.
1080 3350 29 41 8,
1127 3348 87 32 Nov.
1237 3359 88 32 1917)
1344 3360 32 31 p.
1399 3359 68 32 374,
1484 3350 58 42 fig.
1561 3360 30 30 4.
