2375 3894
490 451 49 41 92
882 451 54 28 LA
967 453 334 30 RESTAURATION
1330 452 402 29 MAXILLO-FACIALE

491 537 165 53 auquel
679 536 44 41 la
746 537 146 54 partie
916 540 255 54 supérieure
1196 541 62 42 du
1281 555 82 26 nez
1387 539 113 42 était
1524 541 236 52 repoussée
1785 554 102 27 vers
1910 539 44 41 la
1978 537 144 43 droite

493 612 154 42 tandis
673 626 87 40 que
785 613 46 42 la
856 615 146 54 partie
1028 616 237 43 inférieure
1293 616 112 42 était
1433 616 231 41 mobilisée
1691 630 54 27 en
1774 630 100 27 sens
1901 614 222 43 contraire

498 688 89 54 (fig.
617 688 85 54 19).
729 689 60 41 Et
813 704 114 29 nous
951 706 142 29 avons
1117 708 61 40 pu
1203 694 55 41 de
1281 693 43 41 la
1348 696 119 37 sorte
1493 691 178 42 obtenir
1693 692 39 41 le
1757 706 81 27 nez
1861 692 96 47 tout
1957 692 58 47 à
2040 688 82 43 fait

493 769 171 37 correct
690 766 54 41 de
768 766 44 42 la
836 767 139 54 figure
1001 783 67 29 20.

1300 911 22 25 *

1257 939 23 25 *
1340 939 22 24 *

781 1098 49 46 3°
863 1093 254 42 PROTHÈSE
1159 1106 58 29 ET
1257 1088 270 48 CHIRURGIE
1568 1104 272 40 PLASTIQUE.

584 1227 63 40 La
674 1227 210 54 prothèse
912 1233 67 37 est
1008 1228 110 42 d'un
1145 1229 62 42 tel
1235 1243 178 28 secours
1440 1242 115 41 pour
1581 1229 43 41 la
1651 1228 221 53 chirurgie
1899 1226 226 57 plastique

497 1304 54 40 de
587 1303 44 41 la
666 1304 97 41 face
800 1304 107 54 qu'il
947 1305 92 41 s'en
1075 1308 207 52 présente
1320 1306 53 41 de
1410 1306 231 41 nouvelles
1677 1304 301 56 applications
2014 1311 114 47 pour

497 1379 113 43 ainsi
635 1380 93 43 dire
753 1396 58 27 au
835 1381 102 54 jour
959 1382 40 42 le
1023 1383 114 53 jour.

585 1458 53 53 Je
674 1472 114 29 vous
823 1457 170 49 citerai,
1030 1463 126 37 entre
1192 1463 166 44 autres,
1394 1458 237 54 l'exemple
1667 1458 109 41 d'un
1811 1457 144 42 blessé
1990 1455 78 55 qui
2103 1465 25 28 a

498 1534 155 52 perdu,
685 1548 110 27 avec
824 1534 43 40 la
896 1533 146 54 partie
1071 1534 256 53 supérieure
1358 1534 60 40 du
1448 1548 95 34 nez,
1575 1548 87 27 une
1692 1534 145 54 partie
1868 1534 54 40 de
1952 1533 44 41 la
2024 1533 104 53 joue

496 1610 187 51 gauche,
715 1614 45 37 et
791 1614 129 36 toute
950 1609 45 41 la
1024 1608 214 55 paupière
1269 1608 255 54 supérieure
1555 1609 91 53 (fig.
1680 1610 87 53 21).
1800 1610 119 40 Pour
1950 1610 179 54 réparer

496 1690 122 37 cette
642 1690 140 49 perte,
809 1686 43 53 je
876 1684 199 55 prélevai
1100 1699 60 26 un
1185 1685 119 52 large
1329 1684 211 42 lambeau
1564 1685 253 42 horizontal
1842 1700 75 27 sur
1941 1685 39 42 le
2005 1685 121 40 front

504 1761 90 55 (fig.
628 1763 88 54 22).
749 1762 114 42 Mais
894 1761 188 49 ensuite,
1115 1766 229 37 comment
1375 1760 145 43 éviter
1548 1762 45 41 la
1622 1763 136 41 chute
1790 1763 54 41 de
1874 1762 45 42 la
1948 1762 105 55 joue
2083 1762 45 39 et

505 1839 62 40 du
590 1839 236 42 lambeau?
857 1839 237 41 Comment
1120 1851 205 28 ramener
1349 1852 55 26 en
1430 1838 149 42 bonne
1605 1838 198 55 position
1828 1839 39 41 le
1893 1853 82 28 nez
2002 1835 128 45 dévie

504 1929 101 28 vers
628 1915 44 41 la
695 1916 186 53 gauche,
908 1915 179 41 obtenir
1108 1914 64 42 les
1196 1919 214 37 contours
1434 1915 54 41 de
1512 1915 45 41 la
1580 1916 235 54 pyramide
1840 1916 152 42 nasale
2018 1910 112 46 ainsi

503 2005 87 39 que
614 1990 43 41 la
681 1991 223 41 rectitude
929 1990 54 40 de
1008 1989 156 42 l'arête
1189 1990 175 41 dorsale
1388 1991 61 40 du
1474 1991 107 41 nez?
1610 1992 120 40 Pour
1754 1993 199 40 chacune
1979 1992 54 41 de
2059 1999 70 32 ces

502 2066 271 42 corrections
794 2066 370 55 indispensables,
1186 2067 44 40 la
1250 2067 224 54 prothèse,
1497 2081 83 40 par
1600 2068 78 41 des
1699 2067 250 55 dispositifs
1969 2079 160 29 conve-

503 2143 155 41 nables
687 2142 89 55 (fig.
807 2155 67 40 23,
904 2155 68 42 24,
1001 2153 52 42 25
1082 2148 44 37 et
1154 2143 70 54 26)
1254 2158 26 27 a
1306 2144 203 53 répondu
1534 2143 437 43 merveilleusement
1997 2144 26 40 à
2050 2151 80 32 nos

503 2219 268 43 desiderata.
807 2221 63 40 La
901 2221 139 53 figure
1073 2233 53 42 27
1158 2235 114 27 vous
1302 2225 178 37 montre
1512 2235 61 27 un
1605 2221 190 41 résultat
1828 2219 193 43 définitif
2054 2214 77 58 qui

503 2312 71 28 me
609 2297 148 56 paraît
794 2298 281 41 satisfaisant
1110 2303 46 37 et
1191 2298 188 55 j'espère
1416 2312 86 41 que
1537 2298 40 41 le
1612 2298 157 49 blessé,
1808 2297 78 55 qui
1921 2296 113 42 était
2071 2305 59 31 un

503 2374 250 56 prisonnier
783 2374 239 50 allemand,
1056 2375 159 42 n'aura
1246 2389 81 41 pas
1359 2389 89 27 non
1481 2375 100 54 plus
1612 2376 27 40 à
1670 2374 93 42 s'en
1795 2373 218 55 plaindre.

591 2454 65 40 La
690 2452 110 42 série
836 2452 77 42 des
947 2453 161 52 figures
1145 2453 67 48 28,
1247 2464 68 41 29,
1352 2464 55 39 30
1441 2456 44 37 et
1521 2464 52 40 31
1609 2452 174 41 illustre
1817 2465 60 26 un
1913 2464 76 27 cas
2024 2460 105 30 ana-

504 2530 130 51 logue
674 2530 58 41 où
770 2529 44 40 la
854 2529 209 54 prothèse
1104 2533 67 37 est
1210 2529 346 40 heureusement
1595 2542 145 27 venue
1780 2541 55 27 en
1879 2526 100 42 aide
2021 2527 26 39 à
2089 2522 41 40 la

505 2607 234 53 chirurgie.

594 2684 55 41 Et
681 2683 116 42 voici
826 2697 172 35 encore,
1030 2696 107 28 avec
1169 2682 62 41 les
1259 2681 166 52 figures.
1425 2681 93 52 32,
1550 2692 54 39 33
1634 2684 44 36 et
1709 2692 68 41 34,
1809 2694 61 27 un
1900 2684 129 36 autre
2057 2687 75 31 cas

504 2774 89 28 non
629 2762 147 41 moins
814 2762 227 54 frappant.

593 2914 54 51 Je
671 2916 202 52 pourrais
897 2929 114 27 vous
1033 2929 55 27 en
1113 2917 214 51 apporter
1349 2910 102 42 bien
1477 2909 214 49 d'autres,
1718 2910 114 40 mais
1854 2910 41 53 je
1920 2906 213 44 voudrais

506 3001 114 28 vous
649 2990 191 53 signaler
868 2993 150 53 plutôt
1050 3006 86 27 une
1167 2989 251 44 utilisation
1448 2987 298 42 intéressante
1776 3001 87 40 que
1892 2987 43 53 je
1966 2986 84 41 fais
2080 2983 54 41 de

507 3065 42 41 la
571 3066 218 53 prothèse
819 3083 115 39 pour
964 3069 178 41 obtenir
1172 3070 301 44 exactement,
1506 3078 174 29 comme
1712 3064 141 41 forme
1883 3068 45 37 et
1959 3071 174 33 comme

508 3141 287 50 dimensions,
817 3144 61 41 les
899 3146 242 42 lambeaux
1164 3146 112 41 dont
1295 3143 79 55 j'ai
1393 3142 156 42 besoin
1568 3156 58 27 au
1651 3155 129 28 cours
1806 3141 77 41 des
1907 3140 226 42 interven-

506 3219 121 44 tions
665 3217 261 56 plastiques.
968 3223 60 40 Le
1059 3223 191 54 procédé
1287 3219 196 43 consiste
1520 3220 27 40 à
1585 3219 111 41 faire
1734 3232 61 27 un
1834 3217 208 52 moulage
2080 3225 54 30 en

504 3290 149 65 plâtre
690 3294 55 42 de
780 3293 42 41 la
857 3297 260 42 mutilation
1154 3298 158 41 faciale
1351 3295 91 55 (tig.
1480 3296 87 51 35).
1607 3296 67 40 On
1713 3291 223 60 applique
1936 3291 199 60 ensuite
