2366 3888
477 423 76 45 116
852 435 65 33 LÀ
946 435 336 36 RESTAURATION
1311 435 49 36 M
1360 435 373 36 AXILLO-FACIALE

476 537 76 29 sur
576 538 49 28 sa
651 525 149 54 figure
817 530 44 37 et
888 526 25 41 à
939 527 43 41 la
1007 528 167 54 grande
1200 528 277 42 satisfaction
1477 528 86 42 de
1589 528 195 42 l'auteur
1807 523 300 48 involontaire

477 600 55 42 de
569 605 69 37 cet
676 601 217 43 accident.

563 678 58 41 Ce
656 677 189 43 résultat
864 672 349 65 encourageant
1248 696 114 27 nous
1393 696 32 27 a
1461 679 149 44 donné
1629 681 146 43 l'idée
1812 680 222 44 d'utiliser
2067 678 39 41 le

471 762 207 47 massage
721 752 294 63 méthodique
1057 763 44 38 et
1146 759 100 41 l'air
1292 752 150 48 chaud
1483 759 113 41 dans
1636 759 41 42 le
1722 758 264 45 traitement
2029 757 77 42 des

475 831 171 43 fistules
682 833 240 52 salivaires,
963 840 192 38 souvent
1193 834 280 43 réfractaires
1510 835 26 40 à
1572 839 103 39 tout
1713 835 276 45 traitement,
2014 843 92 33 non

474 907 275 60 chirurgical.
788 912 461 56 Malheureusement,
1279 912 39 41 le
1355 911 167 43 service
1558 912 55 42 de
1640 910 386 57 -physiothérapie
2050 918 57 32 ne

473 984 98 44 voit
596 996 82 45 pas
703 983 206 48 souvent
922 999 72 32 ces
1020 1003 87 36 cas,
1136 988 79 56 qui
1238 982 182 78 restent
1420 982 252 78 l'apanage
1699 989 77 42 des
1802 985 206 45 services
2018 981 90 46 chi-

475 1062 251 56 rurgicaux,
755 1065 43 42 et
798 1065 58 42 il
881 1065 145 42 fallait
1054 1063 209 45 attendre
1287 1059 253 49 l'occasion.
1570 1060 178 47 Celle-ci
1771 1061 82 46 n'a
1872 1079 82 41 pas
1980 1058 129 65 tardé

473 1139 26 41 à
530 1149 44 32 se
598 1143 205 53 présenter
803 1143 103 53 .et
933 1158 115 27 nous
1077 1157 194 29 sommes
1300 1143 26 41 à
1354 1134 196 65 présent
1564 1153 55 31 en
1647 1156 176 29 mesure
1848 1142 59 42 de
1934 1138 175 58 publier

475 1231 61 27 un
564 1231 73 29 cas
662 1219 190 65 typique
879 1221 56 41 de
959 1220 149 42 fistule
1133 1220 207 43 salivaire
1366 1219 149 55 guérie
1540 1232 86 42 par
1647 1219 41 42 le
1711 1212 187 60 massage
1898 1212 70 60 et
1968 1212 141 60 l'air

475 1295 686 41 chaud.
1161 1295 197 41 *

566 1446 353 51 OBSERVATION:
948 1481 59 3 -
1034 1456 62 41 Le
1125 1459 177 50 sergent
1332 1455 113 49 C.,
1458 1456 61 40 du
1549 1459 105 48 223E
1675 1435 303 72 d'infanterie,
1997 1461 115 34 nous

473 1538 32 28 .a
536 1527 71 40 été
638 1527 175 53 envoyé
843 1526 53 41 le
916 1538 55 41 29
1003 1526 109 41 août
1146 1525 112 54 1918
1288 1536 85 43 par
1401 1525 40 41 le
1480 1524 167 42 service
1680 1525 68 41 du
1774 1530 20 46 5
1794 1530 31 46 e
1851 1524 168 42 blessés
2051 1522 61 41 du

479 1588 340 49 Val-de-Grâce
832 1608 116 40 pour
976 1594 148 46 suivre
1153 1594 72 43 un
1225 1594 293 43 traitement
1536 1593 435 56 physiothérapique
1998 1601 115 48 pour

480 1675 87 32 une
600 1665 264 55 impotence
890 1665 54 41 de
978 1664 192 54 l'épaule
1204 1664 173 54 gauche
1411 1678 110 28 avec
1554 1664 139 49 chute
1693 1664 93 49 du
1820 1665 213 54 moignon
2068 1663 42 40 et

472 1750 98 31 une
609 1735 205 42 cicatrice
853 1734 245 46 adhérente
1138 1736 54 40 de
1230 1735 45 40 la
1313 1735 151 54 région
1505 1735 371 54 cervico-dorsale
1916 1736 61 41 du
2017 1735 100 53 dos,

483 1804 307 45 consécutives
816 1805 26 40 à
866 1819 89 27 une
978 1805 198 41 blessure
1202 1819 82 40 par
1309 1805 116 41 éclat
1452 1806 173 42 d'obus.
1654 1807 58 41 Ce
1736 1807 144 42 blessé
1904 1807 211 54 présenta

483 1890 54 28 en
568 1865 102 64 plus
700 1875 94 41 une
820 1874 199 42 fracture
1048 1875 62 40 du
1140 1874 249 44 maxillaire
1420 1875 212 50 inférieur
1661 1877 93 41 mal
1786 1877 252 42 consolidée
2071 1874 43 41 et

482 1959 87 33 une
594 1946 150 53 fistule
770 1945 206 43 salivaire
1002 1939 264 48 au-dessous
1292 1946 62 41 du
1379 1946 129 42 canal
1535 1943 54 52 de
1616 1940 184 50 Sténon.

566 2016 150 42 Blessé
748 2016 41 42 le
824 2028 24 40 3
883 2015 97 55 juin
1006 2016 135 54 1918,
1178 2016 102 43 C.-
1280 2016 85 43 fut
1398 2017 264 56 hospitalisé
1696 2032 59 30 au
1789 2017 326 43 Val-de-Grâce

436 2104 6 4 ■
482 2087 40 42 le
548 2099 40 41 4,
618 2091 44 37 et
689 2085 39 43 le
757 2096 23 43 5
811 2100 57 28 on
894 2086 64 41 lui
984 2087 51 40 fit
1064 2101 61 27 un
1152 2091 218 50 grattage
1393 2099 59 31 au
1477 2076 167 62 niveau
1678 2088 54 41 de
1759 2088 46 41 la
1830 2089 197 40 fracture
2055 2085 60 41 du

480 2152 264 48 maxillaire.
788 2157 183 54 Comme
1012 2161 118 38 cette
1169 2158 303 42 intervention
1515 2158 77 42 n'a
1632 2172 81 42 pas
1754 2160 72 39 été
1865 2159 247 41 suffisante,

481 2229 190 55 puisque
700 2228 44 42 la
771 2228 199 43 blessure
1000 2229 238 54 suppurait
1267 2233 103 39 tout
1402 2229 40 42 le
1471 2233 163 51 temps,
1666 2240 63 30 un
1758 2229 115 41 mois
1903 2228 142 56 après,
2077 2224 39 41 le

481 2299 246 55 chirurgien
757 2298 52 42 fit
834 2298 236 43 l'ablation
1097 2299 136 43 d'une
1259 2299 184 56 esquille
1469 2300 91 42 afin
1587 2299 217 43 d'arrêter
1827 2300 44 41 la
1897 2308 218 47 suppura-

480 2370 110 44 tion.
625 2370 187 43 Celle-ci
812 2370 104 43 mit
948 2368 156 59 encore
1104 2368 134 59 plus
1270 2371 109 42 d'un
1410 2370 115 43 mois
1556 2371 27 41 à
1614 2370 281 56 disparaître.
1929 2370 131 47 Mais,
2090 2364 25 41 a

479 2455 50 28 ce
555 2445 217 46 moment,
804 2441 40 43 le
872 2441 144 42 blessé
1044 2441 227 56 s'aperçut
1288 2456 100 41 que
1416 2441 44 42 la
1490 2441 206 49 cicatrice
1715 2441 123 42 .était
1868 2435 247 48 continuel-

473 2511 173 49 lement:
671 2512 201 56 mouillée
872 2512 89 56 par
961 2512 91 56 la
1076 2512 152 49 salive,
1256 2512 79 55 qui
1357 2512 168 52 coulait
1550 2527 55 27 en
1630 2513 290 56 abondance,
1936 2508 179 45 surtout

481 2581 87 56 lors
593 2584 54 42 de
672 2583 43 42 la
738 2583 305 43 mastication.
1072 2584 88 40 Par
1183 2577 204 47 moment
1414 2586 43 37 et
1484 2596 59 28 au
1566 2588 204 37 moment
1797 2582 179 43 d'effort
2001 2587 142 51 pour

481 2656 175 39 tousser
686 2668 58 28 ou
774 2658 116 53 pour
921 2654 190 48 souffler,
1145 2652 40 42 le
1216 2652 148 42 blessé
1391 2652 246 44 constatait
1670 2652 39 43 le
1739 2667 188 41 passage
1960 2666 84 43 par
2073 2648 43 41 la

482 2721 204 45 cicatrice
719 2726 75 41 des
825 2725 171 43 résidus
1028 2722 303 47 alimentaires
1362 2717 139 47 restés
1533 2724 113 40 dans
1675 2722 45 42 la
1749 2725 188 41 bouche.

494 2793 340 54 Quand.C.
862 2810 44 28 se
929 2796 211 56 présenta
1164 2807 58 27 au
1247 2792 176 43 Service
1449 2794 53 41 de
1525 2784 382 65 physiothérapie,
1934 2793 30 41 il
1989 2787 126 52 avait

482 2876 94 36 une
586 2865 260 54 compresse
873 2867 25 40 à
924 2867 44 41 la
992 2864 124 44 main
1142 2878 116 43 pour
1283 2877 45 28 se
1354 2864 210 55 protéger
1589 2869 154 51 contre
1769 2863 44 42 la
1839 2857 139 52 salive
2005 2861 110 43 dont

482 2924 297 65 l'abondance
822 2936 193 55 exigeait
1057 2935 220 58 plusieurs
1320 2933 181 55 lavages
1542 2934 83 54 par
1662 2934 106 54 jour
1808 2949 59 26 au
1910 2945 206 46 perman-

483 3006 164 50 ganate
674 3005 53 41 de
752 3011 194 49 potasse.
974 3008 62 42 Le
1061 3004 232 56 fragment
1312 3003 165 44 mobile
1504 3005 54 41 de
1582 3003 60 53 la
1650 3005 196 43 fracture
1872 3006 63 41 du
1958 2998 159 55 maxil-

482 3073 108 45 laire
616 3075 272 43 entretenait
913 3077 45 42 la
983 3077 242 44 salivation
1252 3082 43 38 et
1322 3075 128 43 l'état
1476 3074 352 45 inflammatoire
1855 3078 54 41 de
1934 3076 44 42 la
2003 3074 113 42 cica-

482 3146 123 43 trice.
633 3145 66 41 La
723 3142 96 57 face
843 3149 209 51 présenta
1076 3162 68 29 en
1155 3148 101 56 plus
1280 3161 87 28 une
1390 3145 270 43 infiltration
1685 3148 55 41 de
1763 3146 44 42 la
1829 3146 105 53 joue
1960 3152 43 42 et
2028 3153 87 32 une

482 3215 260 57 congestion
776 3219 250 49 prononcée
1063 3220 53 41 de
1150 3218 50 42 la
1229 3216 221 43 cicatrice.
1475 3209 70 50 Le
1589 3217 144 43 blessé
1773 3231 45 29 se
1851 3210 269 55 nourrissait

465 3290 122 49 mal,
616 3283 268 60 mastiquait
915 3299 117 30 avec
1052 3270 216 73 difficulté
1296 3293 45 38 et
1370 3286 112 44 était
1512 3279 165 51 atteint
1707 3301 55 28 en
1787 3287 149 43 même
1965 3290 145 49 temps

488 3354 10 16 1
