<?xml version='1.0' encoding='ISO-8859-1'?>
<alto xmlns:xsi="http://www.w3.org/2001/XMLSchema-instance" xmlns:xlink="http://www.w3.org/TR/xlink" xmlns="http://bibnum.bnf.fr/ns/alto_prod" ID="alto.6519971" xsi:schemaLocation="http://bibnum.bnf.fr/ns/alto_prod http://bibnum.bnf.fr/ns/alto_prod.xsd">
  <Description>
    <MeasurementUnit>pixel</MeasurementUnit>
    <sourceImageInformation>
      <fileName>00000065.tif</fileName>
    </sourceImageInformation>
    <OCRProcessing ID="OCR_1">
      <ocrProcessingStep>
        <processingDateTime>2013-04-09</processingDateTime>
        <processingStepDescription>[001_OCR_BRUT]OCR BRUT 94.710 %</processingStepDescription>
        <processingStepDescription>[002_TOTAL_CHARS]{919}</processingStepDescription>
        <processingStepDescription>[003_TOTAL_CHARS_USED]{793}</processingStepDescription>
        <processingStepDescription>[004_TOTAL_CHARS_SUSPECTS_USED]{0}</processingStepDescription>
        <processingStepDescription>[005_TOTAL_CHARS_UNUSED]{126}</processingStepDescription>
        <processingStepDescription>[006_TOTAL_CHARS_SUSPECTS_UNUSED]{20}</processingStepDescription>
        <processingStepDescription>[007_TOTAL_STRINGS]{182}</processingStepDescription>
        <processingStepDescription>[011_CHARS_PUNCTUATION]{71}</processingStepDescription>
        <processingStepDescription>[012_CHARS_DIGITS]{44}</processingStepDescription>
        <processingStepDescription>[013_CHARS_SUSPECT]{20}</processingStepDescription>
        <processingStepDescription>[022_CHARS_UNUSED_BY_BLOCK]{0}</processingStepDescription>
        <processingStepDescription>[111_LIGS_DETECTED_CURV]{0}</processingStepDescription>
        <processingStepSettings>OCR 97.350 %</processingStepSettings>
      </ocrProcessingStep>
    </OCRProcessing>
  </Description>
  <Styles>
    <TextStyle ID="TXT_1" FONTFAMILY="Times" FONTSIZE="12"/>
  </Styles>
  <Layout>
    <Page ID="PAG_00000065" HEIGHT="3886" WIDTH="2431" PHYSICAL_IMG_NR="1" QUALITY="OK">
    <PrintSpace ID="PAG_00000065_PrintSpace" HPOS="331" VPOS="580" HEIGHT="2753" WIDTH="1641">
    <TextBlock ID="PAG_00000065_TB000001" STYLEREFS="TXT_1" HPOS="388" VPOS="580" HEIGHT="598" WIDTH="1558" language="en">
      <TextLine ID="PAG_00000065_TL000001" STYLEREFS="TXT_1" HPOS="388" VPOS="580" HEIGHT="98" WIDTH="1558">
        <String ID="PAG_00000065_ST000001" STYLEREFS="TXT_1" HPOS="388" VPOS="580" HEIGHT="73" WIDTH="326" WC="0.98" CONTENT="Reduction"/>
        <SP ID="PAG_00000065_SP000001" HPOS="714" VPOS="594" WIDTH="49"/>
        <String ID="PAG_00000065_ST000002" STYLEREFS="TXT_1" HPOS="763" VPOS="594" HEIGHT="81" WIDTH="347" WC="0.98" CONTENT="mecanique"/>
        <SP ID="PAG_00000065_SP000002" HPOS="1110" VPOS="596" WIDTH="55"/>
        <String ID="PAG_00000065_ST000003" STYLEREFS="TXT_1" HPOS="1165" VPOS="596" HEIGHT="57" WIDTH="70" WC="1" CONTENT="de"/>
        <SP ID="PAG_00000065_SP000003" HPOS="1235" VPOS="590" WIDTH="52"/>
        <String ID="PAG_00000065_ST000004" STYLEREFS="TXT_1" HPOS="1287" VPOS="590" HEIGHT="64" WIDTH="293" WC="1" CONTENT="fractures"/>
        <SP ID="PAG_00000065_SP000004" HPOS="1580" VPOS="588" WIDTH="58"/>
        <String ID="PAG_00000065_ST000005" STYLEREFS="TXT_1" HPOS="1638" VPOS="588" HEIGHT="90" WIDTH="308" WC="0.99" CONTENT="multiples"/>
      </TextLine>
      <TextLine ID="PAG_00000065_TL000002" STYLEREFS="TXT_1" HPOS="600" VPOS="724" HEIGHT="81" WIDTH="1117">
        <String ID="PAG_00000065_ST000006" STYLEREFS="TXT_1" HPOS="600" VPOS="724" HEIGHT="59" WIDTH="79" WC="1" CONTENT="du"/>
        <SP ID="PAG_00000065_SP000005" HPOS="679" VPOS="746" WIDTH="46"/>
        <String ID="PAG_00000065_ST000007" STYLEREFS="TXT_1" HPOS="725" VPOS="746" HEIGHT="59" WIDTH="174" WC="1" CONTENT="corps"/>
        <SP ID="PAG_00000065_SP000006" HPOS="899" VPOS="727" WIDTH="46"/>
        <String ID="PAG_00000065_ST000008" STYLEREFS="TXT_1" HPOS="945" VPOS="727" HEIGHT="65" WIDTH="79" WC="1" CONTENT="du"/>
        <SP ID="PAG_00000065_SP000007" HPOS="1024" VPOS="725" WIDTH="47"/>
        <String ID="PAG_00000065_ST000009" STYLEREFS="TXT_1" HPOS="1071" VPOS="725" HEIGHT="59" WIDTH="318" WC="1" CONTENT="maxillaire"/>
        <SP ID="PAG_00000065_SP000008" HPOS="1389" VPOS="725" WIDTH="46"/>
        <String ID="PAG_00000065_ST000010" STYLEREFS="TXT_1" HPOS="1435" VPOS="725" HEIGHT="60" WIDTH="282" WC="0.98" CONTENT="inferieur"/>
      </TextLine>
      <TextLine ID="PAG_00000065_TL000003" STYLEREFS="TXT_1" HPOS="465" VPOS="855" HEIGHT="70" WIDTH="1384">
        <String ID="PAG_00000065_ST000011" STYLEREFS="TXT_1" HPOS="465" VPOS="863" HEIGHT="43" WIDTH="58" WC="1" CONTENT="et"/>
        <SP ID="PAG_00000065_SP000009" HPOS="523" VPOS="856" WIDTH="56"/>
        <String ID="PAG_00000065_ST000012" STYLEREFS="TXT_1" HPOS="579" VPOS="856" HEIGHT="58" WIDTH="349" WC="1" CONTENT="contention"/>
        <SP ID="PAG_00000065_SP000010" HPOS="928" VPOS="857" WIDTH="57"/>
        <String ID="PAG_00000065_ST000013" STYLEREFS="TXT_1" HPOS="985" VPOS="857" HEIGHT="57" WIDTH="70" WC="1" CONTENT="de"/>
        <SP ID="PAG_00000065_SP000011" HPOS="1055" VPOS="878" WIDTH="58"/>
        <String ID="PAG_00000065_ST000014" STYLEREFS="TXT_1" HPOS="1113" VPOS="878" HEIGHT="36" WIDTH="97" WC="1" CONTENT="ces"/>
        <SP ID="PAG_00000065_SP000012" HPOS="1210" VPOS="862" WIDTH="66"/>
        <String ID="PAG_00000065_ST000015" STYLEREFS="TXT_1" HPOS="1276" VPOS="862" HEIGHT="63" WIDTH="223" WC="0.96" CONTENT="memes"/>
        <SP ID="PAG_00000065_SP000013" HPOS="1499" VPOS="855" WIDTH="56"/>
        <String ID="PAG_00000065_ST000016" STYLEREFS="TXT_1" HPOS="1555" VPOS="855" HEIGHT="61" WIDTH="294" WC="1" CONTENT="fractures"/>
      </TextLine>
      <TextLine ID="PAG_00000065_TL000004" STYLEREFS="TXT_1" HPOS="541" VPOS="1048" HEIGHT="67" WIDTH="1227">
        <String ID="PAG_00000065_ST000017" STYLEREFS="TXT_1" HPOS="541" VPOS="1054" HEIGHT="43" WIDTH="88" WC="1" CONTENT="Par"/>
        <SP ID="PAG_00000065_SP000014" HPOS="629" VPOS="1058" WIDTH="31"/>
        <String ID="PAG_00000065_ST000018" STYLEREFS="TXT_1" HPOS="660" VPOS="1058" HEIGHT="41" WIDTH="57" WC="1" CONTENT="M."/>
        <SP ID="PAG_00000065_SP000015" HPOS="717" VPOS="1051" WIDTH="36"/>
        <String ID="PAG_00000065_ST000019" STYLEREFS="TXT_1" HPOS="753" VPOS="1051" HEIGHT="64" WIDTH="215" WC="1" CONTENT="ADRIEN"/>
        <SP ID="PAG_00000065_SP000016" HPOS="968" VPOS="1051" WIDTH="1"/>
        <String ID="PAG_00000065_ST000020" STYLEREFS="TXT_1" HPOS="968" VPOS="1051" HEIGHT="64" WIDTH="309" WC="1" CONTENT="GAIGNON,"/>
        <SP ID="PAG_00000065_SP000017" HPOS="1277" VPOS="1048" WIDTH="36"/>
        <String ID="PAG_00000065_ST000021" STYLEREFS="TXT_1" HPOS="1313" VPOS="1048" HEIGHT="51" WIDTH="197" WC="1" CONTENT="dentiste"/>
        <SP ID="PAG_00000065_SP000018" HPOS="1510" VPOS="1048" WIDTH="31"/>
        <String ID="PAG_00000065_ST000022" STYLEREFS="TXT_1" HPOS="1541" VPOS="1048" HEIGHT="59" WIDTH="227" WC="1" CONTENT="militaire,"/>
      </TextLine>
      <TextLine ID="PAG_00000065_TL000005" STYLEREFS="TXT_1" HPOS="597" VPOS="1131" HEIGHT="47" WIDTH="1112">
        <String ID="PAG_00000065_ST000023" STYLEREFS="TXT_1" HPOS="597" VPOS="1137" HEIGHT="31" WIDTH="123" WC="1" CONTENT="Centre"/>
        <SP ID="PAG_00000065_SP000019" HPOS="720" VPOS="1139" WIDTH="18"/>
        <String ID="PAG_00000065_ST000024" STYLEREFS="TXT_1" HPOS="738" VPOS="1139" HEIGHT="29" WIDTH="41" WC="1" CONTENT="de"/>
        <SP ID="PAG_00000065_SP000020" HPOS="779" VPOS="1131" WIDTH="16"/>
        <String ID="PAG_00000065_ST000025" STYLEREFS="TXT_1" HPOS="795" VPOS="1131" HEIGHT="47" WIDTH="158" WC="0.96" CONTENT="prothese"/>
        <SP ID="PAG_00000065_SP000021" HPOS="953" VPOS="1140" WIDTH="20"/>
        <String ID="PAG_00000065_ST000026" STYLEREFS="TXT_1" HPOS="973" VPOS="1140" HEIGHT="29" WIDTH="150" WC="1" CONTENT="dentaire"/>
        <SP ID="PAG_00000065_SP000022" HPOS="1123" VPOS="1139" WIDTH="20"/>
        <String ID="PAG_00000065_ST000027" STYLEREFS="TXT_1" HPOS="1143" VPOS="1139" HEIGHT="30" WIDTH="40" WC="1" CONTENT="de"/>
        <SP ID="PAG_00000065_SP000023" HPOS="1183" VPOS="1138" WIDTH="17"/>
        <String ID="PAG_00000065_ST000028" STYLEREFS="TXT_1" HPOS="1200" VPOS="1138" HEIGHT="30" WIDTH="145" WC="0.85" CONTENT="TArmee"/>
        <SP ID="PAG_00000065_SP000024" HPOS="1345" VPOS="1139" WIDTH="18"/>
        <String ID="PAG_00000065_ST000029" STYLEREFS="TXT_1" HPOS="1363" VPOS="1139" HEIGHT="38" WIDTH="163" WC="0.89" CONTENT="fraiifaise"/>
        <SP ID="PAG_00000065_SP000025" HPOS="1526" VPOS="1137" WIDTH="17"/>
        <String ID="PAG_00000065_ST000030" STYLEREFS="TXT_1" HPOS="1543" VPOS="1137" HEIGHT="31" WIDTH="166" WC="1" CONTENT="d'Orient."/>
      </TextLine>
    </TextBlock>
    <TextBlock ID="PAG_00000065_TB000002" STYLEREFS="TXT_1" HPOS="341" VPOS="1212" HEIGHT="528" WIDTH="1631" language="en">
      <TextLine ID="PAG_00000065_TL000006" STYLEREFS="TXT_1" HPOS="555" VPOS="1212" HEIGHT="277" WIDTH="1149">
        <String ID="PAG_00000065_ST000031" STYLEREFS="TXT_1" HPOS="555" VPOS="1212" HEIGHT="277" WIDTH="193" WC="0.00" TYPE="illegible" CONTENT="'t."/>
        <SP ID="PAG_00000065_SP000026" HPOS="748" VPOS="1234" WIDTH="169"/>
        <String ID="PAG_00000065_ST000032" STYLEREFS="TXT_1" HPOS="917" VPOS="1234" HEIGHT="118" WIDTH="787" WC="1" CONTENT=".,:"/>
      </TextLine>
      <TextLine ID="PAG_00000065_TL000007" STYLEREFS="TXT_1" HPOS="400" VPOS="1478" HEIGHT="68" WIDTH="1572">
        <String ID="PAG_00000065_ST000033" STYLEREFS="TXT_1" HPOS="400" VPOS="1478" HEIGHT="68" WIDTH="416" WC="1" CONTENT="OBSERVATION"/>
        <SP ID="PAG_00000065_SP000027" HPOS="816" VPOS="1478" WIDTH="1"/>
        <String ID="PAG_00000065_ST000034" STYLEREFS="TXT_1" HPOS="816" VPOS="1478" HEIGHT="68" WIDTH="139" WC="1" CONTENT="A."/>
        <SP ID="PAG_00000065_SP000028" HPOS="955" VPOS="1496" WIDTH="43"/>
        <String ID="PAG_00000065_ST000035" STYLEREFS="TXT_1" HPOS="998" VPOS="1496" HEIGHT="46" WIDTH="91" WC="1" CONTENT="P.,"/>
        <SP ID="PAG_00000065_SP000029" HPOS="1089" VPOS="1498" WIDTH="43"/>
        <String ID="PAG_00000065_ST000036" STYLEREFS="TXT_1" HPOS="1132" VPOS="1498" HEIGHT="36" WIDTH="136" WC="1" CONTENT="trente"/>
        <SP ID="PAG_00000065_SP000030" HPOS="1268" VPOS="1506" WIDTH="40"/>
        <String ID="PAG_00000065_ST000037" STYLEREFS="TXT_1" HPOS="1308" VPOS="1506" HEIGHT="34" WIDTH="88" WC="1" CONTENT="ans,"/>
        <SP ID="PAG_00000065_SP000031" HPOS="1396" VPOS="1493" WIDTH="17"/>
        <String ID="PAG_00000065_ST000038" STYLEREFS="TXT_1" HPOS="1413" VPOS="1493" HEIGHT="42" WIDTH="36" WC="0.93" CONTENT="-"/>
        <SP ID="PAG_00000065_SP000032" HPOS="1449" VPOS="1493" WIDTH="1"/>
        <String ID="PAG_00000065_ST000039" STYLEREFS="TXT_1" HPOS="1449" VPOS="1493" HEIGHT="42" WIDTH="234" WC="0.93" CONTENT="travailleur"/>
        <SP ID="PAG_00000065_SP000033" HPOS="1683" VPOS="1492" WIDTH="38"/>
        <String ID="PAG_00000065_ST000040" STYLEREFS="TXT_1" HPOS="1721" VPOS="1492" HEIGHT="43" WIDTH="97" WC="1" CONTENT="civil"/>
        <SP ID="PAG_00000065_SP000034" HPOS="1818" VPOS="1505" WIDTH="40"/>
        <String ID="PAG_00000065_ST000041" STYLEREFS="TXT_1" HPOS="1858" VPOS="1505" HEIGHT="39" WIDTH="114" WC="1" CONTENT="grec,"/>
      </TextLine>
      <TextLine ID="PAG_00000065_TL000008" STYLEREFS="TXT_1" HPOS="343" VPOS="1551" HEIGHT="61" WIDTH="1627">
        <String ID="PAG_00000065_ST000042" STYLEREFS="TXT_1" HPOS="343" VPOS="1551" HEIGHT="54" WIDTH="186" WC="0.97" CONTENT="ernploye"/>
        <SP ID="PAG_00000065_SP000035" HPOS="529" VPOS="1560" WIDTH="21"/>
        <String ID="PAG_00000065_ST000043" STYLEREFS="TXT_1" HPOS="550" VPOS="1560" HEIGHT="37" WIDTH="26" WC="0.96" CONTENT="a"/>
        <SP ID="PAG_00000065_SP000036" HPOS="576" VPOS="1560" WIDTH="22"/>
        <String ID="PAG_00000065_ST000044" STYLEREFS="TXT_1" HPOS="598" VPOS="1560" HEIGHT="40" WIDTH="41" WC="1" CONTENT="la"/>
        <SP ID="PAG_00000065_SP000037" HPOS="639" VPOS="1560" WIDTH="23"/>
        <String ID="PAG_00000065_ST000045" STYLEREFS="TXT_1" HPOS="662" VPOS="1560" HEIGHT="51" WIDTH="247" WC="1" CONTENT="compagnie"/>
        <SP ID="PAG_00000065_SP000038" HPOS="909" VPOS="1560" WIDTH="25"/>
        <String ID="PAG_00000065_ST000046" STYLEREFS="TXT_1" HPOS="934" VPOS="1560" HEIGHT="52" WIDTH="124" WC="1" CONTENT="15/24"/>
        <SP ID="PAG_00000065_SP000039" HPOS="1058" VPOS="1562" WIDTH="25"/>
        <String ID="PAG_00000065_ST000047" STYLEREFS="TXT_1" HPOS="1083" VPOS="1562" HEIGHT="40" WIDTH="57" WC="1" CONTENT="du"/>
        <SP ID="PAG_00000065_SP000040" HPOS="1140" VPOS="1560" WIDTH="23"/>
        <String ID="PAG_00000065_ST000048" STYLEREFS="TXT_1" HPOS="1163" VPOS="1560" HEIGHT="51" WIDTH="118" WC="0.90" CONTENT="genie"/>
        <SP ID="PAG_00000065_SP000041" HPOS="1281" VPOS="1560" WIDTH="1"/>
        <String ID="PAG_00000065_ST000049" STYLEREFS="TXT_1" HPOS="1281" VPOS="1560" HEIGHT="51" WIDTH="217" WC="0.90" CONTENT="irangais."/>
        <SP ID="PAG_00000065_SP000042" HPOS="1498" VPOS="1559" WIDTH="21"/>
        <String ID="PAG_00000065_ST000050" STYLEREFS="TXT_1" HPOS="1519" VPOS="1559" HEIGHT="40" WIDTH="144" WC="0.97" CONTENT="Blesse"/>
        <SP ID="PAG_00000065_SP000043" HPOS="1663" VPOS="1571" WIDTH="22"/>
        <String ID="PAG_00000065_ST000051" STYLEREFS="TXT_1" HPOS="1685" VPOS="1571" HEIGHT="39" WIDTH="78" WC="1" CONTENT="par"/>
        <SP ID="PAG_00000065_SP000044" HPOS="1763" VPOS="1571" WIDTH="21"/>
        <String ID="PAG_00000065_ST000052" STYLEREFS="TXT_1" HPOS="1784" VPOS="1571" HEIGHT="39" WIDTH="109" WC="1" CONTENT="coup"/>
        <SP ID="PAG_00000065_SP000045" HPOS="1893" VPOS="1559" WIDTH="24"/>
        <String ID="PAG_00000065_ST000053" STYLEREFS="TXT_1" HPOS="1917" VPOS="1559" HEIGHT="39" WIDTH="53" WC="1" CONTENT="de"/>
      </TextLine>
      <TextLine ID="PAG_00000065_TL000009" STYLEREFS="TXT_1" HPOS="341" VPOS="1603" HEIGHT="73" WIDTH="1416">
        <String ID="PAG_00000065_ST000054" STYLEREFS="TXT_1" HPOS="341" VPOS="1603" HEIGHT="63" WIDTH="111" WC="0.45" TYPE="illegible" CONTENT="hace"/>
        <SP ID="PAG_00000065_SP000046" HPOS="452" VPOS="1603" WIDTH="1"/>
        <String ID="PAG_00000065_ST000055" STYLEREFS="TXT_1" HPOS="452" VPOS="1603" HEIGHT="63" WIDTH="66" WC="0.45" TYPE="illegible" CONTENT="Ie"/>
        <SP ID="PAG_00000065_SP000047" HPOS="518" VPOS="1603" WIDTH="1"/>
        <String ID="PAG_00000065_ST000056" STYLEREFS="TXT_1" HPOS="518" VPOS="1603" HEIGHT="63" WIDTH="91" WC="0.45" TYPE="illegible" CONTENT="10"/>
        <SP ID="PAG_00000065_SP000048" HPOS="609" VPOS="1624" WIDTH="26"/>
        <String ID="PAG_00000065_ST000057" STYLEREFS="TXT_1" HPOS="635" VPOS="1624" HEIGHT="40" WIDTH="106" WC="1" CONTENT="avril"/>
        <SP ID="PAG_00000065_SP000049" HPOS="741" VPOS="1624" WIDTH="26"/>
        <String ID="PAG_00000065_ST000058" STYLEREFS="TXT_1" HPOS="767" VPOS="1624" HEIGHT="52" WIDTH="117" WC="0.97" CONTENT="1918."/>
      </TextLine>
      <TextLine ID="PAG_00000065_TL000010" STYLEREFS="TXT_1" HPOS="417" VPOS="1679" HEIGHT="61" WIDTH="1554">
        <String ID="PAG_00000065_ST000059" STYLEREFS="TXT_1" HPOS="417" VPOS="1679" HEIGHT="57" WIDTH="214" WC="0.99" CONTENT="Diagnostic"/>
        <SP ID="PAG_00000065_SP000050" HPOS="631" VPOS="1679" WIDTH="1"/>
        <String ID="PAG_00000065_ST000060" STYLEREFS="TXT_1" HPOS="631" VPOS="1679" HEIGHT="57" WIDTH="59" WC="0.99" CONTENT=":"/>
        <SP ID="PAG_00000065_SP000051" HPOS="690" VPOS="1694" WIDTH="25"/>
        <String ID="PAG_00000065_ST000061" STYLEREFS="TXT_1" HPOS="715" VPOS="1694" HEIGHT="34" WIDTH="46" WC="0.49" TYPE="illegible" CONTENT="10"/>
        <SP ID="PAG_00000065_SP000052" HPOS="761" VPOS="1688" WIDTH="18"/>
        <String ID="PAG_00000065_ST000062" STYLEREFS="TXT_1" HPOS="779" VPOS="1688" HEIGHT="52" WIDTH="131" WC="1" CONTENT="plaies"/>
        <SP ID="PAG_00000065_SP000053" HPOS="910" VPOS="1691" WIDTH="21"/>
        <String ID="PAG_00000065_ST000063" STYLEREFS="TXT_1" HPOS="931" VPOS="1691" HEIGHT="38" WIDTH="58" WC="1" CONTENT="du"/>
        <SP ID="PAG_00000065_SP000054" HPOS="989" VPOS="1693" WIDTH="21"/>
        <String ID="PAG_00000065_ST000064" STYLEREFS="TXT_1" HPOS="1010" VPOS="1693" HEIGHT="42" WIDTH="195" WC="1" CONTENT="menton;"/>
        <SP ID="PAG_00000065_SP000055" HPOS="1205" VPOS="1690" WIDTH="24"/>
        <String ID="PAG_00000065_ST000065" STYLEREFS="TXT_1" HPOS="1229" VPOS="1690" HEIGHT="40" WIDTH="58" WC="0.98" CONTENT="20"/>
        <SP ID="PAG_00000065_SP000056" HPOS="1287" VPOS="1690" WIDTH="1"/>
        <String ID="PAG_00000065_ST000066" STYLEREFS="TXT_1" HPOS="1287" VPOS="1690" HEIGHT="40" WIDTH="214" WC="0.98" CONTENT="fractures"/>
        <SP ID="PAG_00000065_SP000057" HPOS="1501" VPOS="1692" WIDTH="23"/>
        <String ID="PAG_00000065_ST000067" STYLEREFS="TXT_1" HPOS="1524" VPOS="1692" HEIGHT="37" WIDTH="197" WC="1" CONTENT="ouvertes"/>
        <SP ID="PAG_00000065_SP000058" HPOS="1721" VPOS="1690" WIDTH="23"/>
        <String ID="PAG_00000065_ST000068" STYLEREFS="TXT_1" HPOS="1744" VPOS="1690" HEIGHT="39" WIDTH="56" WC="1" CONTENT="du"/>
        <SP ID="PAG_00000065_SP000059" HPOS="1800" VPOS="1688" WIDTH="23"/>
        <String ID="PAG_00000065_ST000069" STYLEREFS="TXT_1" HPOS="1823" VPOS="1688" HEIGHT="40" WIDTH="148" WC="0.97" CONTENT="maxil-"/>
        <HYP HPOS="1971" VPOS="1728" WIDTH="30" CONTENT="-"/>
      </TextLine>
    </TextBlock>
    <Illustration ID="PAG_00000065_IL000001" HPOS="451" VPOS="1840" HEIGHT="593" WIDTH="726"/>
    <TextBlock ID="PAG_00000065_TB000003" STYLEREFS="TXT_1" HPOS="504" VPOS="2495" HEIGHT="89" WIDTH="581" language="en">
      <TextLine ID="PAG_00000065_TL000011" STYLEREFS="TXT_1" HPOS="504" VPOS="2495" HEIGHT="41" WIDTH="581">
        <String ID="PAG_00000065_ST000070" STYLEREFS="TXT_1" HPOS="504" VPOS="2495" HEIGHT="31" WIDTH="92" WC="0.91" CONTENT="FIG."/>
        <SP ID="PAG_00000065_SP000060" HPOS="596" VPOS="2495" WIDTH="1"/>
        <String ID="PAG_00000065_ST000071" STYLEREFS="TXT_1" HPOS="596" VPOS="2495" HEIGHT="31" WIDTH="55" WC="0.91" CONTENT="1."/>
        <SP ID="PAG_00000065_SP000061" HPOS="651" VPOS="2495" WIDTH="1"/>
        <String ID="PAG_00000065_ST000072" STYLEREFS="TXT_1" HPOS="651" VPOS="2495" HEIGHT="31" WIDTH="36" WC="0.91" CONTENT="-"/>
        <SP ID="PAG_00000065_SP000062" HPOS="687" VPOS="2495" WIDTH="1"/>
        <String ID="PAG_00000065_ST000073" STYLEREFS="TXT_1" HPOS="687" VPOS="2495" HEIGHT="31" WIDTH="204" WC="0.91" CONTENT="Fractures"/>
        <SP ID="PAG_00000065_SP000063" HPOS="891" VPOS="2496" WIDTH="23"/>
        <String ID="PAG_00000065_ST000074" STYLEREFS="TXT_1" HPOS="914" VPOS="2496" HEIGHT="40" WIDTH="171" WC="1" CONTENT="multiples"/>
      </TextLine>
      <TextLine ID="PAG_00000065_TL000012" STYLEREFS="TXT_1" HPOS="542" VPOS="2543" HEIGHT="41" WIDTH="512">
        <String ID="PAG_00000065_ST000075" STYLEREFS="TXT_1" HPOS="542" VPOS="2544" HEIGHT="29" WIDTH="44" WC="1" CONTENT="du"/>
        <SP ID="PAG_00000065_SP000064" HPOS="586" VPOS="2554" WIDTH="23"/>
        <String ID="PAG_00000065_ST000076" STYLEREFS="TXT_1" HPOS="609" VPOS="2554" HEIGHT="30" WIDTH="96" WC="1" CONTENT="corps"/>
        <SP ID="PAG_00000065_SP000065" HPOS="705" VPOS="2544" WIDTH="25"/>
        <String ID="PAG_00000065_ST000077" STYLEREFS="TXT_1" HPOS="730" VPOS="2544" HEIGHT="29" WIDTH="40" WC="1" CONTENT="de"/>
        <SP ID="PAG_00000065_SP000066" HPOS="770" VPOS="2544" WIDTH="25"/>
        <String ID="PAG_00000065_ST000078" STYLEREFS="TXT_1" HPOS="795" VPOS="2544" HEIGHT="29" WIDTH="30" WC="1" CONTENT="la"/>
        <SP ID="PAG_00000065_SP000067" HPOS="825" VPOS="2543" WIDTH="24"/>
        <String ID="PAG_00000065_ST000079" STYLEREFS="TXT_1" HPOS="849" VPOS="2543" HEIGHT="30" WIDTH="205" WC="0.99" CONTENT="mandibulc."/>
      </TextLine>
    </TextBlock>
    <TextBlock ID="PAG_00000065_TB000004" STYLEREFS="TXT_1" HPOS="501" VPOS="2601" HEIGHT="89" WIDTH="595" language="en">
      <TextLine ID="PAG_00000065_TL000013" STYLEREFS="TXT_1" HPOS="501" VPOS="2601" HEIGHT="41" WIDTH="595">
        <String ID="PAG_00000065_ST000080" STYLEREFS="TXT_1" HPOS="501" VPOS="2601" HEIGHT="41" WIDTH="173" WC="1" CONTENT="(Multiple"/>
        <SP ID="PAG_00000065_SP000068" HPOS="674" VPOS="2602" WIDTH="25"/>
        <String ID="PAG_00000065_ST000081" STYLEREFS="TXT_1" HPOS="699" VPOS="2602" HEIGHT="30" WIDTH="159" WC="1" CONTENT="fractures"/>
        <SP ID="PAG_00000065_SP000069" HPOS="858" VPOS="2602" WIDTH="23"/>
        <String ID="PAG_00000065_ST000082" STYLEREFS="TXT_1" HPOS="881" VPOS="2602" HEIGHT="30" WIDTH="39" WC="1" CONTENT="of"/>
        <SP ID="PAG_00000065_SP000070" HPOS="920" VPOS="2603" WIDTH="18"/>
        <String ID="PAG_00000065_ST000083" STYLEREFS="TXT_1" HPOS="938" VPOS="2603" HEIGHT="39" WIDTH="93" WC="1" CONTENT="body"/>
        <SP ID="PAG_00000065_SP000071" HPOS="1031" VPOS="2601" WIDTH="26"/>
        <String ID="PAG_00000065_ST000084" STYLEREFS="TXT_1" HPOS="1057" VPOS="2601" HEIGHT="31" WIDTH="39" WC="1" CONTENT="of"/>
      </TextLine>
      <TextLine ID="PAG_00000065_TL000014" STYLEREFS="TXT_1" HPOS="692" VPOS="2649" HEIGHT="41" WIDTH="228">
        <String ID="PAG_00000065_ST000085" STYLEREFS="TXT_1" HPOS="692" VPOS="2650" HEIGHT="30" WIDTH="107" WC="0.98" CONTENT="lower"/>
        <SP ID="PAG_00000065_SP000072" HPOS="799" VPOS="2649" WIDTH="19"/>
        <String ID="PAG_00000065_ST000086" STYLEREFS="TXT_1" HPOS="818" VPOS="2649" HEIGHT="41" WIDTH="102" WC="1" CONTENT="jaw.)"/>
      </TextLine>
    </TextBlock>
    <Illustration ID="PAG_00000065_IL000002" HPOS="1265" VPOS="1936" HEIGHT="497" WIDTH="627"/>
    <TextBlock ID="PAG_00000065_TB000005" STYLEREFS="TXT_1" HPOS="1281" VPOS="2495" HEIGHT="87" WIDTH="561" language="en">
      <TextLine ID="PAG_00000065_TL000015" STYLEREFS="TXT_1" HPOS="1281" VPOS="2495" HEIGHT="41" WIDTH="561">
        <String ID="PAG_00000065_ST000087" STYLEREFS="TXT_1" HPOS="1281" VPOS="2495" HEIGHT="31" WIDTH="93" WC="0.97" CONTENT="FIG."/>
        <SP ID="PAG_00000065_SP000073" HPOS="1374" VPOS="2495" WIDTH="1"/>
        <String ID="PAG_00000065_ST000088" STYLEREFS="TXT_1" HPOS="1374" VPOS="2495" HEIGHT="31" WIDTH="56" WC="0.97" CONTENT="2."/>
        <SP ID="PAG_00000065_SP000074" HPOS="1430" VPOS="2495" WIDTH="1"/>
        <String ID="PAG_00000065_ST000089" STYLEREFS="TXT_1" HPOS="1430" VPOS="2495" HEIGHT="31" WIDTH="37" WC="0.97" CONTENT="-"/>
        <SP ID="PAG_00000065_SP000075" HPOS="1467" VPOS="2495" WIDTH="1"/>
        <String ID="PAG_00000065_ST000090" STYLEREFS="TXT_1" HPOS="1467" VPOS="2495" HEIGHT="31" WIDTH="168" WC="0.97" CONTENT="Position"/>
        <SP ID="PAG_00000065_SP000076" HPOS="1635" VPOS="2495" WIDTH="1"/>
        <String ID="PAG_00000065_ST000091" STYLEREFS="TXT_1" HPOS="1635" VPOS="2495" HEIGHT="31" WIDTH="96" WC="0.97" CONTENT="des"/>
        <SP ID="PAG_00000065_SP000077" HPOS="1731" VPOS="2496" WIDTH="24"/>
        <String ID="PAG_00000065_ST000092" STYLEREFS="TXT_1" HPOS="1755" VPOS="2496" HEIGHT="40" WIDTH="87" WC="1" CONTENT="frag-" SUBS_TYPE="HypPart1" SUBS_CONTENT="fragments"/>
        <HYP HPOS="1842" VPOS="2536" WIDTH="30" CONTENT="-"/>
      </TextLine>
      <TextLine ID="PAG_00000065_TL000016" STYLEREFS="TXT_1" HPOS="1306" VPOS="2542" HEIGHT="40" WIDTH="473">
        <String ID="PAG_00000065_ST000093" STYLEREFS="TXT_1" HPOS="1306" VPOS="2545" HEIGHT="26" WIDTH="133" WC="1" CONTENT="ments" SUBS_TYPE="HypPart2" SUBS_CONTENT="fragments"/>
        <SP ID="PAG_00000065_SP000078" HPOS="1439" VPOS="2542" WIDTH="23"/>
        <String ID="PAG_00000065_ST000094" STYLEREFS="TXT_1" HPOS="1462" VPOS="2542" HEIGHT="37" WIDTH="30" WC="1" CONTENT="Ie"/>
        <SP ID="PAG_00000065_SP000079" HPOS="1492" VPOS="2553" WIDTH="28"/>
        <String ID="PAG_00000065_ST000095" STYLEREFS="TXT_1" HPOS="1520" VPOS="2553" HEIGHT="18" WIDTH="35" WC="0.98" CONTENT="12"/>
        <SP ID="PAG_00000065_SP000080" HPOS="1555" VPOS="2542" WIDTH="21"/>
        <String ID="PAG_00000065_ST000096" STYLEREFS="TXT_1" HPOS="1576" VPOS="2542" HEIGHT="40" WIDTH="101" WC="0.84" CONTENT="avril"/>
        <SP ID="PAG_00000065_SP000081" HPOS="1677" VPOS="2542" WIDTH="1"/>
        <String ID="PAG_00000065_ST000097" STYLEREFS="TXT_1" HPOS="1677" VPOS="2542" HEIGHT="40" WIDTH="102" WC="0.84" CONTENT="1918."/>
      </TextLine>
    </TextBlock>
    <TextBlock ID="PAG_00000065_TB000006" STYLEREFS="TXT_1" HPOS="1290" VPOS="2600" HEIGHT="86" WIDTH="550" language="en">
      <TextLine ID="PAG_00000065_TL000017" STYLEREFS="TXT_1" HPOS="1290" VPOS="2600" HEIGHT="40" WIDTH="550">
        <String ID="PAG_00000065_ST000098" STYLEREFS="TXT_1" HPOS="1290" VPOS="2600" HEIGHT="40" WIDTH="167" WC="1" CONTENT="(Position"/>
        <SP ID="PAG_00000065_SP000082" HPOS="1457" VPOS="2600" WIDTH="29"/>
        <String ID="PAG_00000065_ST000099" STYLEREFS="TXT_1" HPOS="1486" VPOS="2600" HEIGHT="29" WIDTH="39" WC="1" CONTENT="of"/>
        <SP ID="PAG_00000065_SP000083" HPOS="1525" VPOS="2600" WIDTH="25"/>
        <String ID="PAG_00000065_ST000100" STYLEREFS="TXT_1" HPOS="1550" VPOS="2600" HEIGHT="40" WIDTH="183" WC="1" CONTENT="fragments"/>
        <SP ID="PAG_00000065_SP000084" HPOS="1733" VPOS="2601" WIDTH="30"/>
        <String ID="PAG_00000065_ST000101" STYLEREFS="TXT_1" HPOS="1763" VPOS="2601" HEIGHT="29" WIDTH="77" WC="1" CONTENT="12th"/>
      </TextLine>
      <TextLine ID="PAG_00000065_TL000018" STYLEREFS="TXT_1" HPOS="1459" VPOS="2647" HEIGHT="39" WIDTH="226">
        <String ID="PAG_00000065_ST000102" STYLEREFS="TXT_1" HPOS="1459" VPOS="2647" HEIGHT="39" WIDTH="104" WC="0.87" CONTENT="April"/>
        <SP ID="PAG_00000065_SP000085" HPOS="1563" VPOS="2647" WIDTH="1"/>
        <String ID="PAG_00000065_ST000103" STYLEREFS="TXT_1" HPOS="1563" VPOS="2647" HEIGHT="39" WIDTH="122" WC="0.87" CONTENT="1918.)"/>
      </TextLine>
    </TextBlock>
    <TextBlock ID="PAG_00000065_TB000007" STYLEREFS="TXT_1" HPOS="334" VPOS="2806" HEIGHT="133" WIDTH="1628" language="en">
      <TextLine ID="PAG_00000065_TL000019" STYLEREFS="TXT_1" HPOS="334" VPOS="2806" HEIGHT="68" WIDTH="1628">
        <String ID="PAG_00000065_ST000104" STYLEREFS="TXT_1" HPOS="334" VPOS="2806" HEIGHT="47" WIDTH="98" WC="0.91" CONTENT="Jaire"/>
        <SP ID="PAG_00000065_SP000086" HPOS="432" VPOS="2817" WIDTH="19"/>
        <String ID="PAG_00000065_ST000105" STYLEREFS="TXT_1" HPOS="451" VPOS="2817" HEIGHT="44" WIDTH="198" WC="0.98" CONTENT="inferieur"/>
        <SP ID="PAG_00000065_SP000087" HPOS="649" VPOS="2822" WIDTH="21"/>
        <String ID="PAG_00000065_ST000106" STYLEREFS="TXT_1" HPOS="670" VPOS="2822" HEIGHT="51" WIDTH="83" WC="0.99" CONTENT="(fig."/>
        <SP ID="PAG_00000065_SP000088" HPOS="753" VPOS="2821" WIDTH="26"/>
        <String ID="PAG_00000065_ST000107" STYLEREFS="TXT_1" HPOS="779" VPOS="2821" HEIGHT="51" WIDTH="30" WC="1" CONTENT="1"/>
        <SP ID="PAG_00000065_SP000089" HPOS="809" VPOS="2821" WIDTH="1"/>
        <String ID="PAG_00000065_ST000108" STYLEREFS="TXT_1" HPOS="809" VPOS="2821" HEIGHT="51" WIDTH="45" WC="1" CONTENT="et"/>
        <SP ID="PAG_00000065_SP000090" HPOS="854" VPOS="2821" WIDTH="1"/>
        <String ID="PAG_00000065_ST000109" STYLEREFS="TXT_1" HPOS="854" VPOS="2821" HEIGHT="51" WIDTH="62" WC="1" CONTENT="2)"/>
        <SP ID="PAG_00000065_SP000091" HPOS="916" VPOS="2835" WIDTH="23"/>
        <String ID="PAG_00000065_ST000110" STYLEREFS="TXT_1" HPOS="939" VPOS="2835" HEIGHT="26" WIDTH="7" WC="1" CONTENT=":"/>
        <SP ID="PAG_00000065_SP000092" HPOS="946" VPOS="2822" WIDTH="24"/>
        <String ID="PAG_00000065_ST000111" STYLEREFS="TXT_1" HPOS="970" VPOS="2822" HEIGHT="52" WIDTH="38" WC="1" CONTENT="a)"/>
        <SP ID="PAG_00000065_SP000093" HPOS="1008" VPOS="2822" WIDTH="27"/>
        <String ID="PAG_00000065_ST000112" STYLEREFS="TXT_1" HPOS="1035" VPOS="2822" HEIGHT="48" WIDTH="123" WC="0.86" CONTENT="entre"/>
        <SP ID="PAG_00000065_SP000094" HPOS="1158" VPOS="2822" WIDTH="1"/>
        <String ID="PAG_00000065_ST000113" STYLEREFS="TXT_1" HPOS="1158" VPOS="2822" HEIGHT="48" WIDTH="41" WC="0.86" CONTENT="I"/>
        <SP ID="PAG_00000065_SP000095" HPOS="1199" VPOS="2822" WIDTH="1"/>
        <String ID="PAG_00000065_ST000114" STYLEREFS="TXT_1" HPOS="1199" VPOS="2822" HEIGHT="48" WIDTH="124" WC="0.86" CONTENT="&quot;vet"/>
        <SP ID="PAG_00000065_SP000096" HPOS="1323" VPOS="2839" WIDTH="64"/>
        <String ID="PAG_00000065_ST000115" STYLEREFS="TXT_1" HPOS="1387" VPOS="2839" HEIGHT="31" WIDTH="23" WC="1" CONTENT="4"/>
        <SP ID="PAG_00000065_SP000097" HPOS="1410" VPOS="2819" WIDTH="47"/>
        <String ID="PAG_00000065_ST000116" STYLEREFS="TXT_1" HPOS="1457" VPOS="2819" HEIGHT="52" WIDTH="132" WC="0.97" CONTENT="(pcrte"/>
        <SP ID="PAG_00000065_SP000098" HPOS="1589" VPOS="2819" WIDTH="34"/>
        <String ID="PAG_00000065_ST000117" STYLEREFS="TXT_1" HPOS="1623" VPOS="2819" HEIGHT="39" WIDTH="52" WC="0.98" CONTENT="dc"/>
        <SP ID="PAG_00000065_SP000099" HPOS="1675" VPOS="2818" WIDTH="22"/>
        <String ID="PAG_00000065_ST000118" STYLEREFS="TXT_1" HPOS="1697" VPOS="2818" HEIGHT="53" WIDTH="265" WC="1" CONTENT="substance);"/>
      </TextLine>
      <TextLine ID="PAG_00000065_TL000020" STYLEREFS="TXT_1" HPOS="339" VPOS="2871" HEIGHT="68" WIDTH="890">
        <String ID="PAG_00000065_ST000119" STYLEREFS="TXT_1" HPOS="339" VPOS="2871" HEIGHT="53" WIDTH="33" WC="0.94" CONTENT="b)"/>
        <SP ID="PAG_00000065_SP000100" HPOS="372" VPOS="2887" WIDTH="29"/>
        <String ID="PAG_00000065_ST000120" STYLEREFS="TXT_1" HPOS="401" VPOS="2887" HEIGHT="37" WIDTH="116" WC="1" CONTENT="entre"/>
        <SP ID="PAG_00000065_SP000101" HPOS="517" VPOS="2888" WIDTH="20"/>
        <String ID="PAG_00000065_ST000121" STYLEREFS="TXT_1" HPOS="537" VPOS="2888" HEIGHT="51" WIDTH="75" WC="0.04" TYPE="illegible" CONTENT="51"/>
        <SP ID="PAG_00000065_SP000102" HPOS="612" VPOS="2889" WIDTH="31"/>
        <String ID="PAG_00000065_ST000122" STYLEREFS="TXT_1" HPOS="643" VPOS="2889" HEIGHT="50" WIDTH="56" WC="0.92" CONTENT="et"/>
        <SP ID="PAG_00000065_SP000103" HPOS="699" VPOS="2889" WIDTH="1"/>
        <String ID="PAG_00000065_ST000123" STYLEREFS="TXT_1" HPOS="699" VPOS="2889" HEIGHT="50" WIDTH="75" WC="0.92" CONTENT="61"/>
        <SP ID="PAG_00000065_SP000104" HPOS="774" VPOS="2886" WIDTH="27"/>
        <String ID="PAG_00000065_ST000124" STYLEREFS="TXT_1" HPOS="801" VPOS="2886" HEIGHT="51" WIDTH="131" WC="1" CONTENT="(perte"/>
        <SP ID="PAG_00000065_SP000105" HPOS="932" VPOS="2888" WIDTH="23"/>
        <String ID="PAG_00000065_ST000125" STYLEREFS="TXT_1" HPOS="955" VPOS="2888" HEIGHT="38" WIDTH="72" WC="1" CONTENT="des"/>
        <SP ID="PAG_00000065_SP000106" HPOS="1027" VPOS="2881" WIDTH="24"/>
        <String ID="PAG_00000065_ST000126" STYLEREFS="TXT_1" HPOS="1051" VPOS="2881" HEIGHT="55" WIDTH="178" WC="1" CONTENT="dents)."/>
      </TextLine>
    </TextBlock>
    <TextBlock ID="PAG_00000065_TB000008" STYLEREFS="TXT_1" HPOS="417" VPOS="2950" HEIGHT="53" WIDTH="811" language="en">
      <TextLine ID="PAG_00000065_TL000021" STYLEREFS="TXT_1" HPOS="417" VPOS="2950" HEIGHT="53" WIDTH="811">
        <String ID="PAG_00000065_ST000127" STYLEREFS="TXT_1" HPOS="417" VPOS="2956" HEIGHT="31" WIDTH="49" WC="1" CONTENT="12"/>
        <SP ID="PAG_00000065_SP000107" HPOS="466" VPOS="2951" WIDTH="31"/>
        <String ID="PAG_00000065_ST000128" STYLEREFS="TXT_1" HPOS="497" VPOS="2951" HEIGHT="39" WIDTH="101" WC="1" CONTENT="avril"/>
        <SP ID="PAG_00000065_SP000108" HPOS="598" VPOS="2951" WIDTH="26"/>
        <String ID="PAG_00000065_ST000129" STYLEREFS="TXT_1" HPOS="624" VPOS="2951" HEIGHT="52" WIDTH="119" WC="0.99" CONTENT="1918."/>
        <SP ID="PAG_00000065_SP000109" HPOS="743" VPOS="2951" WIDTH="33"/>
        <String ID="PAG_00000065_ST000130" STYLEREFS="TXT_1" HPOS="776" VPOS="2951" HEIGHT="39" WIDTH="115" WC="1" CONTENT="Prise"/>
        <SP ID="PAG_00000065_SP000110" HPOS="891" VPOS="2950" WIDTH="28"/>
        <String ID="PAG_00000065_ST000131" STYLEREFS="TXT_1" HPOS="919" VPOS="2950" HEIGHT="53" WIDTH="309" WC="0.99" CONTENT="d'enipreintes."/>
      </TextLine>
    </TextBlock>
    <TextBlock ID="PAG_00000065_TB000009" STYLEREFS="TXT_1" HPOS="339" VPOS="3013" HEIGHT="119" WIDTH="1623" language="en">
      <TextLine ID="PAG_00000065_TL000022" STYLEREFS="TXT_1" HPOS="416" VPOS="3013" HEIGHT="55" WIDTH="1546">
        <String ID="PAG_00000065_ST000132" STYLEREFS="TXT_1" HPOS="416" VPOS="3013" HEIGHT="37" WIDTH="50" WC="1" CONTENT="18"/>
        <SP ID="PAG_00000065_SP000111" HPOS="466" VPOS="3016" WIDTH="30"/>
        <String ID="PAG_00000065_ST000133" STYLEREFS="TXT_1" HPOS="496" VPOS="3016" HEIGHT="39" WIDTH="115" WC="0.99" CONTENT="avril."/>
        <SP ID="PAG_00000065_SP000112" HPOS="611" VPOS="3016" WIDTH="21"/>
        <String ID="PAG_00000065_ST000134" STYLEREFS="TXT_1" HPOS="632" VPOS="3016" HEIGHT="39" WIDTH="122" WC="1" CONTENT="Essai"/>
        <SP ID="PAG_00000065_SP000113" HPOS="754" VPOS="3017" WIDTH="20"/>
        <String ID="PAG_00000065_ST000135" STYLEREFS="TXT_1" HPOS="774" VPOS="3017" HEIGHT="39" WIDTH="53" WC="1" CONTENT="de"/>
        <SP ID="PAG_00000065_SP000114" HPOS="827" VPOS="3016" WIDTH="21"/>
        <String ID="PAG_00000065_ST000136" STYLEREFS="TXT_1" HPOS="848" VPOS="3016" HEIGHT="39" WIDTH="218" WC="0.94" CONTENT="reduction,"/>
        <SP ID="PAG_00000065_SP000115" HPOS="1066" VPOS="3014" WIDTH="19"/>
        <String ID="PAG_00000065_ST000137" STYLEREFS="TXT_1" HPOS="1085" VPOS="3014" HEIGHT="41" WIDTH="244" WC="0.98" CONTENT="immediate"/>
        <SP ID="PAG_00000065_SP000116" HPOS="1329" VPOS="3016" WIDTH="21"/>
        <String ID="PAG_00000065_ST000138" STYLEREFS="TXT_1" HPOS="1350" VPOS="3016" HEIGHT="41" WIDTH="72" WC="1" CONTENT="des"/>
        <SP ID="PAG_00000065_SP000117" HPOS="1422" VPOS="3015" WIDTH="22"/>
        <String ID="PAG_00000065_ST000139" STYLEREFS="TXT_1" HPOS="1444" VPOS="3015" HEIGHT="53" WIDTH="216" WC="0.94" CONTENT="fractures&quot;"/>
        <SP ID="PAG_00000065_SP000118" HPOS="1660" VPOS="3015" WIDTH="1"/>
        <String ID="PAG_00000065_ST000140" STYLEREFS="TXT_1" HPOS="1660" VPOS="3015" HEIGHT="53" WIDTH="118" WC="0.94" CONTENT="pour"/>
        <SP ID="PAG_00000065_SP000119" HPOS="1778" VPOS="3018" WIDTH="18"/>
        <String ID="PAG_00000065_ST000141" STYLEREFS="TXT_1" HPOS="1796" VPOS="3018" HEIGHT="38" WIDTH="42" WC="1" CONTENT="la"/>
        <SP ID="PAG_00000065_SP000120" HPOS="1838" VPOS="3030" WIDTH="21"/>
        <String ID="PAG_00000065_ST000142" STYLEREFS="TXT_1" HPOS="1859" VPOS="3030" HEIGHT="38" WIDTH="103" WC="1" CONTENT="pose"/>
      </TextLine>
      <TextLine ID="PAG_00000065_TL000023" STYLEREFS="TXT_1" HPOS="339" VPOS="3068" HEIGHT="64" WIDTH="1023">
        <String ID="PAG_00000065_ST000143" STYLEREFS="TXT_1" HPOS="339" VPOS="3068" HEIGHT="47" WIDTH="124" WC="0.97" CONTENT="d'une"/>
        <SP ID="PAG_00000065_SP000121" HPOS="463" VPOS="3081" WIDTH="23"/>
        <String ID="PAG_00000065_ST000144" STYLEREFS="TXT_1" HPOS="486" VPOS="3081" HEIGHT="48" WIDTH="207" WC="0.98" CONTENT="gouttiere"/>
        <SP ID="PAG_00000065_SP000122" HPOS="693" VPOS="3080" WIDTH="22"/>
        <String ID="PAG_00000065_ST000145" STYLEREFS="TXT_1" HPOS="715" VPOS="3080" HEIGHT="52" WIDTH="148" WC="1" CONTENT="simple"/>
        <SP ID="PAG_00000065_SP000123" HPOS="863" VPOS="3093" WIDTH="23"/>
        <String ID="PAG_00000065_ST000146" STYLEREFS="TXT_1" HPOS="886" VPOS="3093" HEIGHT="26" WIDTH="50" WC="1" CONTENT="en"/>
        <SP ID="PAG_00000065_SP000124" HPOS="936" VPOS="3079" WIDTH="21"/>
        <String ID="PAG_00000065_ST000147" STYLEREFS="TXT_1" HPOS="957" VPOS="3079" HEIGHT="41" WIDTH="225" WC="1" CONTENT="vulcanite."/>
        <SP ID="PAG_00000065_SP000125" HPOS="1182" VPOS="3069" WIDTH="26"/>
        <String ID="PAG_00000065_ST000148" STYLEREFS="TXT_1" HPOS="1208" VPOS="3069" HEIGHT="48" WIDTH="154" WC="0.43" TYPE="illegible" CONTENT="Échc."/>
      </TextLine>
    </TextBlock>
    <TextBlock ID="PAG_00000065_TB000010" STYLEREFS="TXT_1" HPOS="331" VPOS="3193" HEIGHT="140" WIDTH="1634" language="en">
      <TextLine ID="PAG_00000065_TL000024" STYLEREFS="TXT_1" HPOS="399" VPOS="3193" HEIGHT="47" WIDTH="1566">
        <String ID="PAG_00000065_ST000149" STYLEREFS="TXT_1" HPOS="399" VPOS="3193" HEIGHT="40" WIDTH="39" WC="0.87" CONTENT="(1)"/>
        <SP ID="PAG_00000065_SP000126" HPOS="438" VPOS="3197" WIDTH="18"/>
        <String ID="PAG_00000065_ST000150" STYLEREFS="TXT_1" HPOS="456" VPOS="3197" HEIGHT="40" WIDTH="63" WC="1" CONTENT="Cas"/>
        <SP ID="PAG_00000065_SP000127" HPOS="519" VPOS="3200" WIDTH="17"/>
        <String ID="PAG_00000065_ST000151" STYLEREFS="TXT_1" HPOS="536" VPOS="3200" HEIGHT="30" WIDTH="99" WC="0.94" CONTENT="traite"/>
        <SP ID="PAG_00000065_SP000128" HPOS="635" VPOS="3202" WIDTH="16"/>
        <String ID="PAG_00000065_ST000152" STYLEREFS="TXT_1" HPOS="651" VPOS="3202" HEIGHT="38" WIDTH="59" WC="1" CONTENT="par"/>
        <SP ID="PAG_00000065_SP000129" HPOS="710" VPOS="3200" WIDTH="17"/>
        <String ID="PAG_00000065_ST000153" STYLEREFS="TXT_1" HPOS="727" VPOS="3200" HEIGHT="30" WIDTH="30" WC="0.98" CONTENT="le"/>
        <SP ID="PAG_00000065_SP000130" HPOS="757" VPOS="3200" WIDTH="17"/>
        <String ID="PAG_00000065_ST000154" STYLEREFS="TXT_1" HPOS="774" VPOS="3200" HEIGHT="31" WIDTH="145" WC="1" CONTENT="dentiste"/>
        <SP ID="PAG_00000065_SP000131" HPOS="919" VPOS="3200" WIDTH="17"/>
        <String ID="PAG_00000065_ST000155" STYLEREFS="TXT_1" HPOS="936" VPOS="3200" HEIGHT="30" WIDTH="157" WC="1" CONTENT="militaire"/>
        <SP ID="PAG_00000065_SP000132" HPOS="1093" VPOS="3199" WIDTH="17"/>
        <String ID="PAG_00000065_ST000156" STYLEREFS="TXT_1" HPOS="1110" VPOS="3199" HEIGHT="30" WIDTH="127" WC="1" CONTENT="Adrien"/>
        <SP ID="PAG_00000065_SP000133" HPOS="1237" VPOS="3198" WIDTH="21"/>
        <String ID="PAG_00000065_ST000157" STYLEREFS="TXT_1" HPOS="1258" VPOS="3198" HEIGHT="41" WIDTH="169" WC="1" CONTENT="Gaignon,"/>
        <SP ID="PAG_00000065_SP000134" HPOS="1427" VPOS="3201" WIDTH="11"/>
        <String ID="PAG_00000065_ST000158" STYLEREFS="TXT_1" HPOS="1438" VPOS="3201" HEIGHT="29" WIDTH="126" WC="0.99" CONTENT="ancien"/>
        <SP ID="PAG_00000065_SP000135" HPOS="1564" VPOS="3200" WIDTH="27"/>
        <String ID="PAG_00000065_ST000159" STYLEREFS="TXT_1" HPOS="1591" VPOS="3200" HEIGHT="31" WIDTH="83" WC="0.99" CONTENT="chef"/>
        <SP ID="PAG_00000065_SP000136" HPOS="1674" VPOS="3201" WIDTH="21"/>
        <String ID="PAG_00000065_ST000160" STYLEREFS="TXT_1" HPOS="1695" VPOS="3201" HEIGHT="29" WIDTH="40" WC="0.98" CONTENT="de"/>
        <SP ID="PAG_00000065_SP000137" HPOS="1735" VPOS="3201" WIDTH="25"/>
        <String ID="PAG_00000065_ST000161" STYLEREFS="TXT_1" HPOS="1760" VPOS="3201" HEIGHT="30" WIDTH="205" WC="1" CONTENT="laboratoire"/>
      </TextLine>
      <TextLine ID="PAG_00000065_TL000025" STYLEREFS="TXT_1" HPOS="336" VPOS="3233" HEIGHT="56" WIDTH="1628">
        <String ID="PAG_00000065_ST000162" STYLEREFS="TXT_1" HPOS="336" VPOS="3233" HEIGHT="32" WIDTH="42" WC="0.98" CONTENT="du"/>
        <SP ID="PAG_00000065_SP000138" HPOS="378" VPOS="3240" WIDTH="17"/>
        <String ID="PAG_00000065_ST000163" STYLEREFS="TXT_1" HPOS="395" VPOS="3240" HEIGHT="36" WIDTH="128" WC="1" CONTENT="Centre"/>
        <SP ID="PAG_00000065_SP000139" HPOS="523" VPOS="3247" WIDTH="21"/>
        <String ID="PAG_00000065_ST000164" STYLEREFS="TXT_1" HPOS="544" VPOS="3247" HEIGHT="30" WIDTH="41" WC="1" CONTENT="de"/>
        <SP ID="PAG_00000065_SP000140" HPOS="585" VPOS="3246" WIDTH="23"/>
        <String ID="PAG_00000065_ST000165" STYLEREFS="TXT_1" HPOS="608" VPOS="3246" HEIGHT="42" WIDTH="162" WC="0.98" CONTENT="prothese"/>
        <SP ID="PAG_00000065_SP000141" HPOS="770" VPOS="3246" WIDTH="26"/>
        <String ID="PAG_00000065_ST000166" STYLEREFS="TXT_1" HPOS="796" VPOS="3246" HEIGHT="32" WIDTH="151" WC="1" CONTENT="dentaire"/>
        <SP ID="PAG_00000065_SP000142" HPOS="947" VPOS="3245" WIDTH="18"/>
        <String ID="PAG_00000065_ST000167" STYLEREFS="TXT_1" HPOS="965" VPOS="3245" HEIGHT="32" WIDTH="42" WC="1" CONTENT="de"/>
        <SP ID="PAG_00000065_SP000143" HPOS="1007" VPOS="3241" WIDTH="16"/>
        <String ID="PAG_00000065_ST000168" STYLEREFS="TXT_1" HPOS="1023" VPOS="3241" HEIGHT="42" WIDTH="64" WC="0.91" CONTENT="I'A."/>
        <SP ID="PAG_00000065_SP000144" HPOS="1087" VPOS="3246" WIDTH="20"/>
        <String ID="PAG_00000065_ST000169" STYLEREFS="TXT_1" HPOS="1107" VPOS="3246" HEIGHT="30" WIDTH="33" WC="1" CONTENT="F."/>
        <SP ID="PAG_00000065_SP000145" HPOS="1140" VPOS="3245" WIDTH="20"/>
        <String ID="PAG_00000065_ST000170" STYLEREFS="TXT_1" HPOS="1160" VPOS="3245" HEIGHT="31" WIDTH="44" WC="0.93" CONTENT="O."/>
        <SP ID="PAG_00000065_SP000146" HPOS="1204" VPOS="3245" WIDTH="20"/>
        <String ID="PAG_00000065_ST000171" STYLEREFS="TXT_1" HPOS="1224" VPOS="3245" HEIGHT="41" WIDTH="162" WC="0.99" CONTENT="Appareil"/>
        <SP ID="PAG_00000065_SP000147" HPOS="1386" VPOS="3246" WIDTH="19"/>
        <String ID="PAG_00000065_ST000172" STYLEREFS="TXT_1" HPOS="1405" VPOS="3246" HEIGHT="31" WIDTH="142" WC="0.97" CONTENT="execute"/>
        <SP ID="PAG_00000065_SP000148" HPOS="1547" VPOS="3257" WIDTH="17"/>
        <String ID="PAG_00000065_ST000173" STYLEREFS="TXT_1" HPOS="1564" VPOS="3257" HEIGHT="31" WIDTH="60" WC="1" CONTENT="par"/>
        <SP ID="PAG_00000065_SP000149" HPOS="1624" VPOS="3249" WIDTH="22"/>
        <String ID="PAG_00000065_ST000174" STYLEREFS="TXT_1" HPOS="1646" VPOS="3249" HEIGHT="29" WIDTH="31" WC="0.98" CONTENT="le"/>
        <SP ID="PAG_00000065_SP000150" HPOS="1677" VPOS="3249" WIDTH="17"/>
        <String ID="PAG_00000065_ST000175" STYLEREFS="TXT_1" HPOS="1694" VPOS="3249" HEIGHT="40" WIDTH="133" WC="1" CONTENT="caporal"/>
        <SP ID="PAG_00000065_SP000151" HPOS="1827" VPOS="3247" WIDTH="29"/>
        <String ID="PAG_00000065_ST000176" STYLEREFS="TXT_1" HPOS="1856" VPOS="3247" HEIGHT="31" WIDTH="108" WC="0.96" CONTENT="meca-" SUBS_TYPE="HypPart1" SUBS_CONTENT="mecanicicn-dentiste"/>
        <HYP HPOS="1964" VPOS="3278" WIDTH="30" CONTENT="-"/>
      </TextLine>
      <TextLine ID="PAG_00000065_TL000026" STYLEREFS="TXT_1" HPOS="331" VPOS="3283" HEIGHT="50" WIDTH="933">
        <String ID="PAG_00000065_ST000177" STYLEREFS="TXT_1" HPOS="331" VPOS="3283" HEIGHT="42" WIDTH="274" WC="0.94" CONTENT="nicicn-dentiste" SUBS_TYPE="HypPart2" SUBS_CONTENT="mecanicicn-dentiste"/>
        <SP ID="PAG_00000065_SP000152" HPOS="605" VPOS="3294" WIDTH="19"/>
        <String ID="PAG_00000065_ST000178" STYLEREFS="TXT_1" HPOS="624" VPOS="3294" HEIGHT="31" WIDTH="38" WC="1" CONTENT="C."/>
        <SP ID="PAG_00000065_SP000153" HPOS="662" VPOS="3295" WIDTH="19"/>
        <String ID="PAG_00000065_ST000179" STYLEREFS="TXT_1" HPOS="681" VPOS="3295" HEIGHT="38" WIDTH="240" WC="1" CONTENT="Blancheland,"/>
        <SP ID="PAG_00000065_SP000154" HPOS="921" VPOS="3296" WIDTH="19"/>
        <String ID="PAG_00000065_ST000180" STYLEREFS="TXT_1" HPOS="940" VPOS="3296" HEIGHT="29" WIDTH="44" WC="1" CONTENT="du"/>
        <SP ID="PAG_00000065_SP000155" HPOS="984" VPOS="3295" WIDTH="17"/>
        <String ID="PAG_00000065_ST000181" STYLEREFS="TXT_1" HPOS="1001" VPOS="3295" HEIGHT="29" WIDTH="108" WC="0.97" CONTENT="meme"/>
        <SP ID="PAG_00000065_SP000156" HPOS="1109" VPOS="3291" WIDTH="20"/>
        <String ID="PAG_00000065_ST000182" STYLEREFS="TXT_1" HPOS="1129" VPOS="3291" HEIGHT="33" WIDTH="135" WC="1" CONTENT="Centre."/>
      </TextLine>
    </TextBlock>
    </PrintSpace>
    </Page>
  </Layout>
</alto>