2372 3894
960 573 45 50 A
1052 566 334 79 diagnostic
1438 580 298 64 symptom

591 721 58 59 in
702 726 388 59 constriction
1143 726 71 59 of
1256 727 100 56 the
1401 728 121 78 jaw
1572 724 70 59 of
1683 722 209 80 reflex
1892 722 210 80 origin

973 927 71 54 By
1080 928 76 41 Dr.
1195 928 226 40 MAURICE
1460 926 141 49 ROY,

770 1008 153 31 Dentiste
943 1010 57 29 des
1017 1010 175 40 hopitaux,
1211 1010 191 40 professeur
1419 1009 16 29 a
1454 998 121 41 THcole
1595 1010 149 29 dentairc
1764 1010 39 28 de
1825 1009 100 29 Paris.

622 1360 94 42 The
738 1360 192 43 number
953 1360 45 40 of
1022 1360 276 43 constricted
1320 1360 111 54 jaws
1455 1360 86 42 due
1566 1365 46 37 to
1637 1373 92 28 war
1751 1360 188 41 wounds
1961 1359 37 41 is
2022 1346 134 53 consi,

536 1436 194 43 derable.
813 1437 128 54 They
963 1450 74 28 are
1060 1436 302 42 attributable
1385 1441 47 36 to
1455 1450 140 40 many
1616 1450 170 35 causes,
1811 1436 99 48 but,
1934 1440 48 36 to
2006 1449 26 27 a
2054 1433 104 44 very

535 1512 120 54 large
685 1517 173 44 extent,
889 1527 109 39 may
1026 1514 55 40 be
1112 1512 185 42 divided
1325 1512 97 40 into
1453 1516 90 36 two
1573 1512 221 54 principal
1824 1512 260 53 categories,
2115 1511 43 33 as

533 1588 146 42 follows
679 1588 56 42 :
771 1601 37 28 i.
842 1589 326 41 Constrictions
1198 1589 45 40 of
1274 1588 181 53 organic
1485 1588 156 52 origin,
1674 1588 218 54 resulting
1920 1589 117 41 from
2068 1585 91 42 scar

536 1665 140 42 tissue
704 1665 240 42 adhesions
973 1666 91 41 and
1091 1667 117 39 from
1237 1664 281 42 destruction
1548 1666 45 40 of
1622 1665 183 50 muscle,
1836 1666 116 42 bone
1982 1679 50 27 or
2058 1653 100 51 arti-

537 1741 214 42 culation.
789 1754 38 29 2.
866 1742 326 42 Constrictions
1227 1742 44 40 of
1306 1741 140 42 reflex
1481 1742 155 53 origin.

627 1819 160 42 Reflex
819 1818 331 50 constrictions,
1184 1818 111 41 with
1327 1818 147 41 which
1505 1833 65 28 we
1603 1832 192 41 propose
1828 1824 48 37 to
1910 1819 100 43 deal
2042 1819 117 41 more

539 1895 308 54 particularly,
886 1909 74 28 are
997 1900 94 38 met
1127 1896 112 40 with
1275 1895 144 42 under
1454 1895 183 42 various
1674 1896 364 48 circumstances,
2076 1880 84 54 and

538 1986 108 40 may
671 1976 181 50 present
879 1971 272 43 themselves
1178 1972 129 42 alone
1335 1985 49 27 or
1410 1973 325 53 accompanied
1760 1973 63 55 by
1850 1969 310 46 constrictions

538 2050 44 40 of
611 2048 180 54 organic
818 2048 156 54 origin.
1061 2050 137 49 Thus,
1227 2049 46 41 in
1301 2049 236 43 affections
1565 2050 44 41 of
1638 2050 77 42 the
1742 2051 188 42 wisdom
1957 2048 127 44 teeth
2109 2060 52 12 -

539 2132 48 37 to
606 2127 106 43 take
731 2142 26 26 a
775 2126 158 54 simple
952 2127 207 54 example
1178 2128 316 41 unconnected
1510 2126 111 42 with
1639 2128 188 42 wounds
1846 2128 44 40 of
1909 2128 78 41 the
2005 2127 102 54 jaw
2107 2127 51 54 -

538 2204 78 42 the
642 2203 292 43 constriction
963 2204 219 43 observed
1208 2204 36 42 is
1270 2209 47 37 at
1344 2205 96 41 first
1466 2204 140 42 reflex
1632 2204 45 40 in
1704 2205 234 42 character
1962 2203 92 43 and
2079 2199 81 42 due

538 2288 48 36 to
615 2297 26 27 a
671 2281 229 43 defensive
929 2280 228 43 muscular
1184 2281 201 42 reaction
1415 2281 234 54 provoked
1676 2282 63 54 by
1768 2282 78 41 the
1874 2281 108 55 pain
2009 2278 82 43 felt
2119 2271 41 41 in

538 2359 194 55 opening
770 2359 77 42 the
884 2358 177 49 mouth,
1100 2358 147 42 which
1283 2363 278 44 movement,
1600 2358 63 56 by
1701 2358 249 55 producing
1988 2352 172 47 tension

539 2450 58 27 on
631 2437 76 41 the
742 2435 199 43 anterior
974 2435 167 55 pillars,
1177 2450 155 27 causes
1367 2450 26 27 a
1426 2435 280 54 lancinating
1739 2435 232 43 sensation
2006 2438 48 38 at
2088 2426 72 44 the

538 2513 128 53 point
697 2514 147 42 where
876 2513 77 42 the
983 2512 126 55 layer
1139 2513 45 40 of
1216 2526 185 28 mucosa
1433 2526 156 29 covers
1620 2513 77 42 the
1729 2512 218 43 inflamed
1978 2509 181 44 wisdom

540 2591 153 49 tooth;
726 2591 35 42 it
793 2591 37 42 is
862 2596 80 36 not
975 2590 117 43 until
1124 2589 128 49 later,
1285 2589 131 42 when
1448 2589 77 42 the
1557 2591 118 41 bone
1707 2590 209 53 together
1946 2588 112 42 with
2088 2580 72 44 the

540 2668 239 53 pterygoid
802 2668 91 42 and
914 2673 219 37 masseter
1155 2666 192 44 muscles
1370 2679 74 29 are
1467 2666 219 55 seriously
1707 2667 229 48 involved,
1963 2667 102 40 that
2090 2657 71 44 the

539 2744 295 42 constriction
864 2746 208 42 becomes
1103 2744 194 53 organic.

629 2820 58 42 In
687 2820 118 42 Iwar
834 2823 189 42 wounds
1054 2820 318 44 constrictions
1403 2834 74 28 are
1508 2820 229 55 generally
1767 2821 93 42 also
1894 2822 44 39 of
1971 2836 25 26 a
2028 2814 134 45 refles

541 2895 129 41 order
693 2896 46 41 in
764 2898 77 42 the
864 2899 258 54 beginning,
1149 2900 93 41 and
1265 2897 166 42 caused
1454 2897 64 54 by
1542 2897 230 43 defensive
1795 2897 229 44 muscular
2047 2899 114 37 reac-

540 2972 111 42 tion.
732 2974 192 53 Organic
944 2977 331 49 constrictions,
1297 2989 75 29 are
1392 2974 147 55 rarely
1559 2974 86 43 due
1665 2974 237 56 originally
1921 2980 48 37 to
1989 2971 171 46 lesions,

540 3049 92 44 and
668 3050 77 42 the
781 3057 119 36 most
936 3054 202 55 severely
1172 3053 225 43 wounded
1433 3051 200 55 patients
1670 3052 199 55 scarcely
1904 3065 104 29 ever
2044 3048 117 44 show

540 3131 288 42 contracture
864 3142 59 28 on
958 3131 246 42 admission
1240 3136 48 37 to
1324 3129 220 54 hospital;
1580 3129 253 54 gradually,
1865 3130 221 43 however,
2118 3127 45 32 as

541 3208 78 41 the
655 3205 91 44 soft
783 3210 126 47 parts
944 3206 100 42 heal
1080 3208 92 41 and
1207 3207 77 42 the
1320 3207 117 41 bone
1473 3206 316 50 consolidates,
1828 3206 77 42 the
1942 3201 221 47 tendency

543 3291 49 37 to
618 3279 295 48 constriction
937 3282 234 44 increases.
