3681 5029
125 202 26 40 1
151 202 39 40 5
246 186 39 55 J
285 186 78 55 anv
363 186 39 55 *
402 186 39 55 e
441 186 60 55 r
3396 200 37 33 51

136 284 504 63 ELEGANCES
778 280 441 61 SECRETES
1356 278 113 62 DE
1602 278 112 57 LA

656 380 541 62 PARISIENNE

724 489 131 44 (Suite
855 489 56 44 de
911 489 56 44 la
967 489 94 44 page
1061 489 58 44 8)

138 586 165 37 beaucoup
332 579 41 33 de
405 582 158 33 couleurs
594 580 72 41 plus
698 580 106 37 vives,
837 578 46 32 les

139 629 136 34 modèles
289 624 84 33 alors
388 634 81 24 sont
487 626 81 33 faits
583 624 64 33 très
666 624 218 42 simplement

140 675 210 41 uniquement
392 671 101 32 ornés
539 670 41 32 de
621 669 113 41 points
779 667 105 43 qu'on

141 719 94 33 dirait
251 713 151 35 exécutés
423 727 64 28 par
505 715 59 32 des
582 713 77 33 fées.

182 758 101 37 Parmi
306 757 45 33 les
375 757 120 35 choses
519 757 176 42 originales
719 757 166 42 quelques

142 811 179 29 amusantes
340 802 167 35 chemises
527 803 42 33 de
587 802 72 33 nuit
677 814 40 20 en
736 801 90 33 voile
844 799 42 33 de

142 845 100 44 soie,
242 845 152 44 imprimé
426 860 41 20 en
501 856 79 24 tons
611 846 65 33 très
708 845 102 40 doux,
844 843 42 33 de

141 896 87 32 fleurs
248 903 42 21 ou
313 890 42 33 de
378 890 133 35 dessins
535 890 213 34 contournés.
795 888 90 33 Elles

141 947 68 25 sont
240 935 147 41 simples,
425 936 141 41 plissées
602 934 214 42 souplement
852 940 34 25 et

140 980 160 37 attachées
336 991 66 21 aux
436 980 141 42 épaules
611 991 59 30 par
704 978 42 34 de
780 976 105 44 petits

140 1027 121 33 rubans.
307 1023 90 33 Elles
420 1036 42 21 ne
480 1033 81 25 sont
578 1036 58 29 pas
653 1023 129 33 ourlées
801 1021 85 33 mais

139 1070 126 34 bordées
316 1067 167 35 finement
535 1069 44 32 du
629 1068 109 33 même
788 1067 96 32 tissu.

137 1117 123 31 Premet
297 1112 176 42 supprime
511 1112 84 34 ainsi
630 1112 135 33 l'ourlet
800 1122 87 31 pour

135 1159 97 33 éviter
249 1158 46 31 les
313 1157 204 41 épaisseurs.

171 1203 60 32 Les
251 1201 153 33 coussins
424 1211 64 24 ont
509 1214 67 20 une
595 1212 109 29 vogue
724 1199 101 43 qu'ils
847 1210 41 21 ne

132 1254 185 26 connurent
337 1246 125 41 jamais
487 1255 35 25 et
545 1257 44 21 on
612 1245 44 33 les
679 1245 124 41 empile
826 1255 63 30 par

130 1291 178 33 douzaines
341 1289 85 34 dans
459 1291 46 33 les
540 1289 92 34 coins
663 1288 45 33 du
742 1287 148 35 boudoir

128 1348 38 20 ou
183 1347 57 20 sur
255 1335 46 32 les
317 1333 135 35 divans.
491 1335 48 32 Le
555 1334 45 32 fin
616 1333 44 33 du
676 1333 46 33 fin
739 1332 151 35 consiste

127 1379 242 33 actuellement
405 1378 17 33 à
460 1379 128 33 former
624 1377 41 34 de
701 1376 189 35 véritables

127 1424 102 41 sièges
269 1435 84 21 avec
392 1423 57 33 des
489 1422 153 34 coussins
681 1431 35 24 et
755 1423 137 40 chaque

126 1469 148 51 semaine
315 1467 42 33 de
397 1479 183 22 nouveaux
619 1466 152 34 modèles
813 1474 82 25 sont

125 1513 90 32 créés
251 1520 35 25 et
322 1512 151 41 exposés,
511 1512 89 32 leurs
638 1511 175 34 créateurs
853 1522 41 21 en

124 1557 99 33 étant
247 1557 76 32 fiers
349 1556 18 33 à
390 1557 93 41 juste
505 1556 93 33 titre.
648 1556 139 33 Lanvin
811 1567 42 21 en
878 1567 18 20 a

127 1614 64 20 une
212 1601 85 33 belle
317 1600 180 34 collection
518 1609 35 24 et
573 1612 41 21 en
634 1599 67 34 fait
721 1600 88 34 ainsi
829 1612 67 29 que

125 1646 147 33 certains
294 1645 242 43 couvre-pieds
558 1657 42 20 en
621 1644 159 34 fourrure
803 1644 94 33 noire

126 1698 33 25 et
196 1689 146 34 blanche
376 1689 156 35 formant
570 1689 86 33 ainsi
692 1689 42 34 de
771 1688 125 43 grands

127 1734 159 34 damiers.
347 1733 94 36 Chez
478 1734 150 34 Chéruit
664 1746 46 20 un
748 1735 148 31 luxueux

127 1778 241 42 couvre-pieds
409 1779 42 33 de
492 1779 92 33 satin
625 1778 74 33 noir
740 1778 85 33 dont
866 1777 29 32 le

129 1823 112 33 dessin
263 1823 143 33 Chinois
429 1836 114 29 rouge,
566 1830 76 25 vert
663 1831 34 24 et
716 1823 106 41 jaune
842 1829 51 24 est

129 1868 106 33 brodé
252 1867 84 33 d'un
353 1868 70 32 seul
441 1869 98 41 point
555 1866 152 33 formant
724 1866 85 33 ainsi
827 1877 65 20 une

129 1913 111 33 mince
255 1912 90 41 ligne
361 1921 144 24 courant
522 1923 56 20 sur
593 1911 30 32 le
639 1909 250 42 couvre-pieds.

127 1956 27 32 Il
187 1965 52 24 est
269 1956 127 32 doublé
427 1956 41 33 de
498 1955 69 33 soie
598 1954 83 32 d'un
713 1966 104 29 rouge
848 1952 42 33 de

125 2000 111 34 vieille
255 2000 113 41 laque,
389 1999 186 42 dépassant
596 2007 34 24 et
650 1998 153 33 formant
823 2009 67 21 une

125 2045 92 41 large
244 2043 148 34 bordure
419 2043 138 42 frangée
585 2042 42 33 de
654 2043 94 41 singe
775 2054 57 21 sur
859 2041 29 33 le

127 2090 89 32 satin
241 2089 74 33 noir
340 2087 45 33 du
411 2088 129 34 dessus.
588 2087 63 33 Les
678 2088 106 32 mules
811 2094 78 25 sont

128 2134 220 32 maintenant
384 2141 180 25 couvertes
600 2131 42 33 de
679 2132 132 41 plumes
848 2130 41 33 de

129 2179 150 38 couleur,
315 2178 196 32 nouveauté
546 2176 212 41 charmante,
793 2184 34 25 et
860 2175 29 32 le

130 2223 148 33 bonnets
297 2221 45 33 du
362 2222 110 32 matin
490 2220 137 42 copient
644 2220 46 33 les
709 2221 179 33 anciennes

131 2267 141 33 coiffure
288 2278 192 30 paysannes
496 2266 42 33 de
554 2277 59 20 nos
629 2265 189 41 provinces.

137 2366 209 23 NOUVELLES
387 2359 158 28 POUPÉES
587 2365 95 21 POUR
721 2364 167 23 GRANDES

447 2409 122 23 FILLES

173 2489 62 32 Les
251 2486 143 43 grandes
413 2488 125 41 petites
559 2485 82 34 filles
658 2499 67 29 que
743 2495 78 25 sont
842 2485 46 33 les

131 2532 137 33 femmes
301 2531 202 41 s'engouent
534 2531 132 41 chaque
695 2531 80 41 jour
804 2530 84 33 d'un

126 2577 119 41 joujou
277 2588 159 21 nouveau
468 2589 42 20 en
542 2587 36 21 ce
608 2584 156 25 moment
794 2583 35 26 et
859 2574 29 33 le

127 2621 147 33 cavalier
311 2629 141 24 servant
489 2632 73 21 sera
599 2619 77 33 bien
714 2632 77 29 reçu
830 2618 58 42 qui

127 2674 183 33 apportera
329 2664 18 32 à
367 2676 35 21 sa
421 2665 88 33 belle
527 2676 65 21 une
610 2664 132 41 poupée
761 2663 128 34 inédite

127 2722 86 29 pour
237 2709 115 42 placer
377 2710 111 40 parmi
515 2720 51 21 ses
592 2708 162 33 coussins.
805 2708 84 33 Sou-

126 2762 84 25 vent
236 2766 52 21 ces
317 2754 149 41 poupées
495 2761 80 25 sont
600 2753 287 33 ultra-modernes

126 2810 83 21 avec
234 2797 252 42 d'impossibles
512 2797 131 41 visages
668 2810 41 20 en
735 2796 152 34 chamois

126 2843 111 41 peints
262 2851 35 24 et
321 2841 58 33 des
405 2842 155 34 cheveux
583 2854 119 20 encore
726 2843 75 40 plus
827 2841 61 32 im-

126 2888 163 40 possibles
314 2898 40 21 en
378 2886 90 34 laine
491 2899 44 21 ou
560 2898 39 20 en
624 2886 67 33 soie
714 2887 109 32 floche
846 2885 42 33 de

126 2940 77 24 tons
228 2931 168 33 brillants.
445 2931 94 33 Mais
564 2930 70 32 leur
657 2939 77 33 trop
760 2929 128 43 grande

125 2975 219 34 excentricité
365 2974 132 43 fatigue
519 2975 169 42 peut-être
706 2988 46 20 un
769 2987 65 30 peu
853 2982 34 24 et

956 579 74 41 plus
1057 579 180 34 nouvelles
1264 580 136 44 qu'elles
1424 589 117 21 encore
1567 585 78 24 sont
1671 577 45 32 les

956 624 149 41 poupées
1125 623 90 34 dont
1234 626 212 42 l'apparence
1464 630 33 24 et
1515 622 28 33 le
1562 630 155 24 costume

956 669 143 42 copient
1099 669 71 42 une
1170 669 162 42 période
1346 667 123 35 célèbre
1484 666 40 33 de
1539 666 176 33 l'histoire.

956 712 45 33 Et
1018 713 69 32 l'on
1105 713 79 32 voit
1202 727 42 20 en
1263 715 189 35 miniature,
1469 710 57 33 des
1544 711 172 40 seigneurs

956 765 34 24 et
1019 757 58 33 des
1109 759 151 39 grandes
1290 759 113 33 dames
1431 755 40 33 de
1499 755 30 32 la
1559 767 83 21 cour
1670 754 45 33 du

956 801 147 42 Régent,
1144 814 46 20 ou
1232 803 78 34 bien
1349 802 55 33 des
1441 799 275 42 contemporains

956 845 156 33 d'Alfred
1146 846 44 33 de
1222 848 139 33 Musset
1390 852 75 26 tout
1494 844 156 33 cravatés
1683 852 34 24 et

956 890 68 33 très
1057 890 112 33 droits
1204 891 87 35 dans
1323 893 84 32 leurs
1437 889 137 40 longues
1607 887 111 34 redin-

957 943 95 32 gotes
1074 934 165 35 donnant
1259 937 30 34 le
1308 937 75 32 bras
1403 934 17 33 à
1440 932 55 33 des
1515 932 104 34 Mimi
1639 932 79 33 Pin-

957 991 78 21 sons
1064 991 42 21 en
1135 980 137 34 bonnet
1298 981 82 39 noir,
1407 985 141 25 souvent
1575 977 59 33 des
1662 977 56 32 In-

956 1024 182 42 croyables
1171 1031 270 37 accompagnent
1468 1021 57 33 des
1554 1021 165 34 Merveil-

957 1067 109 35 leuses
1082 1076 36 25 et
1132 1077 83 25 tout
1229 1079 53 25 est
1295 1077 95 27 exact
1403 1066 114 42 depuis
1531 1066 31 33 la
1577 1065 141 34 coiffure

955 1112 193 43 jusqu'aux
1174 1115 142 33 souliers
1340 1122 33 25 et
1396 1112 16 33 à
1436 1111 215 41 l'expression
1677 1109 41 34 de

958 1157 31 32 la
1011 1158 84 32 tête.
1140 1157 160 35 Souvent
1319 1160 28 32 le
1365 1155 173 42 téléphone
1558 1155 103 33 cache
1681 1166 36 21 sa

958 1201 134 34 laideur
1121 1202 205 42 bourgeoise
1353 1213 72 22 sous
1451 1200 44 32 les
1521 1200 99 41 jupes
1650 1199 67 32 très

960 1247 132 41 amples
1126 1246 108 35 d'une
1266 1248 78 34 folle
1374 1244 162 42 marquise
1568 1244 46 32 du
1647 1243 72 33 dix-

961 1290 169 34 huitième
1148 1291 113 35 siècle.

1007 1336 213 41 D'étranges
1262 1335 144 44 poupées
1444 1333 198 42 Japonaises
1684 1340 35 25 et

964 1379 182 34 Chinoises
1164 1380 223 44 écarquillent
1402 1378 82 33 leurs
1501 1390 88 29 yeux
1605 1376 112 33 bridés

964 1425 83 34 chez
1071 1424 208 42 Molyneux.
1327 1424 83 34 Elles
1434 1430 74 24 sont
1531 1422 120 32 vêtues
1677 1421 41 32 de

965 1468 164 35 fastueux
1151 1479 172 24 costumes
1344 1468 179 34 orientaux.
1567 1466 55 33 On
1644 1465 75 33 voit

967 1514 91 33 aussi
1087 1513 86 33 dans
1203 1524 91 24 cette
1321 1513 124 34 maison
1471 1510 40 33 de
1538 1511 68 32 très
1636 1522 82 20 nou-

966 1570 112 21 veaux
1116 1558 153 34 modèles
1308 1558 40 33 de
1384 1555 129 41 lingerie
1550 1555 42 33 de
1630 1554 88 33 laine

967 1602 144 42 adoptés
1138 1614 64 29 par
1228 1603 46 33 les
1301 1603 65 33 très
1390 1600 143 33 frileuses
1560 1611 87 30 pour
1671 1599 46 32 les

967 1655 111 33 temps
1100 1645 120 34 froids.
1268 1648 52 32 En
1341 1646 82 33 laine
1444 1643 161 33 Shetland
1628 1643 90 33 aussi

966 1691 65 33 fine
1046 1703 67 29 que
1128 1690 43 33 de
1187 1691 32 32 la
1236 1691 145 34 dentelle
1394 1688 169 34 travaillée
1578 1700 41 21 en
1636 1699 84 29 rang

965 1735 146 33 alternés
1147 1735 93 33 noirs
1274 1745 35 25 et
1341 1735 108 33 blancs
1481 1741 33 24 et
1545 1732 98 33 ornés
1677 1732 42 32 de

964 1780 110 32 ruban
1106 1779 88 40 noir,
1228 1780 39 33 ils
1300 1786 144 36 peuvent
1473 1777 168 33 satisfaire
1672 1776 45 33 les

962 1823 76 41 plus
1074 1832 186 32 coquettes
1297 1836 55 21 car
1385 1834 49 21 ces
1468 1821 250 33 combinaisons

961 1867 188 41 pantalons
1204 1869 227 33 cache-corset
1480 1866 168 33 semblent
1700 1865 17 32 à

960 1912 167 41 quelques
1150 1924 63 29 pas
1236 1914 72 32 être
1328 1912 162 34 vraiment
1510 1923 39 20 en
1571 1909 148 34 dentelle

959 1964 35 24 et
1022 1957 73 32 leur
1122 1956 145 34 chaleur
1293 1966 51 24 est
1369 1955 181 33 délicieuse.
1600 1954 118 33 Détail

959 2000 68 33 très
1054 2000 200 41 important
1281 2002 21 32 il
1329 2008 74 26 sont
1421 1999 25 32 si
1465 1999 132 42 souples
1617 1998 101 43 qu'ils

960 2056 41 21 ne
1018 2044 211 42 grossissent
1246 2059 61 29 pas
1325 2045 43 33 du
1386 2052 83 25 tout.

1002 2089 261 34 Oserons-nous
1308 2088 137 35 aborder
1485 2088 30 32 la
1558 2087 159 43 question

958 2132 164 34 brûlante
1142 2132 47 33 du
1210 2135 100 33 corset
1310 2135 43 33 ?
1370 2133 123 33 Toutes
1511 2132 45 33 les
1575 2132 142 33 femmes

958 2189 34 21 se
1030 2177 150 33 récrient
1218 2180 215 32 maintenant
1466 2177 136 41 qu'elles
1640 2176 76 33 n'en

958 2230 143 32 portent
1135 2222 114 41 point,
1287 2236 45 20 un
1366 2229 114 31 corset,
1515 2221 83 33 mais
1634 2221 83 32 c'est

958 2266 191 42 presqu'un
1183 2266 60 34 des
1248 2268 152 33 honneur
1417 2266 6 33 !
1462 2265 98 33 Enfin
1585 2277 133 21 comme

958 2310 183 42 beaucoup
1176 2310 137 35 d'entre
1346 2322 79 22 nous
1457 2318 75 25 sont
1564 2318 79 25 tout
1676 2309 42 33 de

958 2355 112 33 même
1089 2354 134 34 forcées
1244 2356 133 34 d'avoir
1394 2367 34 20 ce
1446 2354 136 42 qu'elles
1602 2354 116 42 appel-

958 2398 83 42 lent,
1051 2399 123 42 quand
1183 2400 81 33 elles
1274 2409 79 25 sont
1366 2399 118 33 forcées
1498 2399 40 33 de
1551 2399 164 39 l'avouer,

957 2456 67 21 une
1056 2443 171 42 ceinture,
1259 2445 198 42 Molyneux,
1488 2444 57 42 qui
1577 2443 140 33 connaît

958 2496 78 25 tous
1063 2500 61 21 nos
1153 2498 141 32 secrets,
1324 2502 17 21 a
1369 2488 114 33 trouvé
1507 2500 86 30 pour
1618 2487 97 33 celles

958 2533 58 41 qui
1042 2545 42 21 en
1109 2541 66 24 ont
1201 2533 121 34 besoin
1347 2546 44 20 un
1414 2532 127 34 modèle
1565 2545 41 21 en
1632 2544 84 20 nou-

958 2589 87 21 veau
1070 2577 88 32 tissu
1181 2578 72 33 soie
1274 2587 35 25 et
1329 2586 98 25 coton
1447 2577 17 32 à
1486 2577 107 33 dessin
1657 2576 57 33 nid

957 2621 168 33 d'abeilles
1189 2630 190 26 soutenant
1390 2621 73 33 bien
1475 2630 74 24 tout
1562 2634 39 21 en
1617 2621 98 32 étant

957 2666 130 42 souple.
1133 2665 28 33 Il
1183 2668 173 41 remplace
1376 2667 27 32 le
1421 2666 98 33 tricot
1538 2666 41 33 de
1598 2674 118 24 caout-

957 2710 109 33 chouc
1110 2718 82 25 tout
1237 2724 42 20 en
1324 2712 138 40 n'ayant
1503 2723 111 21 aucun
1657 2709 58 34 des

956 2754 257 41 désavantages
1243 2756 43 33 de
1314 2769 36 20 ce
1376 2746 91 41 tissu.
1517 2756 27 32 Il
1572 2768 34 20 se
1633 2755 84 32 bou-

958 2807 106 25 tonne
1084 2798 135 34 devant
1239 2809 35 24 et
1294 2800 151 33 contient
1463 2808 75 24 tout
1555 2801 93 40 juste
1668 2799 48 32 six

957 2843 163 38 baleines,
1149 2843 162 42 derrière,
1340 2857 40 20 au
1407 2844 61 32 lieu
1496 2844 56 33 des
1580 2843 136 34 anciens

957 2887 117 41 lacets,
1095 2888 170 42 quelques
1286 2888 126 34 bandes
1431 2888 198 43 d'élastique
1649 2888 67 32 très

957 2932 123 33 solides
1109 2932 146 34 laissent
1285 2947 42 20 au
1356 2933 58 32 dos
1441 2941 93 25 toute
1562 2946 36 20 sa
1626 2932 92 33 flexi-

958 2976 106 33 bilité.
1556 2978 51 32 M.
1627 2977 44 32 H.

128 3114 299 88 BIJOUX
452 3114 554 62 ARTIFICIELS
1036 3118 218 60 MAIS
1276 3116 438 62 PRECIEUX

721 3217 127 45 (Suite
848 3217 54 45 de
902 3217 54 45 la
956 3217 91 45 page
1047 3217 93 45 4.6)

122 3311 122 43 bijoux
244 3311 210 43 artificiels
454 3311 52 43 ne
506 3311 87 43 sont
593 3311 70 43 que
663 3311 89 43 des
772 3312 114 33 imita-

122 3357 90 33 tions
242 3355 199 34 inférieures
472 3357 59 33 des
563 3355 115 42 bijoux
706 3357 111 40 vrais;
848 3368 37 21 ce

122 3409 89 32 sont,
230 3413 41 21 au
289 3400 184 41 contraire,
492 3401 42 33 de
551 3400 181 34 véritables
749 3412 134 22 œuvres

121 3445 92 34 d'art
230 3445 83 33 dûes
332 3444 18 33 à
369 3444 76 44 des
445 3444 171 44 procédés
616 3444 57 44 si
673 3444 210 44 compliqués

121 3498 34 25 et
175 3490 26 33 si
222 3489 143 33 délicats
385 3502 68 29 que
474 3489 84 40 seul,
578 3501 45 20 un
643 3490 121 33 artiste
783 3490 101 41 digne

120 3534 42 33 de
186 3547 38 21 ce
249 3546 92 27 nom,
368 3534 192 41 possédant
583 3533 30 33 la
639 3536 244 32 connaissance

120 3587 34 24 et
171 3579 146 33 l'amour
334 3577 42 34 de
392 3578 32 33 la
443 3578 142 33 lumière
601 3586 34 24 et
651 3578 58 33 des
727 3588 78 25 tons
823 3578 58 33 des

120 3623 128 41 bijoux,
268 3630 86 34 peut
371 3622 47 33 les
438 3622 136 34 réussir.
615 3623 61 33 Les
696 3625 108 40 perles
824 3622 58 43 qui

120 3667 137 34 imitent
290 3666 27 33 si
351 3667 308 34 minutieusement
690 3668 46 33 les
771 3667 112 34 varia-

119 3712 90 33 tions
235 3712 42 33 de
302 3710 127 34 formes
455 3721 36 24 et
517 3711 146 33 d'orient
688 3712 58 33 des
773 3712 107 43 perles

118 3756 110 33 vraies
274 3763 80 26 sont
400 3756 198 42 composées
644 3755 78 34 d'au
771 3756 109 34 moins

118 3809 113 25 trente
250 3799 191 43 épaisseurs
463 3801 43 33 de
527 3801 32 32 la
580 3800 139 34 matière
741 3802 140 32 imitant

117 3857 41 21 en
176 3846 70 32 cela
264 3845 31 33 la
318 3844 92 42 perle
432 3844 180 41 véritable,
639 3845 26 32 si
692 3845 78 34 bien
796 3845 84 43 qu'il

118 3902 21 29 y
165 3902 42 20 en
243 3902 18 20 a
294 3898 175 25 rarement
505 3889 89 33 deux
626 3889 254 35 d'exactement

117 3924 166 51 pareilles.

161 3979 63 32 Les
255 3977 105 41 rubis,
391 3977 47 34 les
478 3977 133 43 saphirs
650 3986 34 25 et
713 3979 47 33 les
791 3979 90 32 éme-

117 4023 133 40 raudes,
274 4031 172 33 prennent
475 4023 111 33 forme
610 4034 61 30 par
695 4023 30 33 le
754 4022 126 34 travail

116 4066 83 34 d'un
229 4066 208 34 mécanisme
464 4067 249 34 extrêmement
741 4068 137 39 délicat,

115 4111 107 42 dirigé
239 4123 62 30 par
318 4111 32 32 la
368 4112 93 32 main
479 4112 85 33 d'un
583 4112 129 40 artiste,
731 4120 148 26 souvent

115 4155 18 33 à
173 4169 67 20 une
277 4155 237 42 température
554 4155 41 33 de
629 4159 109 39 4000°
772 4156 107 34 centi-

116 4200 130 40 grades.
290 4200 64 32 Les
376 4200 105 41 rubis,
504 4208 80 25 sont
604 4199 56 34 des
682 4201 125 41 pierres
830 4213 49 20 re-

114 4244 207 34 construites
340 4243 58 34 des
418 4246 127 40 petites
564 4244 123 41 pierres
706 4254 35 25 et
759 4246 118 39 éclats,

115 4288 129 34 réduits
272 4301 41 20 en
341 4285 132 45 poudre
501 4297 35 25 et
563 4288 172 35 fusionnés
764 4291 18 32 à
811 4302 66 20 une

115 4333 67 33 très
214 4334 106 32 haute
351 4334 246 41 température.
651 4333 49 34 Ce
731 4333 145 43 procédé

115 4377 88 33 n'est
223 4390 59 30 pas
304 4377 193 42 applicable
518 4390 66 21 aux
604 4378 131 41 saphirs
756 4388 34 25 et
810 4390 67 21 aux

113 4422 211 39 émeraudes,
358 4434 54 20 ces
446 4423 126 41 pierres
606 4422 148 41 perdant
786 4424 89 32 leurs

113 4467 154 33 couleurs
309 4466 18 32 à
368 4478 67 21 une
475 4466 234 42 température
749 4467 125 34 élevée.

114 4510 61 33 Les
199 4510 132 42 saphirs
354 4518 35 25 et
411 4511 45 32 les
479 4511 199 33 émeraudes
701 4511 173 34 artificiels

113 4563 78 24 sont
215 4555 79 33 faits
319 4566 84 21 avec
426 4555 46 33 les
496 4555 164 33 éléments
684 4556 189 42 chimiques

113 4598 57 33 des
197 4600 124 41 pierres
347 4599 123 41 vraies,
496 4599 175 34 fusionnés
697 4609 35 24 et
758 4600 117 34 recris-

114 4643 126 33 tallisés
271 4643 42 33 de
344 4643 31 32 la
407 4645 111 33 même
548 4644 150 34 manière
728 4658 67 29 que
825 4645 47 32 les

115 4687 102 33 rubis.
261 4688 48 32 La
327 4686 114 34 fusion
459 4688 103 33 d'une
580 4688 91 33 seule
688 4689 109 41 pierre
815 4688 58 34 de-

114 4732 124 33 mande
251 4732 41 32 de
307 4731 82 33 trois
404 4732 17 32 à
436 4732 56 34 dix
509 4733 131 40 heures,
653 4741 35 25 et
706 4734 165 42 quelques

956 3322 172 25 moments
1150 3313 252 35 d'inattention
1422 3324 148 32 peuvent
1591 3316 125 32 anéan-

956 3358 71 42 tir
1027 3358 196 42 l'ouvrage.
1223 3358 53 42 Si
1276 3358 53 42 la
1329 3358 233 42 température
1575 3360 140 33 devient

955 3410 78 34 trop
1050 3403 147 40 intense,
1214 3403 31 34 le
1261 3404 144 33 résultat
1418 3403 126 34 obtenu
1561 3417 72 21 sera
1649 3417 67 21 une

954 3459 112 21 masse
1091 3447 130 34 noircie
1251 3461 45 20 ou
1330 3448 63 42 gris
1425 3448 138 42 cendré;
1595 3449 26 33 si
1653 3450 61 33 elle

954 3491 148 34 descend
1132 3500 80 33 trop
1242 3492 74 41 bas,
1345 3493 30 33 la
1403 3504 107 22 masse
1538 3493 176 34 incandes-

953 3545 99 25 cente
1070 3549 35 20 se
1123 3536 182 35 refroidira
1324 3546 34 24 et
1374 3537 44 33 les
1437 3538 121 40 petites
1577 3546 136 34 gouttes

953 3581 59 41 qui
1033 3580 166 34 tombant
1219 3594 68 21 une
1308 3582 17 33 à
1346 3594 64 20 une
1429 3576 83 39 dans
1532 3583 29 33 le
1581 3592 133 24 creuset

953 3637 41 21 ne
1018 3625 246 34 fusionneront
1288 3639 61 29 pas
1374 3638 81 21 avec
1478 3627 70 33 elle.
1596 3628 117 32 Même

952 3668 137 44 lorsque
1108 3678 80 24 tous
1208 3683 55 20 ces
1283 3671 143 41 dangers
1445 3680 76 24 sont
1539 3672 119 40 évités,
1678 3681 34 24 et

951 3726 67 29 que
1036 3711 30 36 la
1084 3714 112 42 pierre
1213 3724 53 24 est
1284 3715 119 33 retirée
1420 3714 43 33 du
1481 3725 132 25 creuset
1630 3729 83 21 avec

951 3770 46 21 un
1022 3759 74 33 soin
1122 3758 110 41 infini,
1259 3760 21 32 il
1306 3760 76 33 faut
1405 3772 117 22 encore
1546 3761 31 33 la
1602 3761 112 33 tailler

951 3811 34 24 et
1011 3803 30 33 la
1068 3802 99 43 polir,
1194 3812 36 24 et
1255 3817 38 20 ce
1319 3804 86 33 n'est
1429 3816 60 29 pas
1514 3818 66 21 une
1604 3806 109 42 petite

951 3847 111 41 tâche,
1090 3859 58 21 car
1174 3860 55 20 ces
1256 3849 125 41 pierres
1407 3848 201 35 artificielles
1635 3859 78 24 sont

950 3891 88 33 alors
1067 3892 77 41 plus
1170 3891 103 35 dures
1300 3906 66 29 que
1390 3892 56 33 des
1475 3894 123 41 pierres
1627 3895 86 33 véri-

951 3936 122 33 tables.

995 3981 103 33 Cette
1117 3980 211 35 fabrication
1347 3981 41 33 de
1407 3981 115 42 bijoux
1541 3983 171 34 artificiels

950 4033 62 32 est,
1032 4025 85 33 ainsi
1136 4025 108 41 qu'on
1262 4026 30 33 le
1310 4026 83 39 voit,
1411 4038 45 20 un
1474 4036 53 24 art
1543 4041 42 20 en
1603 4028 110 33 même

950 4076 111 35 temps
1084 4070 131 41 qu'une
1238 4070 177 40 industrie,
1438 4079 34 24 et
1493 4073 120 33 mérite
1635 4073 77 32 bien

949 4114 105 40 qu'on
1080 4114 46 33 les
1153 4123 121 25 monte
1300 4127 82 21 avec
1407 4124 124 25 autant
1555 4117 42 34 de
1622 4117 90 33 soins

949 4159 105 40 qu'on
1083 4158 104 33 ferait
1216 4159 43 33 de
1288 4159 182 33 véritables
1500 4161 137 42 bijoux;
1666 4161 45 33 du

949 4202 141 41 platine,
1107 4202 59 33 des
1183 4204 92 32 vrais
1292 4204 172 33 diamants
1480 4213 34 24 et
1529 4206 29 33 le
1574 4206 75 42 plus
1665 4206 47 32 fin

948 4247 125 33 travail
1092 4247 236 34 embellissent
1346 4260 52 21 ces
1417 4257 176 27 montures
1613 4259 34 24 et
1666 4250 46 34 les

943 4290 133 43 joyaux
1108 4291 175 34 artificiels
1316 4306 41 20 ne
1388 4301 79 25 sont
1498 4307 60 29 pas
1591 4295 120 33 traités

947 4347 133 22 comme
1110 4335 58 33 des
1200 4336 120 42 bijoux
1349 4338 66 32 bon
1446 4339 148 41 marché,
1625 4340 85 32 mais

947 4391 84 22 avec
1050 4381 46 32 les
1117 4381 213 34 restrictions
1351 4390 34 25 et
1404 4381 29 33 le
1453 4383 83 40 goût
1556 4397 66 29 que
1642 4384 68 33 l'on

946 4433 146 33 apporte
1112 4424 17 33 à
1150 4424 32 33 la
1202 4435 160 24 monture
1381 4426 58 33 des
1459 4428 90 32 vrais
1567 4429 142 41 joyaux,

946 4467 38 34 ils
1008 4477 79 25 sont
1109 4468 105 35 d'une
1236 4470 126 34 beauté
1384 4470 42 33 de
1448 4470 141 36 lumière
1611 4481 35 25 et
1668 4473 42 33 de

945 4513 139 34 couleur
1106 4513 25 32 si
1155 4514 140 42 grande,
1318 4515 83 43 qu'il
1424 4514 76 34 faut
1522 4529 45 21 un
1590 4526 120 33 expert

944 4569 87 29 pour
1051 4557 136 33 décider
1207 4559 26 32 si
1254 4572 37 21 ce
1311 4567 79 26 sont
1410 4559 67 43 des
1477 4559 169 43 produits
1667 4561 42 34 de

942 4601 81 34 l'art
1052 4615 44 20 ou
1128 4601 43 34 de
1202 4603 31 33 la
1265 4613 134 31 nature,
1431 4612 35 25 et
1496 4606 76 40 plus
1604 4605 104 34 d'une

942 4645 127 35 femme
1095 4646 46 33 du
1170 4648 126 33 monde
1322 4649 72 32 leur
1421 4660 18 21 a
1467 4648 78 43 déjà
1573 4650 134 33 réservé

943 4702 66 22 une
1027 4691 107 42 place,
1157 4691 26 32 si
1207 4692 156 34 modeste
1381 4692 158 42 soit-elle,
1558 4694 86 33 dans
1669 4707 35 20 sa

940 4743 162 25 cassette.

2666 1367 130 49 Robe
2831 1386 114 44 pour
2981 1367 40 51 la
3061 1369 175 49 Riviera

2818 1468 53 49 C

2818 1466 146 52 Créée
3000 1487 80 45 par

2742 1567 218 51 Madame
3001 1569 165 50 Morris

2940 1904 405 116 ~q~r-t~

2560 2010 54 66 <2
3048 1970 260 86 -~

2571 2195 176 60 40-41
2792 2194 93 62 Gt.
2920 2195 180 60 Castle
3135 2195 190 68 Street,

2711 2322 340 56 LONDRES,
3088 2322 102 49 W.l

1845 2992 353 118 t~t~L
2491 2992 887 118 ELIZABETHARDEN

2774 3097 33 44 la
2867 3114 92 41 gran
2962 3097 25 43 d
2991 3116 22 25 e
3063 3095 179 46 dermato
3245 3096 10 45 l
3259 3117 23 25 o
3285 3115 23 40 g
3309 3099 70 42 iste

2769 3158 131 45 Amér
2902 3160 11 41 i
2915 3176 109 26 caine
3045 3157 99 45 dont
3168 3156 53 46 les
3249 3177 87 25 succ
3338 3161 21 41 è
3361 3177 17 25 s

2768 3225 43 38 éc
2814 3219 9 44 l
2826 3230 126 34 atants
2996 3230 68 33 ont
3109 3226 92 37 révo
3204 3218 10 45 l
3219 3230 39 34 ut
3261 3221 12 42 i
3275 3226 102 38 onné

2768 3292 109 33 toute
2950 3279 250 57 l'Amérique
3272 3299 24 25 v
3299 3282 10 42 i
3312 3292 63 33 ent

2767 3340 39 46 d'
2810 3358 98 29 ouvr
2909 3343 12 42 i
2925 3358 16 27 r
2975 3347 22 38 à
3032 3341 77 44 Par
3111 3342 11 43 i
3125 3360 17 25 s
3169 3359 53 27 un
3256 3341 53 45 Sa
3313 3341 10 45 l
3326 3361 50 25 on

2766 3401 51 46 oà
2880 3414 129 34 toutes
3062 3401 53 45 les
3168 3420 209 39 personnes

2766 3463 97 46 dont
2902 3463 35 45 le
2979 3465 110 50 teint,
3136 3462 35 46 le
3213 3476 164 33 contour

2764 3524 110 46 facial
2910 3536 56 33 est
3001 3524 51 45 dé
3055 3525 14 44 f
3071 3536 166 33 ectueux
3259 3543 117 39 pour-

2916 3663 107 28 remè
3024 3646 26 45 d
3054 3666 22 25 e
3096 3649 229 44 instantané.

2919 3717 108 42 LE
3160 3718 212 43 NOM

2920 3771 451 46 D'ELIZABETH

2916 3829 263 42 ARDEN
3246 3830 128 42 EST

2915 3883 217 43 CONNU
3158 3885 61 43 A
3219 3885 154 43 TRA-

2915 3938 180 55 VERS
3167 3941 207 42 TOUTE

2917 3985 393 60 L'AMÉRIQUE.

1862 4066 138 44 Toute
2045 4066 35 44 la
2127 4068 137 44 Presse
2308 4068 153 45 d'outre
2502 4068 240 59 Atlantique
2788 4090 22 24 a
2854 4071 141 57 parlé
2995 4071 94 57 des
3089 4071 284 57 découvertes

1864 4127 290 46 merveilleuses
2207 4128 405 47 d'ELIZABETH
2669 4131 240 53 ARDEN,
2961 4145 38 33 et
3049 4134 68 45 des
3175 4137 198 56 guérisons

1864 4188 274 45 miraculeuses
2173 4189 140 57 qu'elle
2345 4211 21 24 a
2398 4191 203 45 obtenues.

1862 4250 177 43 Aucune
2062 4251 269 56 imperfection
2355 4271 48 26 ne
2426 4253 129 44 résiste
2577 4258 23 39 à
2621 4271 58 26 ses
2701 4255 114 50 soins,
2841 4267 38 33 et
2902 4255 72 45 elle
2997 4275 35 25 a
3046 4255 212 47 découvert
3296 4276 77 26 une

1861 4319 191 47 méthode
2084 4322 203 46 infaillible
2322 4341 99 40 pour
2454 4323 164 46 cultiver
2653 4337 38 32 et
2727 4328 143 43 retenir
2898 4327 37 45 la
2960 4329 187 55 jeunesse,
3174 4328 35 46 la
3231 4329 142 46 beauté

1860 4394 37 33 et
1922 4381 36 45 le
1979 4382 171 47 charme.

1863 4455 76 44 Les
1975 4453 172 48 lectrices
2177 4475 77 38 que
2285 4469 102 33 cette
2420 4458 179 57 question
2632 4459 184 44 intéresse
2849 4459 181 46 n'auront
3065 4461 90 57 qu'à
3198 4480 174 40 envoyer

1859 4516 83 44 leur
1975 4535 91 25 nom
2095 4529 37 33 et
2166 4517 84 45 leur
2274 4518 153 45 adresse
2460 4520 22 43 à
2517 4518 365 47 ELIZABETH
2919 4521 239 54 ARDEN,
3188 4524 83 46 255
3302 4542 70 27 rue

1858 4577 59 45 St.
1952 4577 173 46 Honoré
2157 4596 99 40 pour
2284 4582 173 42 recevoir
2484 4599 95 25 sans
2610 4585 114 54 frais
2756 4580 35 45 le
2823 4582 86 57 plus
2938 4583 183 56 précieux
3149 4587 97 54 petit
3277 4585 95 46 livre

1857 4638 122 57 qu'on
2013 4641 51 43 ait
2097 4641 133 55 jamais
2262 4642 94 43 écrit
2388 4658 65 28 sur
2486 4641 34 44 le
2552 4643 100 55 sujet
2685 4641 52 46 de
2769 4642 35 45 la
2836 4642 142 46 beauté
3012 4642 197 49 féminine.
