3601 5059
440 234 42 47 3S
3216 220 241 45 VOGUE

452 330 673 100 POUPÉES
1326 354 390 75 POUR
1904 354 646 75 GRANDS
2746 352 709 75 ENFANTS

446 534 127 97 L

585 535 214 34 'ENFANT
851 542 54 26 est
955 534 30 33 le

608 580 80 41 père
711 580 43 32 de
775 579 167 34 l'homme

607 624 150 33 observa
808 636 49 20 un
907 624 79 41 jour

445 667 202 35 tristement
670 669 30 33 le
721 668 104 43 poète
846 663 141 38 Words-

444 712 125 41 worth,
607 720 58 35 en
665 720 158 35 voyant
859 712 128 33 l'indif-

445 756 136 34 férence
611 757 86 33 d'un
728 757 108 42 esprit
866 756 120 34 adulte

444 801 135 33 devant
603 801 47 34 les
675 810 135 25 extases
836 801 42 33 de
902 801 84 33 l'en-

443 845 102 33 fance
584 858 35 21 se
659 847 121 32 créant
818 853 80 26 tout
936 858 46 20 un

443 889 129 34 monde
604 890 214 42 imaginaire.
879 889 104 34 Cette

441 934 145 42 opinion
617 943 53 25 est
699 934 87 34 dans
816 946 66 20 une
912 946 70 20 cer-

441 978 108 34 taine
549 978 145 34 mesure
713 979 83 33 celle
815 978 42 34 de
877 977 53 34 E.
930 977 36 34 0

442 1020 139 44 Hoppe,
610 1030 47 26 un
687 1023 121 33 artiste
836 1022 141 42 anglais,

439 1067 68 42 qui
507 1067 119 42 pense
645 1080 68 30 que
731 1067 46 33 les
796 1066 120 34 heures
936 1066 42 33 de

439 1123 100 30 repos
566 1120 82 25 sont
673 1112 77 42 plus
776 1111 200 42 profitables

438 1155 180 42 lorsqu'on
640 1156 47 33 les
709 1155 146 42 emploie
876 1155 18 33 à
916 1154 59 34 des

435 1200 84 40 jeux
550 1200 44 33 où
627 1200 71 33 l'on
729 1208 85 34 peut
844 1199 132 33 donner

437 1244 87 33 libre
550 1256 100 22 cours
677 1244 18 34 à
722 1257 61 20 son
809 1243 167 42 imagina-

437 1288 76 33 tion
537 1288 119 42 plutôt
679 1289 81 42 qu'à
784 1287 59 34 des
867 1288 106 32 luttes

436 1332 175 42 sportives
654 1333 78 42 plus
774 1345 44 21 ou
862 1331 111 34 moins

435 1377 179 41 truquées.

481 1420 70 34 Cet
586 1421 124 33 artiste
744 1428 53 26 est
832 1432 46 21 un
915 1419 58 34 des

434 1465 210 42 principaux
700 1465 170 33 membres
927 1464 45 32 du

433 1521 134 29 groupe
588 1509 43 34 de
653 1509 90 33 l'Art
764 1508 170 34 décoratif
955 1508 17 33 à

433 1553 169 34 Londres.
663 1553 105 34 Cette
796 1552 128 34 société
955 1565 18 20 a

432 1609 91 29 pour
541 1598 66 33 but
624 1598 43 34 de
685 1598 142 39 donner,
847 1604 126 26 autant

432 1654 70 29 que
537 1641 87 34 faire
660 1654 35 21 se
730 1650 96 34 peut,
863 1640 43 34 de
940 1641 32 33 la

433 1685 129 34 beauté
604 1698 68 21 aux
717 1686 92 33 mille
857 1685 116 42 objets

432 1730 61 41 qui
527 1739 81 24 sont
640 1729 275 43 indispensables
954 1729 18 33 à

432 1774 133 42 l'usage
579 1774 195 43 quotidien.
811 1774 129 42 Hoppe
955 1773 18 33 à

431 1817 93 34 donc
552 1818 67 34 fait
647 1831 68 21 une
744 1830 121 21 œuvre
894 1830 81 21 con-

431 1862 173 34 sidérable
628 1862 221 34 d'ustensiles
874 1861 101 34 fami-

430 1906 78 33 liers
526 1907 168 42 auxquels
711 1907 21 33 il
749 1919 19 20 a
784 1919 39 20 su
840 1905 134 34 donner

429 1962 69 21 une
527 1950 113 34 forme
669 1951 186 42 gracieuse,
887 1959 36 25 et
951 1951 20 32 il

428 1994 101 33 vient
544 1994 184 43 d'exposer
742 2008 47 20 un
805 1995 168 33 délicieux

427 2039 179 33 ensemble
633 2039 44 33 de
704 2039 152 43 poupées
885 2051 99 30 pour.

427 2082 129 41 grands
576 2083 154 34 enfants.
774 2083 94 33 Pour
886 2083 86 33 don-

427 2138 61 21 ner
506 2126 19 33 à
546 2139 52 21 ses
616 2128 119 41 jouets
754 2140 69 21 une
842 2127 130 42 grande

425 2178 37 25 et
496 2166 164 39 nouvelle
694 2171 167 40 émotion,
897 2171 22 33 il
954 2183 18 21 a

427 2214 64 33 mis
510 2228 55 20 en
595 2228 123 21 œuvre
747 2216 225 42 l'esthétique

427 2258 86 43 qu'il
569 2259 153 43 déploya
777 2260 87 32 dans
920 2272 51 21 ses

427 2315 139 21 œuvres
582 2305 139 40 passées
737 2312 35 25 et
787 2304 47 33 les
850 2303 120 34 efforts

427 2347 90 33 dont
541 2348 21 32 il
587 2348 44 33 fît
656 2361 131 29 preuve
811 2348 87 41 dans
923 2348 47 33 les

427 2400 118 24 autres
571 2392 128 34 formes
726 2392 42 33 de
793 2392 82 33 l'art
899 2392 71 42 pic-

428 2436 103 33 tural.
577 2436 70 33 Car
666 2437 128 41 Hoppe
814 2449 19 20 a
853 2449 47 20 un
920 2448 51 21 es-

426 2480 72 40 prit
544 2480 70 33 très
662 2480 108 33 subtil
817 2488 36 26 et
899 2480 70 33 très

426 2524 94 41 divers
520 2524 41 41 ;
592 2525 21 32 il
643 2525 212 33 affectionne
884 2537 85 21 avec

425 2568 165 33 curiosité
624 2569 48 33 les
706 2569 181 34 domaines
921 2569 47 33 les

425 2612 113 33 moins
574 2613 142 33 rebattus
716 2613 48 33 :
799 2613 87 33 c'est
920 2626 47 20 un

424 2656 137 41 peintre
584 2657 88 33 mais
696 2658 86 32 c'est
805 2657 93 33 aussi
920 2670 48 20 un

423 2712 199 22 savoureux
646 2701 250 42 aquarelliste,
934 2710 36 25 et

423 2756 48 21 un
502 2745 236 42 aquafortiste
767 2745 45 34 de
843 2746 125 40 talent,

423 2796 36 25 et
484 2801 64 29 par
574 2789 121 34 dessus
721 2790 31 33 le
777 2790 143 33 marché
947 2791 21 32 il

1176 535 87 50 Un
1301 536 182 48 artiste
1521 536 165 48 arrive
1723 536 26 49 à
1784 536 125 49 faire
1957 536 89 49 des
2088 537 175 60 jouets
2303 536 93 64 qui
2438 535 278 62 dépassent

1182 686 69 49 les
1303 688 224 61 poupées
1580 688 62 47 de
1691 700 140 37 notre
1878 687 216 50 enfance
2143 706 97 44 par
2283 688 115 48 leur
2443 698 272 37 amusante

1181 837 351 60 personnalité
1658 849 50 36 et
1827 837 130 48 leurs
2085 855 150 44 poses
2364 837 350 62 pittoresques

2913 533 82 33 s'est
3036 532 68 34 fait
3143 544 69 21 une
3253 531 193 43 réputation

2913 586 187 25 amusante
3127 576 43 34 de
3198 576 247 43 photographe,

2913 623 150 32 sachant
3094 621 125 34 traiter
3250 621 47 33 les
3329 621 118 42 photo-

2913 666 160 43 graphies
3094 666 18 33 à
3133 678 48 21 un
3202 665 102 43 point
3323 665 42 34 de
3382 678 65 21 vue

2914 711 196 43 artistique,
3157 718 37 26 et
3239 718 126 25 mettre
3407 722 39 21 en

2914 756 125 33 valeur
3064 768 38 21 ce
3133 754 60 43 qui
3226 754 154 34 méritait
3407 754 40 33 de

2914 800 43 34 de
2975 801 108 40 l'être,
3104 799 149 34 sachant
3271 799 176 34 concevoir

2913 845 43 33 de
3006 845 104 33 belles
3162 843 185 41 attitudes,
3392 843 55 34 des

2912 901 147 30 groupes
3112 888 239 41 harmonieux,
3390 887 56 34 des

2911 933 187 43 équilibres
3119 932 91 43 jolis,
3234 941 36 25 et
3290 933 159 33 observer

2912 978 88 33 dans
3033 978 31 33 le
3097 977 218 34 maniement
3346 977 42 34 de
3419 977 29 32 la

2912 1022 167 34 chambre
3114 1022 96 33 noire
3244 1021 47 34 les
3327 1021 121 42 grands

2911 1067 174 43 principes
3107 1066 201 34 décoratifs.

2957 1112 93 33 Pour
3071 1111 95 34 créer
3186 1123 53 21 ses
3260 1111 150 42 poupées
3431 1110 16 33 à

2910 1156 132 42 l'usage
3065 1155 61 34 des
3150 1155 128 42 grands
3301 1154 147 41 enfants,

2910 1201 129 42 Hoppe
3069 1200 85 34 s'est
3183 1200 90 33 servi
3302 1199 43 34 de
3373 1207 75 26 tous

2912 1257 51 21 ses
2988 1244 131 34 talents
3145 1244 203 42 artistiques
3372 1252 35 26 et
3428 1256 21 30 y

2914 1301 18 21 a
2945 1290 119 41 ajouté
3075 1301 49 21 un
3136 1301 78 21 sens
3226 1288 69 34 très
3308 1288 141 43 marqué

2913 1333 44 34 de
2977 1334 32 33 la
3031 1334 206 33 caricature.
3276 1333 97 34 Avec
3393 1328 56 38 des

2914 1390 186 22 morceaux
3115 1377 43 34 de
3173 1377 84 42 cuir,
3274 1377 59 34 des
3349 1377 100 34 bouts

2915 1423 43 33 de
2989 1422 86 42 bois,
3108 1422 46 33 du
3185 1421 36 34 fil
3252 1422 43 33 de
3325 1421 51 34 fer
3406 1421 42 33 du

2917 1468 131 41 papier,
3074 1467 60 34 des
3159 1466 117 42 tissus,
3303 1466 21 33 il
3351 1479 18 21 a
3393 1466 58 34 ob-

2917 1520 83 25 tenu
3023 1511 58 34 des
3103 1511 175 42 figurines,
3300 1511 48 34 les
3369 1522 81 22 unes

2917 1556 222 34 charmantes
3163 1555 48 35 les
3237 1564 117 25 autres
3379 1567 73 31 gro-

2917 1609 151 35 tesques,
3078 1609 36 25 et
3126 1600 181 34 articulées
3321 1612 131 21 comme

2918 1645 70 34 des
2988 1645 247 34 marionettes.
3278 1644 104 43 Celui
3382 1644 70 43 qui

2917 1689 47 34 les
2987 1690 115 33 manie
3123 1697 86 35 peut
3229 1689 74 33 leur
3323 1689 130 33 donner

2916 1734 381 42 lessattitudeslesplus
3304 1733 148 34 diverses

2918 1787 36 25 et
2971 1778 47 34 les
3037 1779 78 42 plus
3133 1786 214 33 amusantes,
3366 1778 87 34 leurs

2917 1823 128 34 formes
3068 1832 82 25 sont
3172 1822 217 34 irrésistibles
3413 1822 40 33 de

2918 1867 162 34 drôleries
3099 1876 36 25 et
3154 1867 80 34 elles
3258 1875 81 26 sont
3357 1879 96 21 cons-

2918 1912 125 33 truites
3066 1912 44 34 de
3134 1911 103 43 façon
3263 1912 18 33 à
3308 1911 145 43 pouvoir

2918 1956 123 42 garder
3056 1956 32 34 la
3104 1968 83 31 pose
3203 1969 67 30 que
3285 1956 70 34 l'on
3370 1964 83 25 veut

2918 2001 73 33 leur
3010 2001 143 33 donner.
3197 2001 64 34 Les
3281 2009 171 25 costumes

2918 2053 81 25 sont
3017 2046 215 40 charmants,
3252 2058 41 21 en
3313 2045 81 41 soie,
3413 2056 39 21 en

2918 2089 92 34 satin
3037 2102 43 21 en
3106 2090 151 41 velours,
3285 2102 86 21 avec
3396 2089 56 33 des

2918 2134 258 34 combinaisons
3218 2134 43 34 de
3300 2134 153 34 couleurs

2919 2178 236 35 audacieuses.
3213 2178 129 43 Hoppe
3374 2178 79 34 s'est

2919 2223 121 34 amusé
3087 2223 19 34 à
3155 2223 212 42 reproduire,
3414 2234 39 22 en

2918 2267 189 34 miniature
3156 2267 205 42 caricaturé,
3409 2279 43 20 un

2918 2320 54 25 tas
3001 2312 43 34 de
3071 2312 206 34 silhouettes
3305 2323 148 23 connues

2918 2356 43 34 de
2995 2356 32 34 la
3063 2356 172 34 statuaire
3270 2357 183 40 ancienne;

2917 2401 92 33 aussi
3032 2413 52 22 ses
3108 2402 153 41 poupées
3284 2401 171 34 donnent-

2916 2445 79 33 elles
3010 2445 120 34 l'essor
3143 2446 18 33 à
3178 2454 100 26 notre
3289 2445 164 42 imagina-

2915 2489 74 33 tion
2999 2498 35 25 et
3044 2502 86 21 nous
3143 2489 309 43 permettent-elles

2915 2533 43 35 de
2970 2542 182 26 retourner
3161 2535 18 32 à
3190 2547 61 21 nos
3256 2535 95 42 jours
3361 2533 91 35 d'en-

2914 2578 111 41 fance,
3051 2587 82 25 tout
3159 2592 42 20 en
3224 2587 86 26 nous
3333 2591 119 30 rappe-

2913 2622 65 34 lant
2978 2622 66 34 les
3056 2623 165 42 figurines
3234 2636 163 30 grecques
3407 2623 44 33 les

2911 2667 194 42 Tanagras,
3122 2668 47 33 les
3183 2668 103 34 vieux
3304 2668 146 34 bibelots

2911 2711 145 42 chinois,
3073 2725 45 21 ou
3135 2713 47 33 les
3198 2712 252 34 merveilleuses

2911 2756 128 41 petites
3075 2765 192 26 statuettes
3301 2757 43 34 de
3374 2757 77 33 l'art

2910 2800 199 34 occidental
3128 2801 47 33 du
3194 2801 227 43 Moyen-âge.

567 4389 148 43 Arlequin
715 4389 82 43 fait
797 4389 65 43 des
862 4389 148 43 p-ointes
1010 4389 51 43 ;
1078 4395 134 34 Pierrot
1229 4405 47 25 est

565 4433 72 34 loin
657 4434 38 33 de
714 4433 52 34 lui
784 4440 29 26 et
832 4434 113 42 pleure
964 4448 85 22 sans
1068 4438 99 35 doute
1186 4441 89 34 dans

565 4490 62 22 son
654 4478 63 40 coin
717 4478 38 40 ;
782 4478 96 33 aussi
902 4479 157 35 l'homme
1086 4482 21 34 à
1132 4483 36 34 la
1195 4485 78 33 latte

567 4522 153 35 aura-t-il
720 4522 76 35 tout
796 4522 123 35 loisir
937 4532 86 34 pour
1040 4535 152 25 raconter
1209 4541 61 22 son

1599 2987 84 34 Cette
1699 2989 99 41 jeune
1813 2989 123 42 femme
1955 2990 139 36 étendue
2116 3007 61 21 sur
2199 2998 29 32 le
2250 3001 54 32 sol

1597 3039 28 26 et
1642 3032 57 42 qui
1714 3042 51 25 eut
1782 3034 27 33 le
1826 3041 61 25 tort
1903 3033 38 34 de
1957 3041 74 36 trop
2050 3037 108 35 aimer
2174 3041 127 35 l'indo-

1594 3076 67 34 lent
1687 3086 201 34 personnage
1917 3078 59 42 qui
2003 3092 35 21 se
2066 3081 84 35 tient
2180 3085 120 36 debout

1594 3121 113 34 devant
1720 3123 67 41 elle,
1801 3134 100 30 songe
1914 3123 64 42 aux
1978 3123 113 42 jours
2104 3129 120 40 passés
2238 3133 63 41 qui

1764 3179 39 22 ne
1818 3166 206 36 reviendront
2039 3170 81 41 plus

1593 3259 144 43 Delphin
1756 3259 28 33 le
1803 3257 83 34 nain
1900 3257 113 43 favori
2031 3259 40 34 de
2089 3261 35 34 la
2146 3262 92 34 Cour
2257 3264 41 34 de

1594 3304 101 34 Louis
1708 3302 64 35 XVI
1772 3302 114 35 s'est
1898 3302 75 42 tapi
1985 3303 88 34 dans
2087 3317 48 22 un
2143 3307 156 42 fauteuil

1591 3348 81 43 trop
1672 3348 114 43 grand
1805 3354 86 35 pour
1910 3358 52 22 ses
1983 3348 119 49 petites
2115 3351 133 51 formes
2270 3361 30 25 et

1591 3401 121 26 contem
1715 3393 52 42 ple
1792 3402 72 23 avec
1890 3390 127 43 mépris
2017 3390 109 43 ceux
2153 3408 59 30 qui
2242 3406 57 25 ont

1742 3435 148 35 l'audace
1906 3435 39 33 de
1960 3436 175 36 l'admirer

2597 4422 94 32 Pour
2732 4434 40 21 ne
2813 4431 64 34 pas
2917 4421 166 34 rabaisser
3123 4434 40 20 sa
3206 4422 95 33 haute

2595 4466 146 42 position
2741 4466 163 42 sociale,
2932 4466 97 43 Julot
3054 4466 154 42 l'apache
3234 4466 68 33 dis-

2596 4518 92 26 court
2709 4518 205 27 savamment
2936 4523 59 21 sur
3016 4511 48 33 les
3087 4510 155 42 produits
3263 4510 39 33 de

2595 4555 247 43 l'engoulevent,
2864 4556 38 32 de
2921 4555 105 34 l'ours
3049 4555 130 42 polaire
3204 4563 28 26 et
3256 4555 46 34 du

2833 4600 106 43 lapin
2939 4600 125 43 savant
