3627 5071
457 197 35 23 „
3229 162 236 42 VOGUE

2949 326 68 44 Une
3017 326 137 44 célèbre
3154 326 225 44 spécialiste
3405 325 35 33 de

2944 378 33 33 la
2995 375 117 34 beauté
3130 373 59 43 qui
3206 372 86 33 vient
3309 370 34 33 de
3355 370 88 51 faire

2946 434 60 21 son
3037 427 75 26 tour
3141 417 171 41 d'Europe
3340 428 18 20 a
3381 414 62 42 jeté

2947 479 60 20 son
3043 464 140 33 dévolu
3183 464 80 33 sur
3263 464 80 33 ces
3343 464 100 33 nou-

2947 520 106 24 veaux
3080 508 156 42 parfums
3261 504 39 33 de
3325 503 119 34 France

2948 556 80 32 dont
3072 553 46 33 les
3157 551 133 42 flacons
3335 555 26 25 et
3402 548 43 32 les

2947 600 102 33 boîtes
3073 604 73 26 sont
3172 595 77 33 bien
3274 592 112 42 dignes
3409 592 35 33 de

2944 645 73 33 leur
3029 637 99 42 arôme
3128 637 116 42 subtil
3244 637 49 42 et
3293 637 151 42 capiteux

444 2448 316 72 SUR
968 2448 186 74 SA
1370 2448 560 74 TABLE
2146 2446 202 72 DE
2564 2442 917 78 TOILETTE

1161 2611 129 47 Bien
1355 2630 100 44 que
1516 2611 100 48 l'on
1688 2610 145 48 doive
1906 2608 202 61 soigner
2178 2627 54 30 sa
2297 2609 199 51 beauté
2569 2611 86 48 dès
2729 2610 45 48 la

1162 2779 253 60 première
1487 2778 227 59 enfance,
1779 2793 26 31 a
1877 2787 260 51 quarante
2203 2794 94 30 ans
2367 2777 258 63 l'outrage
2687 2777 86 48 des

1162 2965 93 30 ans
1329 2948 136 48 n'est
1548 2964 90 45 pas
1719 2961 177 31 encore
1979 2954 121 36 tout
2173 2961 28 30 a
2283 2944 102 49 fait
2460 2944 313 63 irréparable

452 2606 104 96 D

562 2606 94 35 ANS
681 2620 68 20 une
773 2608 161 33 nouvelle
957 2621 64 29 pu-

586 2650 89 34 bliée
710 2651 21 33 il
757 2665 26 28 y
783 2665 41 28 a
848 2653 170 42 quelques

585 2695 141 40 années,
754 2688 31 41 la
812 2697 208 33 charmante

437 2749 107 28 jeune
568 2751 173 29 personne
766 2741 60 41 qui
849 2741 117 42 jouait
990 2741 30 33 le

440 2781 71 33 rôle
550 2783 172 42 principal
763 2785 110 41 avait,
914 2785 107 34 disait

439 2824 165 44 l'auteur,
625 2840 47 20 un
693 2828 91 34 teint
803 2830 93 32 aussi
917 2830 104 33 blanc

439 2869 112 42 qu'un
575 2872 118 41 pétale
716 2872 43 34 de
783 2874 177 40 magnolia
985 2882 36 25 et

440 2914 94 33 aussi
556 2914 110 36 ferme
686 2928 69 30 que
776 2917 147 34 l'ivoire.
964 2918 55 33 On

440 2969 43 22 ne
501 2971 87 21 nous
607 2960 53 33 dit
678 2972 62 29 pas
758 2971 182 24 comment
957 2962 64 34 elle

440 3002 168 42 atteignit
668 3012 95 26 cette
823 3006 196 42 perfection

441 3047 240 34 merveilleuse
719 3057 36 24 et
792 3062 80 21 sans
911 3050 110 34 doute

438 3091 102 32 étant
562 3104 67 21 une
650 3092 128 33 beauté
799 3093 43 34 de
862 3094 134 41 fiction,
1018 3095 64 33 elle
1103 3096 31 33 la
1155 3096 67 33 dût
1243 3097 18 32 à
1283 3097 32 33 la
1336 3097 94 33 seule

440 3133 164 36 fantaisie
625 3136 43 33 de
689 3136 164 42 l'auteur,
876 3139 87 32 mais
986 3138 89 34 dans
1097 3139 31 34 la
1150 3141 57 33 vie
1229 3154 47 20 un
1298 3142 133 41 parfait

438 3186 54 24 est
510 3178 184 43 beaucoup
713 3181 77 41 plus
809 3182 157 35 difficile
966 3182 31 35 à
997 3182 158 35 réaliser.

486 3222 27 32 Il
538 3232 54 25 est
613 3224 155 42 plaisant
790 3226 43 34 de
855 3239 125 29 penser
1002 3239 69 30 que
1093 3228 32 33 la
1150 3237 126 25 nature
1299 3230 130 34 entend

438 3265 136 35 donner
595 3268 19 33 à
637 3268 136 34 chacun
795 3270 44 33 de
860 3283 52 21 ses
934 3270 143 34 enfants
1100 3285 47 20 un
1169 3273 135 34 certain
1327 3274 103 42 degré

438 3309 44 34 de
505 3311 129 34 beauté
656 3314 230 41 personnelle,
909 3315 88 32 mais
1020 3315 89 34 dans
1132 3328 38 22 ce
1192 3329 70 29 cas,
1286 3331 46 20 on
1355 3318 77 34 doit

440 3353 178 36 admettre
637 3357 127 42 qu'elle
782 3367 54 24 est
855 3366 153 26 souvent
1027 3359 72 34 fort
1118 3373 204 29 paresseuse
1342 3362 88 34 dans

439 3397 32 33 la
496 3399 201 35 réalisation
722 3400 43 34 de
789 3414 52 21 ses
865 3403 146 42 projets,
1037 3404 118 33 tandis
1180 3418 69 30 que
1273 3406 157 34 d'autres

439 3441 65 34 fois
518 3443 64 34 elle
595 3445 117 41 paraît
725 3455 205 25 concentrer
943 3459 59 20 sur
1014 3447 33 33 la
1062 3448 129 34 beauté
1205 3450 43 33 de
1261 3450 169 34 l'homme

437 3498 46 20 ou
506 3486 118 35 l'éclat
645 3488 42 33 de
709 3489 134 42 l'esprit
865 3503 51 21 ses
939 3490 88 33 dons
1050 3504 44 21 au
1117 3492 195 36 détriment
1333 3495 43 33 de
1398 3496 32 32 la

440 3529 128 35 beauté
594 3533 186 42 physique.
829 3535 56 33 De
910 3543 101 25 toute
1037 3535 116 42 façon,
1180 3538 85 33 celle
1291 3539 60 42 qui
1377 3548 54 25 est

439 3586 81 30 sage
538 3587 85 22 aura
642 3577 75 33 soin
734 3577 135 35 d'aider
885 3578 33 34 la
936 3587 127 26 nature
1080 3592 59 22 car
1157 3581 21 33 il
1198 3582 92 34 n'est
1307 3596 62 29 pas
1388 3584 43 33 de

440 3617 128 35 beauté
587 3620 254 43 immatérielle,
862 3622 27 34 si
908 3622 149 35 sublime
1076 3625 163 42 soit-elle,
1259 3627 61 42 qui
1339 3627 92 34 fasse

438 3662 136 34 oublier
592 3664 32 33 la
642 3665 146 33 laideur.

486 3706 105 34 Cette
610 3708 80 34 aide
707 3722 68 29 que
793 3710 32 33 la
844 3719 167 34 coquette
1030 3721 151 33 apporte
1199 3714 19 33 à
1238 3714 32 33 la
1291 3724 138 32 nature,

439 3749 47 33 les
508 3751 215 41 spécialistes
744 3754 183 34 modernes
948 3754 43 34 de
1011 3754 32 34 la
1065 3756 129 34 beauté
1215 3770 43 21 en
1278 3768 65 24 ont
1363 3760 67 33 fait

440 3806 69 21 une
527 3795 105 34 chose
651 3797 19 32 à
691 3797 32 33 la
743 3799 121 40 portée
883 3798 44 34 de
945 3807 92 25 tous.
1082 3800 114 35 Celles
1216 3803 132 34 mêmes
1368 3805 60 41 qui

438 3846 66 25 ont
541 3839 134 43 négligé
712 3841 74 34 leur
822 3842 92 34 teint
950 3842 133 35 durant
1119 3845 44 34 de
1200 3847 229 35 nombreuses

440 3883 141 46 années,
600 3894 159 32 peuvent
777 3886 47 32 lui
844 3886 123 34 rendre
986 3900 46 20 un
1052 3900 67 29 peu
1140 3889 43 34 de
1202 3902 37 21 sa
1259 3892 171 37 première

440 3925 175 36 fraîcheur
633 3941 65 30 par
716 3941 47 21 un
783 3939 129 25 savant
931 3925 218 49 traitement,
1169 3925 98 42 mais

441 3969 21 33 il
500 3983 46 21 va
583 3984 81 22 sans
701 3973 73 34 dire
811 3975 86 42 qu'il
933 3983 91 26 vaut
1059 3976 202 35 infiniment

442 4013 116 34 mieux
585 4028 221 22 commencer
833 4018 71 34 très
930 4020 117 40 jeune.
1100 4020 98 35 C'est
1229 4022 31 33 la

443 4059 152 33 manière
608 4060 43 34 de
668 4073 36 20 se
721 4061 166 35 défendre
904 4072 121 24 contre
1044 4064 29 33 le
1091 4073 114 34 temps
1226 4075 35 23 et

442 4101 42 34 de
503 4115 35 21 se
556 4104 179 40 prémunir
752 4115 121 24 contre
891 4107 48 32 les
958 4107 93 34 mille
1069 4109 189 34 embûches

442 4158 69 30 que
532 4146 116 35 dresse
669 4148 32 33 la
724 4149 55 33 vie
802 4150 185 42 moderne;
1010 4160 46 31 et,
1080 4165 179 29 parvenue

443 4190 18 33 à
487 4190 89 51 l'âge
602 4192 89 41 mûr,
718 4193 32 33 la
776 4192 128 35 femme
932 4208 41 20 ne
1000 4208 74 20 sera
1102 4209 61 29 pas
1191 4210 65 29 peu

443 4234 173 35 satisfaite
650 4236 44 33 de
727 4246 180 26 constater
941 4252 68 29 que
1044 4240 215 35 l'excellente

446 4286 104 27 tenue
562 4279 42 34 de
618 4292 36 21 sa
669 4281 128 33 beauté
811 4282 90 33 n'est
915 4295 61 29 pas
991 4283 69 34 due
1074 4285 18 32 à
1106 4286 151 42 quelque

444 4322 173 34 étonnant
635 4324 139 41 hasard,
793 4326 86 33 mais
898 4326 18 32 à
936 4327 198 35 l'habitude
1152 4329 106 34 d'une

447 4368 174 33 attention
643 4377 186 26 constante
850 4378 36 25 et
907 4370 85 33 d'un
1014 4372 76 33 soin
1112 4374 145 33 continu

448 4412 41 34 de
511 4412 32 33 la
566 4425 87 29 peau
677 4421 35 25 et
734 4413 59 34 des
816 4414 167 34 cheveux.

491 4457 96 33 Tout
604 4457 30 34 le
652 4457 128 34 monde
797 4459 144 32 connaît
958 4467 36 25 et
1012 4459 184 44 beaucoup
1216 4462 42 33 de

450 4513 183 31 personnes
649 4502 143 33 envient
805 4502 30 33 le
850 4502 91 34 teint
955 4503 84 33 clair
1054 4513 35 24 et
1104 4505 47 33 les
1167 4518 92 30 yeux

451 4546 157 34 brillants
632 4546 85 33 d'un
741 4546 86 34 bébé
852 4547 92 42 plein
969 4547 43 34 de
1037 4549 112 41 santé,
1175 4558 36 25 et
1236 4551 20 31 il

453 4591 89 34 n'est
564 4603 67 31 que
652 4591 94 42 juste
768 4590 216 43 d'enseigner
1007 4591 19 33 à
1051 4592 150 35 l'enfant
1225 4594 31 33 la

454 4636 150 34 manière
621 4635 42 35 de
680 4648 181 21 conserver
878 4648 54 21 ces
951 4645 193 33 avantages
1163 4639 93 32 aussi

456 4681 192 43 longtemps
666 4693 67 30 que
749 4680 160 42 possible.

503 4726 28 33 Il
547 4734 52 26 est
614 4738 65 31 peu
697 4725 41 34 de
755 4725 124 34 trésors
895 4725 240 42 comparables
1153 4726 17 33 à
1186 4727 71 33 une

1484 3109 86 30 peau
1595 3097 67 32 très
1684 3094 84 34 belle
1789 3101 34 25 et
1845 3093 67 33 très
1935 3104 85 30 pure
2041 3091 90 34 dont
2153 3093 31 33 la
2208 3096 255 33 conservation

1482 3150 53 25 est
1557 3141 66 34 dûe
1645 3152 65 21 aux
1731 3138 89 34 soins
1843 3137 190 34 incessants
2057 3136 43 34 de
2123 3137 32 33 la
2179 3138 96 33 mère
2300 3140 165 40 pendant

1481 3186 47 33 les
1547 3185 179 42 premières
1744 3182 134 34 années.
1918 3181 72 34 Nul
2008 3180 108 34 doute
2135 3194 68 30 que
2221 3182 33 33 la
2273 3191 131 28 nature
2422 3197 43 21 ne

1483 3230 115 42 puisse
1616 3229 83 34 faire
1717 3226 87 35 aussi
1825 3226 78 33 bien
1923 3225 27 34 si
1968 3237 45 22 on
2033 3225 48 33 lui
2101 3239 42 20 en
2163 3226 153 34 donnait
2336 3228 128 35 l'occa-

1484 3275 86 40 sion,
1601 3273 84 34 mais
1715 3271 57 43 qui
1802 3279 83 33 peut
1913 3270 33 33 la
1976 3269 134 34 blâmer
2140 3270 43 34 de
2215 3272 114 33 n'être
2360 3274 104 40 point

1484 3318 145 43 capable
1647 3317 41 34 de
1705 3314 185 36 contrarier
1908 3314 47 34 les
1974 3314 162 33 mauvais
2155 3315 103 34 effets
2278 3315 88 35 d'un
2385 3318 79 34 vice

1485 3362 167 41 artificiel,
1676 3361 58 43 qui
1757 3367 142 26 entoure
1921 3358 32 34 la
1978 3358 128 34 beauté
2130 3359 44 33 de
2198 3359 152 43 dangers
2376 3375 88 21 nou-

1483 3419 114 21 veaux
1615 3415 35 25 et
1667 3403 208 44 compliqués
1894 3416 67 30 que
1980 3402 90 34 seuls
2089 3412 160 33 peuvent
2267 3405 116 34 éviter
2402 3407 61 34 des

1484 3451 219 34 traitements
1725 3448 230 42 scientifiques
1977 3455 36 25 et
2035 3446 101 34 basés
2159 3460 60 21 sur
2240 3461 71 22 une
2334 3450 130 43 longue

1484 3496 209 42 expérience.
1746 3492 118 40 Quelle
1895 3504 67 30 que
1994 3491 68 33 soit
2093 3491 196 35 l'intensité
2323 3494 43 34 de
2400 3508 63 21 son

1484 3540 103 33 effort
1623 3551 86 31 pour
1745 3537 107 33 n'être
1888 3536 101 42 point
2025 3535 168 51 dépassée
2232 3550 64 29 par
2335 3538 33 34 la
2407 3540 57 34 vie

1484 3584 175 40 moderne,
1689 3583 31 32 la
1752 3589 121 25 nature
1903 3581 89 33 n'est
2022 3580 102 42 point
2154 3581 231 43 découragée,
2417 3597 47 21 on

1485 3637 85 33 peut
1595 3629 46 32 lui
1667 3627 83 33 faire
1774 3624 165 35 entendre
1965 3624 115 34 raison
2106 3633 36 25 et
2168 3625 28 34 si
2221 3639 45 20 on
2296 3626 32 34 la
2356 3629 109 34 traite

1484 3673 223 41 loyalement,
1723 3670 61 34 elle
1800 3682 100 20 saura
1917 3681 86 21 nous
2020 3668 257 43 récompenser.

1530 3717 29 33 Il
1589 3730 22 29 y
1642 3729 18 20 a
1690 3713 219 44 aujourd'hui
1939 3713 170 42 plusieurs
2140 3715 219 41 spécialistes
2391 3717 74 42 qui,

1485 3770 111 33 ayant
1620 3759 159 35 consacré
1804 3758 41 34 de
1871 3757 223 34 nombreuses
2122 3759 129 34 années
2278 3760 20 32 à
2325 3760 141 36 étudier

1484 3805 47 34 les
1552 3814 125 25 secrets
1697 3804 59 42 qui
1774 3810 206 27 conservent
1997 3801 33 34 la
2049 3801 130 35 beauté
2199 3803 44 34 de
2262 3803 33 34 la
2317 3817 91 29 peau
2429 3815 37 26 et

1484 3849 60 34 des
1568 3850 165 39 cheveux,
1756 3855 63 26 ont
1841 3859 67 21 une
1931 3846 130 42 grande
2085 3847 206 42 expérience
2315 3848 44 35 de
2384 3858 81 26 tous

1483 3894 48 33 les
1565 3906 105 21 maux
1702 3892 59 44 qui
1793 3899 183 26 menacent
2009 3890 31 33 la
2076 3903 102 30 peau.
2236 3893 60 33 Un
2332 3893 43 38 de
2410 3908 56 21 ces

2916 2607 213 43 spécialistes
3154 2620 18 21 a
3196 2607 153 43 esquissé
3372 2619 45 22 un
3440 2607 45 33 ré-

2916 2653 90 41 gime
3041 2652 124 42 simple
3201 2652 86 34 mais
3322 2651 162 34 excellent

2915 2710 68 30 que
3005 2697 71 33 l'on
3098 2696 110 34 devra
3230 2696 116 34 suivre
3368 2695 115 43 depuis

2915 2741 171 34 l'enfance
3124 2749 37 25 et
3199 2741 184 33 continuer
3417 2741 67 42 jus-

2915 2786 80 43 qu'à
3015 2798 48 21 un
3081 2785 64 42 âge
3164 2786 145 33 avancé.

2957 2830 149 43 Jusqu'à
3140 2830 90 43 l'âge
3262 2830 43 34 de
3336 2841 84 23 onze
3443 2840 40 23 ou

2913 2874 111 35 douze
3061 2886 74 29 ans,
3170 2875 139 42 lorsque
3341 2873 142 35 l'enfant

2913 2928 54 25 est
2983 2931 125 23 encore
3125 2928 101 25 entre
3243 2919 47 34 les
3314 2918 109 34 mains
3444 2917 38 34 de

2914 2963 31 33 la
2965 2972 253 34 gouvernante,
3238 2964 21 32 il
3278 2962 124 35 faudra
3420 2975 62 30 que

2914 3008 132 35 celle-ci
3084 3020 132 30 prenne
3255 3007 109 43 grand
3402 3007 81 40 soin,

2918 3065 69 21 non
3006 3052 195 35 seulement
3218 3052 43 34 de
3279 3065 37 21 ce
3334 3052 59 42 qui
3411 3064 74 21 con-

2516 3108 99 21 cerne
2634 3096 31 33 la
2686 3095 207 42 nourriture,
2913 3097 177 34 l'exercice
3109 3105 35 26 et
3163 3097 31 34 le
3213 3097 91 42 plein
3325 3091 61 46 air,
3405 3095 80 34 mais

2516 3140 92 34 aussi
2634 3140 42 34 de
2702 3140 166 34 s'assurer
2894 3154 68 30 que
2988 3142 30 34 le
3045 3141 124 42 lavage
3196 3141 43 34 de
3265 3141 32 34 la
3324 3153 87 30 peau
3439 3148 47 26 est

2517 3185 140 34 exécuté
2677 3184 94 34 selon
2792 3185 47 33 les
2860 3186 119 41 règles.

2562 3229 145 43 Chaque
2727 3229 196 42 spécialiste
2943 3243 19 21 a
2982 3230 59 34 des
3063 3229 92 35 idées
3176 3230 69 34 très
3266 3230 148 33 arrêtées
3434 3240 52 22 sur

2516 3282 93 26 cette
2625 3274 162 42 question
2804 3274 46 33 du
2868 3275 123 43 lavage
3006 3283 36 26 et
3058 3274 122 35 diffère
3196 3287 58 20 sur
3270 3275 30 33 le
3317 3274 169 42 problème

2517 3318 43 34 de
2580 3318 87 34 l'eau
2689 3326 35 26 et
2744 3318 47 33 du
2813 3331 122 22 savon.
2979 3320 113 34 Notre
3112 3319 198 42 spécialiste
3330 3326 53 26 est
3402 3317 84 34 vrai-

2517 3371 98 25 ment
2642 3362 194 34 convaincu
2866 3376 68 30 que
2963 3364 72 35 rien
3064 3363 91 34 n'est
3184 3364 156 33 meilleur
3368 3375 65 30 que
3460 3362 26 32 le

2517 3419 109 22 savon
2647 3415 35 25 et
2701 3407 89 34 l'eau
2813 3408 19 32 à
2854 3417 79 24 tous
2955 3409 47 34 les
3023 3409 92 42 âges,
3137 3408 87 34 mais
3246 3407 240 43 spécialement

2518 3464 87 30 pour
2634 3451 47 35 les
2711 3451 152 42 enfants,
2894 3461 36 25 et
2960 3454 108 42 qu'on
3098 3452 76 34 doit
3204 3453 72 33 s'en
3306 3452 124 33 frotter
3458 3451 27 32 la

2518 3496 107 42 figure
2642 3508 42 22 au
2702 3496 111 34 moins
2831 3509 67 22 une
2913 3497 66 34 fois
2997 3509 63 31 par
3075 3496 101 43 vingt
3192 3497 134 33 heures.

2563 3540 31 33 A
2617 3549 56 25 cet
2695 3541 95 41 effet,
2816 3541 20 33 il
2861 3541 134 34 fournit
3019 3541 84 34 trois
3127 3541 138 43 espèces
3291 3541 42 33 de
3357 3550 96 23 savon
3453 3550 32 23 :

2519 3597 47 20 un
2591 3597 88 30 pour
2702 3585 48 34 les
2774 3598 89 30 peau
2889 3586 116 34 sèches
3031 3598 46 21 un
3102 3598 89 29 pour
3215 3585 47 34 les
3288 3597 112 31 peaux
3424 3583 61 34 très

2518 3629 177 41 sensibles,
2724 3638 35 26 et
2787 3642 46 21 un
2861 3643 89 30 pour
2976 3631 47 34 les
3051 3642 113 30 peaux
3192 3630 184 33 huileuses.
3426 3628 59 34 Ces

2518 3686 127 21 savons
2662 3674 146 34 doivent
2824 3675 72 34 être
2911 3674 177 44 employés
3105 3687 86 21 avec
3207 3674 43 34 de
3266 3675 89 33 l'eau
3372 3672 113 39 froide,

2518 3718 90 34 l'eau
2636 3728 168 25 courante
2832 3719 43 34 de
2902 3720 209 41 préférence,
3140 3731 60 21 car
3227 3727 93 26 cette
3348 3725 138 26 savante

2519 3775 170 28 personne
2710 3763 127 34 n'aime
2857 3764 103 42 guère
2980 3763 109 35 l'effet
3108 3762 42 35 de
3170 3763 91 34 l'eau
3283 3762 133 35 chaude
3435 3772 51 23 sur

2519 3807 31 33 le
2563 3807 129 42 visage.
2731 3808 49 33 Ce
2795 3808 123 42 lavage
2932 3808 152 40 stimule,
3100 3819 119 22 assure
3234 3808 30 33 le
3278 3807 208 34 fonctionne-

2520 3861 96 24 ment
2631 3852 134 34 normal
2779 3852 59 34 des
2852 3865 79 29 pores
2931 3865 40 29 ;
2985 3866 44 20 on
3046 3865 41 20 ne
3101 3851 76 34 doit
3190 3853 190 42 employer,
3395 3850 90 43 après

2520 3895 34 34 ni
2570 3896 96 48 crème
2666 3896 65 48 ni
2746 3896 145 43 poudre,
2907 3897 180 47 lesquelles
3103 3909 41 20 en
3154 3896 85 48 fait,
3257 3909 42 21 ne
3314 3895 172 34 devraient

2683 3944 127 38 jamais
2827 3944 145 31 toucher
2988 3944 31 31 la
3036 3952 89 31 peau
3142 3944 60 30 des
3220 3944 107 39 petits
3343 3944 141 29 entants.

2687 3986 62 33 Les
2795 3985 149 42 crèmes,'
2982 3985 105 40 dit-il,
3120 3993 82 25 sont
3248 3985 239 43 positivement

2687 4030 254 42 dangeureuses
2967 4042 87 30 pour
3079 4029 46 33 les
3148 4030 125 42 jeunes
3298 4028 135 36 enfants
3456 4034 31 26 et

2688 4074 145 34 doivent
2858 4075 73 33 être
2958 4075 299 42 rigoureusement
3283 4072 203 44 supprimées

2688 4118 43 34 de
2751 4118 73 34 leur
2844 4119 95 34 table
2959 4119 42 34 de
3022 4118 149 34 toilette.

2734 4163 48 34 La
2806 4163 93 33 seule
2921 4162 224 44 préparation
3169 4163 148 42 permise
3340 4173 83 30 pour
3445 4160 40 33 les

2688 4207 139 34 enfants
2850 4216 53 25 est
2925 4221 46 20 un
2994 4208 144 41 tonique
3160 4220 81 21 sans
3264 4207 138 50 danger,
3425 4204 60 34 très

2689 4252 138 34 efficace
2847 4252 86 34 dans
2954 4253 30 33 le
3003 4264 57 22 cas
3081 4251 106 34 d'une
3208 4251 172 34 irritation
3400 4249 39 33 de
3458 4248 27 32 la

2690 4309 100 30 peau.
2831 4296 30 33 A
2880 4305 55 25 cet
2953 4297 73 42 âge,
3045 4308 54 22 ces
3118 4296 109 42 légers
3246 4294 151 36 troubles
3415 4300 71 27 sont

2690 4353 95 22 assez
2825 4340 179 44 fréquents
3045 4349 36 25 et
3120 4340 71 33 s'ils
3233 4353 42 21 ne
3315 4346 78 27 sont
3430 4348 55 32 pas

2690 4394 263 34 promptement
2980 4395 35 25 et
3042 4393 227 35 proprement
3296 4383 128 40 traités,
3451 4380 34 33 ils

2690 4438 155 34 peuvent
2861 4431 73 33 être
2951 4430 106 33 suivis
3074 4428 123 34 d'acné
3215 4435 203 36 permanent
3432 4424 52 44 qui

2690 4483 96 34 peut,
2808 4475 18 33 à
2846 4475 31 33 la
2897 4475 125 42 longue
3041 4473 182 42 défigurer.

2692 4563 62 34 Ces
2780 4564 132 41 flacons
2945 4564 32 32 si
3008 4562 190 44 décoratifs
3198 4562 225 44 contiennent
3452 4557 34 33 de

2692 4608 155 42 précieux
2866 4608 141 43 parfums
3007 4608 196 43 français,
3223 4607 47 34 les
3289 4619 64 22 uns
3371 4611 52 27 ont
3437 4603 49 33 des

2691 4653 166 33 bouchons
2887 4653 104 41 dorés,
3022 4664 81 22 ceux
3132 4652 57 33 des
3219 4659 110 26 autres
3355 4656 70 27 sont
3451 4658 35 21 en

2685 4697 311 43 former;;.d'éventail.
3037 4697 44 33 Le
3096 4696 89 42 large
3195 4697 113 41 flacon
3324 4695 37 33 d,
3375 4691 111 44 gauche

2691 4755 20 20 a
2746 4755 46 21 un
2825 4741 147 34 bouchon
3004 4754 40 21 en
3076 4740 115 34 cristal
3221 4740 91 34 taillé
3343 4750 39 22 en
3407 4738 79 41 fleur
