3629 5069
197 199 96 53 15
293 199 289 53 Janvier
3184 218 15 33 5

197 324 17 33 il
231 337 21 28 y
269 335 17 21 a
303 335 46 20 un
368 323 219 40 demi-siècle,
604 323 27 32 le
646 321 103 34 vieux
766 321 145 43 procédé
926 319 155 34 vénitien
1100 322 60 41 qui

195 367 192 41 consistait,
409 382 45 20 on
475 380 33 21 se
528 368 29 33 le
579 366 159 43 rappelle,
760 379 41 21 en
822 378 45 21 un
889 364 84 34 fond
993 367 168 40 composé

195 412 79 33 d'un
300 414 197 41 amalgame
521 412 41 33 de
588 423 151 21 mercure
765 420 35 24 et
823 410 142 33 d'étain.
1014 408 49 33 Et
1090 411 71 33 l'on

195 465 79 34 peut
304 456 88 43 dire,
424 456 228 43 aujourd'hui,
680 468 69 29 que
779 456 79 32 l'art
888 467 18 20 a
937 455 161 40 surpassé
1130 456 32 33 la

195 509 120 25 nature
339 514 43 20 en
405 502 125 33 offrant
553 501 18 33 à
594 501 30 32 la
646 499 127 34 femme
795 512 46 20 un
894 497 185 35 conseiller
1103 500 60 34 des

195 545 105 42 grâces
378 547 87 33 dont
491 546 44 32 les
565 545 160 41 critiques
757 553 79 24 sont
865 543 90 33 aussi
981 542 116 42 justes
1128 554 36 24 et

194 590 87 33 aussi
303 591 150 40 précises
471 590 81 42 qu'il
572 598 52 25 est
643 589 124 42 permis
788 589 18 32 à
826 588 148 43 quelque
993 587 107 34 chose
1121 590 43 33 de

192 635 95 32 l'être
306 635 136 34 ici-bas.

235 678 89 42 Avec
359 678 126 42 l'âge
512 678 44 32 du
586 678 87 33 verre
747 677 30 33 le
807 677 68 33 rôle
903 676 44 33 du
977 675 123 34 miroir
1131 691 34 21 se

192 723 189 34 dédoubla.
434 724 27 33 Il
489 735 91 20 cessa
610 722 109 33 d'être
748 722 227 42 uniquement
1003 720 163 36 l'arbitre

192 767 58 33 des
272 768 179 41 élégances
472 767 99 33 adoré
592 766 59 33 des
673 767 142 33 femmes
836 774 34 25 et
891 765 99 42 point
1012 765 48 33 du
1084 775 82 25 tout

192 812 150 42 méprisé
368 826 62 28 par
454 813 43 32 les
522 812 166 39 hommes,
715 820 35 24 et
775 810 120 34 devint
918 821 42 22 en
986 818 107 26 outre
1119 824 47 20 un

193 856 59 33 des
279 858 77 41 plus
383 858 205 41 importants
613 855 167 33 éléments
805 855 42 33 de
871 855 81 32 l'art
977 853 189 36 décoratif.

192 901 181 33 Peut-être
392 901 193 34 devrait-on
603 899 193 42 distinguer
813 911 52 21 ces
884 898 91 33 deux
994 899 91 33 rôles
1105 913 63 29 par

192 945 47 32 les
258 947 122 31 termes
450 944 102 33 miroir
625 952 34 25 et
724 944 84 41 glace
808 944 57 41 ",
893 956 37 20 ce
949 943 142 34 dernier
1110 945 58 33 dé-

191 989 140 41 signant
364 990 57 32 les
481 989 120 32 miroirs
679 988 44 33 où
757 989 68 32 l'on
860 1000 40 20 ne
934 1000 35 21 se
1040 989 90 34 mire

191 1034 110 41 point.
351 1034 96 33 Mais
470 1034 32 41 je
527 1033 110 33 crains
664 1033 78 32 bien
769 1045 66 29 que
861 1041 55 24 cet
944 1045 109 29 usage
1080 1035 89 32 n'ait

191 1090 66 30 que
277 1078 80 33 bien
380 1092 65 28 peu
466 1078 40 32 de
525 1078 145 32 chances
691 1077 41 33 de
753 1077 192 41 s'imposer.

235 1123 147 33 L'Italie
417 1122 57 43 qui
507 1122 142 33 inventa
684 1122 29 33 le
747 1121 118 33 miroir
899 1121 43 34 de
977 1134 114 29 verre,
1128 1136 41 20 en

192 1166 150 42 imagina
362 1167 31 33 le
412 1167 143 42 premier
573 1178 103 29 usage
695 1165 182 41 décoratif,
897 1175 36 24 et
952 1165 61 34 des
1034 1167 137 33 miroirs

192 1211 163 33 encadrés
376 1212 43 33 de
438 1211 70 33 bois
536 1211 133 41 sculpté
687 1223 45 20 ou
756 1210 83 34 doré
868 1211 238 42 renvoyaient
1125 1212 46 33 les

191 1255 79 33 feux
288 1256 60 33 des
369 1256 86 33 fêtes
474 1255 56 33 des
550 1255 137 42 Borgia,
708 1255 200 33 reflétèrent
927 1256 30 32 le
977 1256 135 33 sourire
1132 1257 40 33 de

192 1300 135 33 Monna
352 1300 80 33 Lisa
456 1308 33 25 et
511 1300 177 33 brillèrent
712 1312 86 21 avec
821 1300 92 33 éclat
936 1299 89 34 dans
1050 1300 48 33 les
1125 1301 48 32 in-

193 1345 221 33 nombrables
437 1344 96 33 salles
556 1344 42 33 de
620 1344 89 33 fêtes
732 1344 61 34 des
817 1345 179 41 puissants
1020 1344 87 34 ducs
1132 1346 41 33 de

192 1389 30 32 la
255 1389 243 33 Renaissance.
552 1389 282 42 Quelques-unes
866 1389 59 34 des
957 1389 78 42 plus
1068 1390 104 33 belles

193 1434 194 41 sculptures
416 1445 55 21 sur
499 1433 74 33 bois
603 1433 42 34 de
674 1434 33 33 la
736 1434 240 33 Renaissance
1005 1443 81 24 sont
1115 1434 57 33 des

193 1478 117 33 cadres
329 1478 43 33 de
390 1477 126 34 miroirs
516 1477 174 34 italiens.
731 1479 209 41 L'Espagne
958 1478 41 33 fit
1017 1479 93 32 aussi
1128 1491 44 20 un

193 1522 106 41 grand
319 1535 104 29 usage
440 1521 57 33 des
517 1522 136 33 miroirs
671 1523 45 32 où
736 1535 35 21 se
789 1523 204 42 peignaient
1010 1523 164 41 fugitive-

194 1576 94 24 ment
318 1567 47 33 les
396 1566 156 33 Infantes
584 1579 68 20 aux
682 1568 133 41 amples
843 1568 116 41 jupes,
990 1576 113 24 avant
1133 1568 40 32 de

194 1611 80 33 fixer
304 1612 89 32 leurs
424 1611 127 41 images
584 1611 214 42 hiératiques
831 1624 58 19 sur
919 1612 47 32 les
999 1611 101 33 toiles
1133 1612 41 33 de

195 1656 200 42 Vélasquez,
434 1655 132 33 miroirs
606 1655 42 33 de
687 1656 186 32 l'éternité.
936 1656 50 31 La
1026 1656 146 40 France,

198 1700 211 34 découvrant
432 1700 30 33 le
488 1712 124 29 moyen
638 1699 42 33 de
705 1699 86 33 faire
817 1699 59 33 des
903 1699 137 33 miroirs
1067 1700 107 33 d'une

199 1745 189 34 dimension
412 1744 156 40 inusitée,
594 1744 162 41 agrandit
781 1743 321 42 magnifiquement
1127 1745 46 33 les

202 1790 109 33 Palais
331 1789 41 34 de
391 1802 50 20 ses
462 1789 64 33 rois
545 1798 35 24 et
599 1788 173 42 multiplia
791 1788 47 33 les
858 1788 101 32 effets
980 1787 192 35 décoratifs

203 1834 57 34 des
274 1835 122 32 hautes
412 1834 119 41 glaces.
568 1833 29 33 A
611 1833 75 33 côté
701 1828 42 38 de
756 1833 32 32 la
802 1832 139 34 Galerie
955 1832 61 33 des
1031 1832 141 42 Glaces,

204 1879 58 42 qui
280 1879 113 33 donne
410 1878 159 33 l'illusion
588 1877 41 34 de
647 1878 145 32 s'ouvrir
811 1889 55 21 sur
884 1877 47 32 les
951 1876 94 33 deux
1064 1878 108 40 côtés,

204 1936 44 20 on
272 1924 74 33 voit
371 1923 84 33 dans
481 1923 45 33 les
552 1930 259 34 appartements
836 1921 40 33 de
901 1921 107 32 Louis
1034 1921 72 34 XV
1132 1922 41 33 de

205 1969 105 40 petits
332 1967 126 34 miroirs
458 1967 189 34 scintiller
667 1979 132 21 comme
819 1966 57 33 des
898 1965 122 33 étoiles
1044 1977 60 21 sur
1127 1967 45 33 les

205 2012 159 42 plafonds
382 2013 123 41 peints.
546 2012 139 32 Miroirs
704 2024 56 20 sur
777 2011 31 32 la
825 2010 189 39 cheminée,
1035 2010 137 33 miroirs

204 2069 56 20 sur
281 2057 45 33 les
347 2057 163 39 consoles,
533 2056 131 32 miroirs
686 2068 56 20 sur
762 2055 131 41 chaque
915 2066 78 20 mur
1014 2064 159 24 ouvrant

204 2113 65 20 une
292 2101 215 41 perspective
532 2100 114 33 infinie
670 2099 42 33 de
737 2100 76 32 luxe
837 2107 33 24 et
895 2098 42 33 de
964 2098 145 42 beauté,
1137 2112 35 20 ce

202 2153 77 24 sont
305 2145 30 32 là
362 2145 46 32 les
436 2152 95 25 notes
558 2144 218 33 dominantes
803 2143 41 33 de
870 2143 31 32 la
929 2143 183 40 gracieuse
1139 2153 33 24 et

201 2189 143 33 délicate
358 2188 144 33 mélodie
516 2189 113 41 qu'est
647 2200 66 21 une
725 2188 93 41 pièce
832 2187 45 33 du
892 2187 149 33 XVIII"
1058 2188 113 33 siècle.

199 2234 61 32 Les
281 2233 133 33 miroirs
432 2233 157 41 jouaient
610 2233 90 32 aussi
721 2245 46 19 un
789 2231 108 42 grand
919 2232 71 32 rôle
1013 2232 91 32 dans
1127 2233 44 32 les

198 2277 253 33 innombrables
469 2277 164 41 intrigues
651 2276 41 33 de
709 2289 94 27 cour,
821 2276 132 33 témoin
972 2288 38 21 ce
1028 2276 144 33 fameux

190 2322 58 40 jeu
262 2321 38 33 de
313 2321 105 41 glaces
432 2321 58 42 qui
507 2321 203 41 permettait
725 2333 43 20 au
784 2320 130 42 perfide
929 2320 44 33 de
989 2321 183 33 surveiller

195 2366 271 33 attentivement
494 2366 31 32 la
554 2366 252 41 physionomie,
836 2366 46 32 les
912 2373 116 33 gestes
1059 2374 37 24 et
1126 2366 44 32 les

194 2422 219 21 manœuvres
446 2410 41 32 de
519 2423 84 20 ceux
636 2410 83 42 qu'il
754 2410 133 32 n'avait
920 2421 63 30 pas
1018 2409 80 33 l'air
1131 2410 40 33 de

193 2455 169 36 regarder.

238 2499 62 33 Les
365 2498 191 34 conseillers
582 2498 58 34 des
667 2499 105 40 grâces
844 2507 232 33 proprement
1103 2498 67 33 dits

192 2544 133 32 étaient
351 2543 266 33 naturellement
643 2543 76 42 plus
746 2543 105 41 petits
877 2555 68 29 que
972 2555 56 20 ces
1058 2543 111 40 glaces

193 2597 254 33 somptueuses,
468 2587 83 33 mais
573 2588 37 32 ils
633 2587 168 33 n'étaient
822 2600 60 29 pas
904 2587 114 32 moins
1042 2587 129 42 impor-

192 2641 108 24 tants.
341 2633 65 32 Les
423 2632 134 33 artistes
573 2633 46 32 les
636 2631 267 42 composaient
903 2631 111 42 pour
1014 2631 156 42 Madame

193 2676 41 33 de
258 2677 225 41 Pompadour
504 2689 43 20 ou
572 2689 87 29 pour
681 2676 170 33 Madame
874 2676 46 32 du
947 2676 128 41 Barry.
1125 2676 45 33 Le

198 2721 149 33 Victoria
364 2721 68 33 and
449 2720 107 33 Albert
574 2721 160 32 Muséum
752 2721 42 32 de
812 2721 109 32 South
942 2720 227 41 Kensington

194 2778 165 21 conserve
394 2778 45 20 un
471 2765 171 33 escritoire
676 2765 17 33 à
728 2765 136 33 toilette
897 2765 109 32 d'une
1041 2765 129 32 beauté

196 2810 145 33 délicate
363 2823 42 20 en
427 2810 69 32 bois
525 2809 41 34 de
587 2810 109 41 tulipe
726 2809 162 40 incrusté,
910 2809 61 42 qui
994 2821 19 20 a
1036 2809 135 41 l'appa-

197 2867 97 21 rence
326 2854 85 33 d'un
437 2855 125 32 bureau
590 2863 34 24 et
650 2855 137 32 s'ouvre
818 2866 87 29 pour
937 2853 135 33 révéler
1105 2866 66 20 une

197 2899 170 42 complète
409 2899 208 33 installation
657 2898 41 33 de
738 2899 136 32 toilette
913 2906 36 25 et
990 2910 48 20 un
1081 2898 90 41 petit

197 2943 116 33 miroir
335 2943 124 42 pliant,
481 2943 56 42 qui
560 2943 147 33 reflétait
727 2943 91 41 jadis
841 2943 29 33 le
892 2943 90 32 beau
1008 2951 36 24 et
1068 2942 103 33 noble

195 2988 118 41 visage
329 2987 43 33 de
389 2987 332 33 Marie-Antoinette
737 2987 195 42 lorsqu'elle
949 2999 35 20 se
1002 2987 169 41 penchait

196 3044 87 29 pour
303 3033 138 40 ajouter
459 3044 63 21 une
541 3032 123 33 touche
684 3032 41 33 de
745 3044 103 29 rouge
868 3032 17 32 à
906 3044 52 20 ses
979 3031 127 40 lèvres,
1126 3044 42 19 ou

196 3089 88 29 pour
304 3089 162 28 arranger
485 3089 64 20 une
568 3077 121 32 boucle
709 3071 146 38 blanche
876 3076 42 33 de
939 3075 149 42 poudre.

242 3121 145 33 Charles
410 3121 32 32 II
464 3120 232 42 d'Angleterre
717 3129 165 34 rapporta
903 3120 43 33 de
968 3132 62 20 son
1054 3120 116 41 séjour

197 3177 41 21 en
260 3166 132 32 France
412 3165 28 33 le
459 3166 79 40 goût
557 3161 40 37 de
617 3165 84 33 faire
719 3166 99 41 jouer
837 3177 45 20 un
904 3165 70 32 rôle
995 3164 176 32 décoratif

197 3222 67 20 aux
288 3210 145 32 miroirs.
478 3209 125 33 C'était
627 3210 29 33 le
679 3218 113 33 temps
815 3210 43 32 où
883 3210 29 32 le
936 3209 122 32 miroir
1082 3208 86 32 était

1211 330 76 24 tenu
1313 331 85 30 pour
1422 331 47 20 un
1492 318 98 42 objet
1614 318 170 42 précieux,
1810 319 104 42 digne
1940 322 111 33 d'être
2075 322 100 33 offert

1212 376 57 31 par
1289 376 45 20 un
1356 363 123 43 peuple
1500 363 18 33 à
1541 375 61 20 son
1624 363 195 33 souverain.
1866 365 101 34 Dans
1990 367 47 33 les
2059 367 117 33 collec-

1212 410 85 33 tions
1322 408 45 33 du
1393 408 158 34 Château
1578 406 42 34 de
1645 407 173 41 Windsor,
1844 421 46 21 on
1917 420 87 32 peut
2030 411 146 33 admirer

1213 454 80 33 dans
1325 465 60 21 son
1418 452 101 33 cadre
1551 451 161 42 d'argent
1743 452 83 32 orné
1860 453 43 34 de
1937 455 33 33 la
2004 468 171 21 couronne

1215 497 119 43 royale,
1351 497 28 33 le
1396 496 116 33 miroir
1527 496 59 41 qui
1603 496 55 33 fut
1673 496 102 33 offert
1791 509 64 29 par
1871 498 47 33 les
1936 500 182 33 habitants
2135 499 40 33 de

1214 541 144 36 Londres
1374 542 17 32 à
1408 542 72 32 leur
1494 541 195 32 souverain.
1728 541 63 32 Les
1807 542 138 35 miroirs
1961 545 43 33 de
2019 545 156 41 l'époque

1215 588 54 33 des
1294 586 117 33 Stuart
1436 594 78 24 sont
1540 585 193 41 suspendus
1759 594 121 26 contre
1907 588 47 33 les
1982 601 193 30 panneaux,

1217 645 39 20 au
1268 631 60 33 lieu
1340 630 108 33 d'être
1460 630 172 33 encastrés
1645 629 142 40 dedans,
1801 639 35 23 et
1849 631 40 33 ils
1902 643 82 23 sont
1996 634 180 40 beaucoup

1216 677 70 42 plus
1308 675 102 41 petits
1433 687 67 29 que
1522 674 46 32 les
1592 674 133 32 miroirs
1748 674 172 44 français;
1944 678 48 33 les
2016 677 160 42 procédés

1216 720 151 43 spéciaux
1388 719 205 33 découverts
1616 730 63 30 par
1701 718 45 33 les
1770 719 189 35 miroitiers
1983 722 43 33 de
2050 722 127 33 France

1216 765 123 33 étaient
1361 763 176 34 demeurés
1561 775 46 19 un
1632 771 109 24 secret
1764 762 42 33 de
1830 763 33 33 la
1888 767 225 41 corporation
2137 766 40 32 de

1217 823 34 20 ce
1271 821 91 30 pays,
1384 816 34 25 et
1439 808 46 33 les
1507 807 182 33 difficultés
1711 807 41 33 de
1774 815 185 35 transport
1981 810 196 43 auxquelles

1217 852 215 44 s'ajoutaient
1462 852 45 33 les
1539 851 81 32 frais
1652 851 269 41 d'importation
1954 855 72 33 fort
2057 855 120 40 élevés,

1217 897 230 43 empêchaient
1464 896 105 42 qu'on
1589 896 72 32 leur
1678 896 40 32 fit
1736 904 177 27 traverser
1931 899 32 33 la
1983 900 165 32 Manche.

1260 943 58 32 Les
1338 941 116 34 cadres
1476 940 42 33 de
1539 952 53 21 ces
1615 940 132 33 miroirs
1768 941 208 40 présentent
1998 944 48 33 les
2068 956 111 21 carac-

1218 987 185 41 téristiques
1431 985 45 33 du
1505 985 88 41 style
1620 984 42 33 de
1688 985 173 41 l'époque.
1914 988 47 32 Ils
1990 997 81 24 sont
2097 988 81 33 d'un

1220 1031 104 34 dessin
1342 1042 91 21 assez
1450 1029 195 42 compliqué
1663 1041 40 21 en
1721 1038 123 31 argent
1861 1043 46 20 ou
1926 1032 114 40 dorés,
2059 1033 30 33 le
2106 1033 73 41 plus

1221 1084 137 25 souvent
1372 1075 41 32 de
1427 1074 82 33 fines
1524 1074 145 32 couches
1684 1073 160 41 d'argent
1860 1075 152 35 relevées
2028 1089 41 21 en
2084 1077 97 33 bosse

1221 1129 32 25 et
1274 1119 191 42 appliquées
1488 1130 57 21 sur
1567 1117 45 33 du
1636 1118 84 40 bois,
1743 1130 44 20 ou
1811 1131 126 22 encore
1960 1121 44 33 de
2027 1122 32 32 la
2082 1122 99 41 laque

1221 1165 54 42 qui
1293 1176 79 21 nous
1390 1163 143 33 arrivait
1551 1162 87 33 alors
1657 1162 170 40 d'Orient,
1846 1176 45 20 ou
1911 1165 44 33 de
1973 1166 32 32 la
2025 1178 158 30 marque-

1221 1209 86 33 terie.
1351 1208 47 33 Ce
1420 1207 124 33 n'était
1565 1219 66 30 que
1653 1207 67 32 très
1743 1218 179 24 rarement
1944 1222 69 29 que
2035 1210 69 33 l'on
2127 1223 56 20 en-

1221 1253 133 34 castrait
1376 1252 41 33 de
1440 1251 124 42 grands
1588 1251 132 32 miroirs
1743 1250 87 34 dans
1854 1252 48 33 les
1926 1266 189 29 panneaux
2137 1255 44 31 du

1222 1310 80 21 mur.
1351 1297 53 33 On
1436 1309 41 20 ne
1506 1296 67 33 cite
1604 1295 100 41 guère
1735 1308 67 29 que
1833 1297 172 43 quelques
2039 1299 143 41 grandes

1221 1343 172 41 élégantes,
1412 1341 78 33 Nell
1508 1340 113 41 Gwyn
1640 1349 35 24 et
1692 1339 125 33 Louise
1835 1334 44 40 de
1897 1342 33 33 la
1949 1343 233 40 Querouaille,

1221 1387 167 33 Duchesse
1430 1385 42 33 de
1515 1384 237 40 Portsmouth,
1797 1385 61 41 qui
1904 1388 146 32 avaient
2095 1388 87 32 leurs

1222 1431 167 34 chambres
1417 1429 213 33 lambrissées
1650 1429 41 33 de
1709 1429 111 41 glaces
1848 1430 45 32 où
1923 1443 35 21 se
1987 1432 196 33 reflétaient

1222 1477 81 32 leurs
1318 1475 107 33 beaux
1441 1486 99 29 yeux.
1580 1474 47 31 La
1645 1473 237 34 contrebande
1899 1474 60 34 des
1977 1476 136 33 miroirs
2130 1476 54 33 fut

1222 1532 62 21 une
1302 1509 205 52 importante
1526 1518 187 41 entreprise
1733 1517 17 33 à
1770 1526 94 25 cette
1883 1519 151 43 époque,
2056 1521 128 41 malgré

1223 1565 28 33 la
1270 1564 150 41 fabrique
1439 1562 45 33 du
1505 1562 66 32 duc
1591 1562 41 33 de
1653 1561 256 42 Buckingham.

1263 1609 50 33 On
1330 1608 72 33 voit
1420 1620 61 29 par
1499 1615 54 24 cet
1572 1618 124 30 aperçu
1716 1606 194 43 historique
1930 1621 69 29 que
2019 1609 30 32 le
2069 1609 117 33 miroir

1223 1666 62 29 que
1305 1665 80 21 nous
1407 1651 221 34 connaissons
1651 1659 51 24 est
1725 1663 66 20 une
1814 1651 186 34 invention
2025 1654 161 32 relative-

1223 1706 89 25 ment
1336 1697 142 32 récente.
1543 1695 53 33 On
1624 1695 185 41 n'imagine
1835 1708 62 29 pas
1925 1698 110 41 qu'on
2063 1698 49 33 ait
2138 1711 45 28 pu

1223 1743 65 32 s'en
1312 1753 122 30 passer,
1461 1740 85 33 mais
1573 1739 165 33 l'histoire
1764 1752 35 20 se
1825 1752 131 31 moque
1983 1742 43 32 de
2054 1754 38 21 ce
2118 1755 67 29 que

1224 1799 77 20 nous
1318 1797 152 30 pouvons
1487 1797 43 20 ou
1550 1796 40 21 ne
1608 1796 156 29 pouvons
1782 1784 182 42 imaginer.
2008 1786 28 32 Il
2055 1787 130 32 semble

1223 1844 61 29 que
1305 1830 27 33 le
1353 1829 332 43 perfectionnement
1707 1828 45 33 du
1776 1828 120 34 miroir
1919 1830 159 33 coincide
2102 1843 83 21 avec

1787 3283 57 42 Les
1844 3283 116 42 jolies
1968 3285 144 42 femmes
2126 3284 127 34 doivent
2266 3286 124 41 garder,

1786 3328 20 32 à
1853 3329 134 41 Venise,
2031 3341 66 21 une
2138 3330 254 33 reconnaisance

1784 3373 187 41 éternelle,
1971 3373 68 41 car
2039 3373 119 41 c'est
2196 3374 89 33 dans
2285 3374 107 33 cette

1784 3417 26 42 v
1810 3417 66 42 ille
1876 3417 67 42 que
1963 3418 71 43 Von
2034 3418 178 43 découvrit
2212 3418 53 43 la
2265 3418 127 43 fabri-

1786 3462 122 33 cation
1908 3462 88 33 des
2039 3462 155 35 miroirs
2194 3462 58 35 en
2252 3462 137 35 verre.

1787 3506 144 33 Souvent
1951 3508 28 32 le
2000 3507 97 33 cadre
2116 3507 77 33 était
2208 3508 38 32 de
2260 3509 131 32 couleur

2608 2326 64 42 Les
2672 2326 161 42 Infantes
2845 2325 77 32 dont
2934 2336 83 21 nous
3033 2324 100 41 adop-

2606 2379 71 24 tons
2710 2369 219 42 aujourd'hui
2963 2369 45 32 les
3046 2369 88 32 robes

2605 2423 225 34 somptueuses
2842 2413 179 34 admiraient
3021 2413 81 34 leur
3102 2413 34 34 s

2607 2460 102 32 beaux
2737 2471 85 29 yeux
2851 2458 101 32 noirs
2952 2458 102 32 dans
3082 2457 55 32 des

2608 2504 131 33 miroirs
2762 2504 38 32 de
2830 2502 129 40 Venise,
2983 2502 153 32 encadrés

2608 2549 36 32 de
2662 2549 96 32 chêne
2775 2547 126 41 sculpté
2920 2547 40 32 où
2979 2546 156 41 d'argent,

2607 2601 116 25 venant
2749 2592 55 32 des
2832 2592 100 32 Incas
2957 2591 44 33 du
3028 2591 108 32 Pérou

2543 2781 36 21 ce
2598 2781 65 29 que
2681 2768 45 33 les
2745 2767 216 42 philosophes
2980 2768 174 41 appellent
3172 2767 29 34 le

2575 2813 141 41 progrès
2744 2812 57 33 des
2829 2812 143 33 lumières
3049 2821 35 24 et
3111 2812 90 33 aussi

2544 2870 82 20 avec
2653 2858 29 32 le
2708 2857 215 33 raffinement
2948 2856 41 33 de
3015 2856 50 33 la
3065 2856 136 33 faculté

2543 2901 295 42 d'introspection.
2909 2900 153 34 Connais
3076 2901 48 33 toi
3138 2901 63 33 toi-

2543 2946 86 39 même
2629 2946 70 39 ",
2723 2945 89 33 voilà
2836 2957 66 21 une
2925 2945 146 33 maxime
3094 2945 107 42 appli-

2543 2991 85 41 quée
2645 3003 61 28 par
2723 2990 44 32 les
2784 2989 142 33 femmes
2943 2989 176 34 modernes

2542 3035 44 32 du
2610 3035 109 32 moins
2742 3047 39 20 en
2804 3046 37 21 ce
2863 3034 58 41 qui
2943 3046 165 21 concerne
3130 3035 70 32 leur

2542 3079 66 32 moi
2623 3079 147 33 extérieur
2770 3079 45 33 !
2855 3078 46 33 Et
2916 3087 178 32 pourtant,
3110 3080 33 40 je
3159 3091 40 21 ne

2540 3123 65 33 sais
2633 3123 25 32 si
2686 3123 78 33 elles
2792 3135 33 20 se
2852 3123 219 33 connaissent
3098 3124 102 32 beau-

2539 3180 87 28 coup
2658 3168 108 32 moins
2797 3167 236 41 qu'autrefois,
3065 3167 26 33 si
3122 3168 76 33 elles

2540 3212 222 41 n'apportent
2779 3212 96 40 point
2893 3211 128 33 devant
3038 3212 29 32 le
3084 3212 114 32 miroir

2539 3268 43 20 un
2605 3256 129 51 certain
2757 3256 141 32 nombre
2919 3255 127 34 d'idées
3068 3256 128 33 fausses

2536 3313 42 20 ou
2602 3300 17 32 à
2644 3300 117 32 moitié
2782 3300 110 32 vraies
2914 3300 58 41 qui
2995 3300 72 33 leur
3088 3300 111 33 défor-

2537 3353 94 24 ment
2649 3345 30 32 la
2696 3357 66 20 vue
2779 3344 126 41 malgré
2922 3344 30 33 la
2970 3344 170 42 limpidité
3157 3344 41 34 de

2536 3389 134 40 l'image
2706 3389 58 42 qui
2799 3389 108 40 surgit
2941 3389 132 33 devant
3107 3390 90 32 elles.

2535 3433 174 42 Quoiqu'il
2745 3445 40 21 en
2820 3433 77 40 soit,
2933 3433 29 33 le
2996 3433 117 33 miroir
3147 3442 52 24 est

2535 3477 221 42 aujourd'hui
2792 3490 65 20 une
2893 3477 58 33 des
2987 3478 128 41 parties
3152 3478 45 33 les

2535 3522 74 42 plus
2632 3522 228 41 importantes
2882 3522 42 33 de
2945 3523 31 31 la
2998 3522 199 34 décoration

2534 3567 103 32 d'une
2661 3567 105 41 pièce,
2791 3579 132 20 comme
2948 3567 20 32 il
2993 3575 52 25 est
3069 3580 46 20 un
3140 3567 57 33 des

2533 3611 164 32 éléments
2722 3611 174 33 essentiels
2923 3610 45 33 du
2990 3611 208 34 laboratoire

2534 3664 108 24 secret
2661 3655 41 33 de
2721 3656 30 32 la
2769 3656 213 38 coquetterie
2999 3656 174 33 féminine.

2289 3696 94 34 C'est
2412 3698 129 34 devant
2569 3700 46 32 lui
2644 3712 66 29 que
2743 3699 30 33 la
2807 3694 125 38 femme
2965 3712 34 21 se
3031 3700 91 33 fait
3122 3700 74 33 "sa

2244 3741 159 40 beauté,"
2422 3743 83 33 c'est
2522 3744 30 33 là
2570 3756 67 30 que
2654 3744 29 33 le
2701 3744 122 40 matin,
2842 3744 123 41 l'après
2989 3744 94 41 midi,
3102 3758 42 20 ou
3168 3744 29 33 le

2243 3786 66 32 soir
2337 3796 107 23 avant
2473 3788 130 42 chaque
2627 3788 89 34 lutte
2741 3788 123 42 qu'elle
2892 3801 83 21 aura
2999 3789 18 33 à
3046 3789 153 34 soutenir

2243 3838 117 26 contre
2377 3830 56 34 des
2449 3832 120 34 rivales
2584 3833 155 33 terribles
2754 3845 42 21 ou
2813 3832 247 42 insignifiantes
3076 3834 122 42 qu'elle

2243 3875 153 33 consulte
2419 3888 57 21 son
2505 3877 94 41 destin
2599 3877 41 41 ;
2663 3877 62 33 elle
2751 3877 170 41 interroge
2944 3890 50 21 ses
3018 3891 100 29 yeux,
3137 3878 62 34 elle

2244 3927 111 25 scrute
2373 3919 45 34 les
2437 3921 86 33 rides
2548 3922 276 41 imperceptibles
2848 3922 59 41 qui
2931 3931 153 32 peuvent
3107 3935 92 21 com-

2244 3976 133 21 mencer
2408 3964 41 33 de
2482 3978 34 21 se
2548 3966 127 33 former
2705 3974 125 25 autour
2859 3966 42 33 de
2930 3978 36 21 sa
2998 3967 144 41 bouche,
3172 3967 26 32 si

2242 4008 130 33 tendre.
2421 4010 73 33 Elle
2512 4010 112 34 l'aime
2646 4023 61 20 son
2732 4010 127 41 miroir,
2878 4010 152 43 lorsqu'il
3054 4012 47 32 lui
3125 4024 74 20 ren-

2243 4053 73 50 voit
2339 4065 65 21 une
2429 4054 109 50 image
2561 4056 187 40 souriante,
2767 4063 34 25 et
2826 4068 41 20 au
2892 4056 170 33 contraire
3083 4056 61 34 elle
3169 4056 29 33 le

2243 4097 72 33 hait
2338 4110 41 20 au
2404 4099 98 41 point
2526 4100 41 32 de
2591 4100 135 32 vouloir
2751 4099 29 33 le
2803 4099 107 33 briser
2932 4112 40 21 en
2996 4101 91 33 mille
3111 4113 89 20 mor-

2242 4154 104 20 ceaux
2373 4142 194 43 lorsqu'elle
2591 4156 23 30 y
2642 4144 176 42 découvre
2818 4144 58 42 le
2876 4144 238 42 témoignage
3143 4157 57 20 sur

2242 4199 65 29 que
2325 4186 128 35 l'heure
2470 4188 42 33 de
2530 4201 60 20 son
2609 4188 110 33 déclin
2738 4201 208 21 commence.

2285 4231 130 39 Qu'elle
2440 4241 52 24 est
2516 4233 199 33 saisissante
2738 4233 31 33 la
2794 4233 150 33 décision
2970 4233 89 42 prise
3081 4246 62 30 par
3168 4233 31 34 la

2242 4275 178 34 Comtesse
2445 4276 43 34 de
2513 4277 224 42 Castiglione,
2761 4286 92 24 cette
2878 4278 125 32 beauté
3026 4279 172 42 magique,

2240 4320 69 41 qui,
2328 4320 193 42 lorsqu'elle
2540 4322 124 33 devina
2683 4335 66 29 que
2768 4334 50 21 ses
2838 4322 118 33 heures
2976 4322 222 43 triomphales

2239 4364 246 42 s'achevaient,
2515 4366 177 42 supprima
2721 4374 78 25 tous
2829 4366 46 33 les
2904 4366 131 33 miroirs
3064 4367 42 34 de
3139 4379 60 21 son

2240 4417 244 33 appartement
2510 4419 34 25 et
2569 4423 40 20 ne
2635 4411 104 32 vécut
2765 4410 77 42 plus
2867 4411 104 41 qu'au
2997 4412 115 33 milieu
3141 4411 58 34 des

2239 4453 163 33 tableaux
2430 4455 58 41 qui
2518 4455 31 33 la
2579 4455 273 41 représentaient
2884 4455 85 33 dans
3002 4468 36 21 sa
3072 4456 128 34 sereine

2239 4497 182 41 splendeur
2453 4501 177 32 maîtresse
2655 4499 46 33 du
2728 4511 94 21 cœur
2847 4500 82 32 d'un
2954 4500 189 42 Empereur
3166 4509 38 25 et

2240 4543 172 40 peut-être
2431 4544 91 32 aussi
2539 4544 45 33 du
2604 4552 71 25 sort
2694 4544 82 32 d'un
2796 4544 255 41 Empire.

2431 4626 44 33 Le
2499 4626 156 42 premier
2655 4626 158 42 Empire
2841 4628 131 33 inventa
2996 4629 28 32 le

2429 4671 270 33 miroir-chevalet
2741 4671 92 33 ainsi
2874 4684 60 29 que
2975 4685 51 21 ces

2430 4715 138 43 petits
2568 4715 158 43 miroirs
2726 4715 217 43 suspendus,
2943 4715 80 43 qui

2422 4760 116 41 furent
2571 4761 45 32 les
2650 4760 212 41 précurseurs
2894 4761 39 33 de
2966 4774 60 20 nos

2434 4805 167 33 modernes
2634 4804 133 33 miroirs
2793 4817 19 21 a
2836 4805 94 33 trois
2930 4805 96 33 côtés
