3653 5085
68 206 61 39 T5
189 192 256 51 Janvier
3246 215 20 30 9

138 2763 29 33 Le
167 2763 30 33 s
208 2763 142 42 femmes
369 2760 183 41 orientales,
571 2761 31 32 si
618 2767 151 27 savantes
787 2772 40 20 en
845 2760 78 32 l'art
940 2759 108 33 subtil

138 2808 36 32 de
190 2808 33 32 la
241 2816 143 33 paresse,
404 2814 54 24 ont
475 2805 104 33 donné
595 2806 46 32 les
658 2805 140 33 modèles
815 2804 38 33 de
870 2804 176 41 beaucoup

140 2852 47 33 de
187 2852 63 33 nos
250 2852 113 33 robes
384 2850 202 33 d'intérieur.
631 2848 172 42 Celle-ci,
803 2848 243 42 d'inspiration

143 2905 147 32 persane,
325 2909 19 19 a
376 2907 66 21 une
473 2895 134 41 tunique
636 2894 78 33 dont
737 2894 29 32 le
791 2893 116 33 devant
932 2900 48 25 est
1006 2905 40 19 en

142 2941 124 32 brocart
283 2940 74 33 noir
375 2947 28 25 et
422 2952 33 20 or
472 2947 26 25 et
515 2939 27 32 le
558 2939 54 33 dos
632 2951 40 20 en
689 2938 86 33 tissu
794 2938 61 38 noir
855 2938 37 38 ;
917 2937 49 41 la
966 2937 84 41 jupe

145 2983 70 34 est
215 2983 52 34 en
267 2983 140 34 velours
407 2983 87 34 noir
494 2983 140 34 assorti
634 2983 52 34 au
686 2983 108 34 col.
844 2982 44 33 Le
917 2982 130 32 brocart

145 3029 93 33 borde
262 3028 50 40 la
312 3028 133 40 tunique
445 3028 50 40 et
495 3028 84 40 lui
606 3028 132 32 donne
738 3028 88 32 son
826 3028 220 32 mouvement

74 4434 119 42 droite)
218 4435 133 42 Depuis
376 4435 85 42 qu'il
481 4443 44 24 est
548 4436 125 41 élégant
696 4436 38 33 de
757 4437 148 41 paraître

91 4481 10 31 i
121 4480 104 33 mince
246 4492 60 29 que
327 4479 155 43 possible,
504 4492 40 20 on
567 4481 56 33 n'a
645 4481 76 41 plus
743 4489 82 33 peur
847 4493 59 30 que

77 4524 157 60 dessins
234 4524 98 60 vous
332 4524 256 60 grossissent.
588 4524 118 60 Cette
706 4524 137 60 blouse
843 4524 62 60 en

82 4582 82 20 enne
175 4569 67 41 gris
255 4569 72 33 bleu
340 4576 46 25 est
400 4568 112 32 brodée
523 4569 38 32 de
573 4570 118 32 dessins
751 4570 119 41 orange

72 4613 113 33 'JUblée
205 4613 38 33 de
264 4614 69 32 soie
355 4625 100 28 rouge
470 4613 94 41 fané.
609 4614 115 42 L'effet
746 4622 45 25 est
813 4615 93 33 char-

85 4667 9 23 t
110 4658 166 41 lorsqu'on
293 4657 154 33 entrevoit
463 4656 33 34 la
512 4657 109 34 blouse
637 4666 88 25 entre
741 4659 46 32 les
803 4671 103 20 revers

72 4716 8 19 i
101 4703 133 33 tailleur
252 4702 94 33 aussi
346 4702 95 33 bien
461 4714 59 29 que
538 4703 182 41 lorsqu'elle
739 4703 80 41 offre
838 4715 66 21 aux

72 4761 12 18 :
112 4760 51 20 ses
195 4746 191 34 charmants
417 4753 28 25 et
477 4747 179 32 truculents
687 4743 219 37 barbarismes

2326 2753 61 32 Les
2421 2753 111 42 motifs
2566 2761 138 33 persans
2732 2753 76 41 font
2843 2752 101 41 aussi
2944 2752 101 41 jolis
3045 2752 67 41 sur
3112 2752 104 41 ■'les

2326 2797 151 42 négligés
2477 2797 186 42 parisiens
2689 2809 59 29 que
2771 2809 58 20 sur
2852 2797 45 33 les
2920 2805 196 34 somptueux
3139 2799 78 33 vête-

2326 2849 103 25 ments
2450 2842 38 32 de
2508 2842 78 40 soie,
2609 2841 57 42 qui
2687 2848 54 25 ont
2762 2842 104 32 rendu
2886 2841 33 33 la
2940 2841 99 34 Perse
3053 2844 163 41 fameuse.

2326 2887 44 32 Le
2394 2886 114 33 modèle
2573 2885 33 34 N
2606 2885 136 34 aziad"
2765 2893 45 25 est
2834 2898 39 20 en
2895 2885 81 33 voile
2997 2886 39 33 de
3057 2888 68 33 soie
3148 2899 69 21 rose

2325 2930 112 33 broché
2459 2931 38 32 de
2519 2931 111 42 motifs
2652 2930 149 42 persans,
2801 2930 167 42 figurant
2990 2930 56 34 des
3061 2932 105 42 fleurs
3189 2938 27 26 et

2325 2975 55 32 des
2395 2975 181 41 papillons,
2593 2982 27 26 et
2635 2974 114 41 séparé
2764 2987 39 20 en
2818 2975 85 32 deux
2918 2974 104 41 larges
3036 2984 180 34 panneaux

2326 3020 141 32 formant
2479 3019 55 33 des
2548 3018 152 34 manches
2712 3030 39 21 en
2757 3019 109 42 forme
2877 3018 116 33 d'ailes
3009 3020 38 33 de
3064 3021 152 42 papillon

2417 4322 86 34 LES
2528 4320 266 35 NOUVEAUX
2818 4302 246 52 NEGLIGES
3086 4321 67 33 DE
3169 4320 178 34 BABANI

2420 4528 297 35 COMBINENT
2744 4527 58 33 LE
2824 4525 119 35 CHIC
2967 4526 67 33 DE
3058 4526 142 34 PARIS
3225 4524 124 34 AVEC

2421 4736 84 33 LES
2534 4733 131 36 TONS
2695 4732 59 33 ET
2784 4731 86 34 LES
2898 4728 190 35 MOTIFS
3116 4726 237 35 D'ORIENT
