3613 5057
205 293 33 32 Il
262 300 45 26 est
333 296 129 34 certain
487 308 60 31 que
570 296 65 33 l'on
661 308 40 20 ne

204 345 75 34 peut
298 349 102 30 guere
419 341 180 42 apercevoir
617 341 83 32 dans

202 394 32 20 ce
256 394 156 24 morceau
432 386 37 33 de
487 386 114 32 bronze
619 385 79 42 poli.

202 426 26 32 le
250 426 92 41 reflet
365 430 40 32 de
426 437 67 26 tant
513 429 39 33 de
575 429 125 42 magni-

201 470 150 37 ficences.
435 474 106 33 Cette
588 474 111 32 reine

202 514 166 43 d'Egypte
376 517 112 42 fit-elle
498 525 108 35 porter
616 519 83 32 dans

201 571 56 21 son
292 562 129 41 palais,
450 563 120 41 l'étang
599 563 38 36 de
666 563 32 33 la

199 604 82 39 forêt
335 607 187 41 prochaine,
576 619 41 21 ou
667 620 32 20 se

201 648 195 36 mirait-elle
426 652 81 33 dans
537 651 47 32 les
615 665 85 28 yeux

287 694 40 32 de
344 708 61 21 son
422 695 117 34 esclave
539 695 30 34 ?

229 2034 167 110 LE
521 2024 85 120 >
606 2024 214 120 MIJR
820 2024 85 120 O
905 2024 131 120 I
1084 2045 314 81 RAT
1398 2045 157 81 R
1555 2045 157 81 A
1712 2045 314 81 VER
2026 2045 238 81 S
2424 2052 252 73 LES
2840 2030 386 96 ÂGES

395 1830 52 104 1
636 1918 50 47 ,17~

299 1921 302 119 /'*>•

292 1984 89 136 il
381 1984 119 136 V»
548 1986 206 164 Wii)

288 2067 142 153 Vf
616 2092 134 130 JJ

349 2194 410 64 ont

294 2222 52 72 ES
348 2192 274 102 TT^nété
622 2192 138 102 Qnr

294 2222 52 33 ES

367 2211 392 67 ont

349 2267 194 41 telleméM
543 2267 130 41 pete
703 2281 57 21 sur

348 2319 77 25 tous
454 2312 60 32 les
514 2312 92 32 tons
635 2324 66 26 que
729 2313 29 33 le

221 2368 147 31 penseur
386 2364 34 24 et
434 2356 146 33 l'artiste
592 2350 166 40 devaient

220 2402 178 41 présenter
415 2413 46 20 un
479 2400 116 33 miroir
613 2400 18 33 à
647 2401 31 32 la
697 2413 59 21 na-

220 2455 87 30 ture,
327 2457 68 29 que
413 2457 84 21 nous
519 2457 108 20 avons
641 2445 115 34 oublié

219 2503 66 29 que
321 2489 121 33 c'était
470 2489 31 33 la
533 2497 123 25 nature
683 2491 71 41 qui,

219 2533 183 41 autrefois,
402 2533 100 41 nous
518 2533 186 42 présentait
704 2533 51 42 le

218 2577 139 43 miroir,
357 2577 192 43 puisqu'il
586 2586 53 25 est
675 2578 79 34 bien

217 2623 75 33 vrai
320 2635 69 29 que
423 2623 44 33 les
493 2622 163 43 premiers
692 2624 63 32 mi-

218 2668 84 33 roirs
316 2667 119 32 furent
449 2668 44 32 les
508 2667 121 41 étangs
651 2668 103 40 paisi-

217 2713 71 32 bles
309 2711 61 33 des
391 2712 68 33 bois
459 2712 55 33 et
533 2711 67 41 des
600 2711 152 41 prairies

218 2757 58 42 qui
301 2756 192 33 reflétaient
515 2756 29 32 le
567 2755 77 33 bleu
669 2768 84 22 nua-

219 2813 86 29 geux
337 2800 47 32 du
415 2800 194 33 firmament
640 2808 34 25 et
704 2801 46 33 les

219 2839 174 39 formes
433 2845 20 32 b
465 2845 8 33 l
486 2844 169 34 anches
692 2845 58 34 des

220 2889 172 43 nymphes
416 2901 62 21 aux
501 2888 125 42 grands
649 2902 100 28 yeux.

264 2934 49 33 Ce
350 2934 87 32 n'est
471 2946 65 30 que
570 2933 86 33 dans
692 2934 58 34 des

220 2987 113 32 temps
347 2978 75 41 plus
435 2978 187 40 modernes,
633 2980 117 39 quand

220 3031 99 24 notre
348 3021 119 43 espèce
467 3021 155 43 préféra
651 3022 98 34 l'abri

219 3080 65 28 peu
316 3062 215 47 romantique
559 3066 41 33 de
629 3077 124 31 quatre
782 3082 105 29 murs,
918 3084 70 21 aux

220 3111 147 41 dangers
385 3111 172 33 enivrants
576 3111 41 33 de
635 3111 147 43 l'espace
800 3114 96 41 libre,
916 3129 70 29 que

219 3156 46 33 les
287 3155 143 33 femmes
450 3155 164 34 sentirent
635 3156 29 32 le
685 3156 117 35 besoin
824 3159 42 33 de
887 3161 98 41 quel-

219 3213 67 29 que
304 3200 102 32 chose
423 3201 55 40 qui
495 3200 53 33 fût
566 3200 45 32 les
631 3213 88 28 yeux
737 3203 42 33 de
797 3204 31 32 la
847 3205 136 33 maison

216 3256 138 21 comme
370 3244 83 32 l'eau
469 3257 82 30 pure
566 3244 87 33 était
669 3245 45 33 les
731 3260 89 28 yeux
837 3248 45 33 du
899 3262 87 29 pay-

216 3301 92 28 sage.
358 3288 93 33 Ainsi
475 3288 120 42 naquit
620 3289 29 33 le
674 3291 127 40 miroir,
827 3293 87 33 mais
941 3294 43 33 de

215 3328 99 46 longs
346 3332 112 34 siècles
486 3333 163 33 devaient
679 3335 163 35 s'écouler
873 3347 112 24 avant

214 3391 68 28 que
306 3377 161 34 l'homme
488 3385 62 35 put
571 3378 112 40 égaler
703 3392 63 29 par
787 3381 197 35 l'industrie

213 3435 37 20 ce
273 3421 62 42 qui
360 3422 94 33 avait
473 3422 98 34 coûté
594 3422 26 32 si
642 3435 64 29 peu
729 3425 157 34 d'efforts
909 3427 18 33 à
952 3427 31 33 la

213 3475 140 24 nature.

259 3510 108 41 L'âge
390 3510 40 33 de
451 3511 121 33 bronze
593 3511 52 33 vit
667 3511 83 36 faire
773 3527 45 21 un
841 3516 142 41 progrès

212 3555 200 41 important
440 3555 16 33 à
485 3556 78 32 l'art
591 3555 45 33 du
666 3557 136 44 miroir;
832 3572 89 29 pour
951 3561 32 32 la

211 3599 173 42 première
412 3599 60 33 fois
499 3600 46 33 les
573 3599 142 35 femmes
744 3604 118 33 furent
890 3605 94 32 vrai-

211 3652 99 25 ment
354 3644 194 40 satisfaites,
589 3653 35 24 et
664 3645 46 34 les
752 3648 144 34 beautés
939 3649 43 33 de

210 3688 198 33 l'ancienne
454 3689 145 41 Egypte,
650 3690 190 42 ajustaient
890 3694 91 32 leurs

210 3744 195 30 perruques
425 3742 233 33 somptueuses
678 3744 35 24 et
731 3737 249 42 compliquées,

209 3790 44 20 ou
283 3778 240 41 promenaient
551 3777 45 33 les
626 3791 146 30 crayons
801 3782 91 33 noirs
922 3795 59 20 sur

209 3821 90 33 leurs
342 3821 60 32 cils
439 3830 32 25 et
507 3823 87 32 leurs
634 3826 152 41 sourcils,
826 3839 85 21 avec
950 3827 30 33 le

209 3878 141 21 secours
368 3865 42 33 de
425 3867 128 33 miroirs
570 3879 41 20 en
629 3867 126 37 bronze
771 3871 80 42 poli.
883 3871 96 41 Puis,

209 3923 37 20 ce
271 3910 111 32 métal
408 3910 51 33 fut
482 3911 170 41 remplacé
677 3925 62 29 par
764 3916 42 33 de
830 3915 150 42 l'argent

208 3954 82 42 poli,
344 3954 59 33 des
451 3956 134 33 artistes
635 3957 274 45 s'appliquèrent
960 3961 18 32 à

209 3999 124 33 rendre
361 4011 54 20 ces
441 4012 179 21 nouveaux
647 4005 202 33 accessoires
877 4004 42 34 de
946 4005 32 33 la

209 4044 140 32 toilette
369 4043 159 35 féminine
547 4045 90 32 aussi
656 4047 159 41 précieux
833 4049 72 43 que
905 4049 73 43 des

206 4089 145 41 joyaux.

204 4392 63 33 Les
286 4392 174 35 duchesses
484 4397 218 42 magnifiques

204 4437 59 41 qui
313 4437 184 41 ajoutaient
545 4448 71 26 tant
666 4443 38 32 de

202 4482 183 41 splendeur
405 4496 64 21 aux
488 4485 106 33 Cours
613 4486 38 32 de
669 4487 34 32 la

204 4526 229 34 Renaissance
525 4530 178 41 Italienne,

203 4571 133 32 avaient
357 4571 56 33 des
435 4574 144 42 miroirs
579 4574 126 42 dignes

201 4615 123 32 d'elles.
375 4615 85 35 C'est
483 4631 40 20 en
548 4619 73 41 effet
645 4632 58 20 sur

200 4659 63 34 les
263 4659 142 34 miroirs
425 4662 38 33 de
483 4670 76 26 cette
580 4672 122 33 epoque

202 4704 98 41 qu'on
321 4707 115 51 trouve
436 4707 66 51 les
502 4707 82 51 plus
584 4707 118 51 jolies

199 4749 187 41 sculptures
408 4758 29 25 et
457 4752 46 33 les
524 4752 78 42 plus
619 4753 83 52 jolis

200 4792 70 33 bois
310 4792 94 34 dorés
442 4803 29 25 et
506 4798 196 32 contournés

2741 2232 155 41 Quelque
2925 2232 111 32 beaux
3069 2239 34 24 et
3136 2230 93 41 agré-

2696 2276 92 33 ables
2813 2276 16 32 à
2854 2276 131 32 manier
3007 2288 67 29 que
3095 2274 134 33 fussent

2696 2333 53 20 ces
2777 2321 144 39 miroirs,
2950 2320 19 32 il
2997 2319 78 33 faut
3101 2331 128 21 avouer

2695 2364 175 42 cependant
2870 2364 141 42 qu'ils
3032 2376 40 20 ne
3092 2364 136 41 présen-

2696 2410 111 32 taient
2838 2410 18 32 à
2888 2408 245 42 l'Egyptienne
3164 2407 64 32 élé-

2696 2462 104 32 gante
2856 2454 42 32 de
2954 2466 37 20 ce
3047 2452 178 41 temps-là,

2695 2499 130 40 qu'une
2889 2497 68 33 très
3029 2496 198 42 imparfaite

2696 2542 111 42 image
2828 2541 41 34 de
2895 2554 35 21 sa
2956 2553 178 30 personne,
3154 2540 72 33 leur

2695 2586 147 42 pouvoir
2865 2586 42 33 de
2930 2586 173 33 réflection
3127 2585 98 32 étant

2695 2643 93 21 assez
2810 2631 102 33 faible
2933 2639 33 24 et
2986 2630 87 33 leurs
3095 2629 129 33 dimen-

2694 2676 90 32 sions
2802 2675 202 33 demeurant
3021 2673 201 33 au-dessous

2695 2719 40 33 de
2777 2719 97 33 celles
2915 2719 40 33 de
2997 2731 59 20 nos
3099 2717 122 42 grands

2695 2764 131 32 miroirs
2856 2764 16 32 à
2903 2762 136 34 main.
3039 2762 113 34 Mais
3152 2762 69 34 on

2695 2817 82 32 peut
2800 2808 73 32 voir
2895 2808 84 32 dans
3002 2807 45 32 les
3071 2806 149 40 Musées,

2694 2852 40 33 au
2734 2852 83 33 fini
2841 2852 40 33 de
2904 2851 77 33 leur
2981 2851 141 33 travail
3145 2859 34 24 et
3202 2850 17 33 à

2693 2897 30 32 la
2752 2896 126 33 subtile
2907 2896 144 32 richesse
3080 2895 41 33 de
3149 2895 72 32 leur

2692 2941 288 38 ornementation,
3025 2940 105 41 qu'on
3174 2939 44 32 les

2693 2985 109 33 tenait
2841 2997 41 20 en
2922 2984 127 41 grande
3088 2983 130 34 estime.

2689 3030 45 32 Le
2755 3038 112 32 temps
2890 3041 17 20 a
2929 3028 87 33 terni
3039 3028 87 33 leurs
3148 3040 71 20 sur-

2461 3073 90 33 faces
2578 3073 99 42 quaid
2677 3073 66 42 il
2771 3086 40 20 ne
2838 3073 45 32 les
2911 3085 17 20 a
2956 3085 59 29 pas
3043 3072 175 33 corrodées

2461 3118 334 42 impitoyablement.
2847 3118 47 31 La
2922 3117 211 42 coquetterie
3160 3116 58 32 des

2459 3162 141 33 femmes
2729 3170 34 25 et
2796 3161 58 33 des
2888 3162 165 39 hommes,
3088 3160 62 33 dut
3185 3173 33 20 se

2459 3215 179 24 contenter
2664 3206 128 33 durant
2819 3206 59 32 six
2878 3206 105 32 mille
3010 3217 60 20 ans
3098 3205 39 32 de
3164 3217 53 20 ces

2459 3251 185 32 médiocres
2684 3250 195 40 serviteurs,
2919 3262 121 21 encore
3080 3262 66 29 que
3186 3249 30 32 la

2459 3295 205 33 fabrication
2706 3295 45 32 du
2786 3306 96 21 verre
2921 3301 156 26 remonte
3108 3294 17 32 à
3160 3306 57 20 en-

2458 3340 96 32 viron
2595 3348 123 33 quatre
2760 3338 91 33 mille
2892 3351 60 20 ans
2995 3346 109 25 avant
3138 3337 78 33 l'ère

2456 3384 206 33 chrétienne.

2500 3429 61 32 Les
2583 3428 105 33 Grecs
2712 3436 34 24 et
2767 3427 45 33 les
2835 3427 166 32 Romains
3024 3426 192 33 donnèrent

2456 3485 40 20 au
2529 3473 115 32 miroir
2675 3485 65 20 une
2771 3472 95 41 place
2897 3484 121 20 encore
3048 3471 76 42 plus
3156 3471 61 31 im-

2455 3525 160 33 portante
2646 3516 85 33 dans
2763 3516 30 32 la
2824 3516 54 32 vie
2909 3515 134 33 sociale.
3096 3515 54 33 On
3182 3527 34 20 se

2454 3561 159 33 souvient
2640 3574 66 29 que
2734 3560 160 34 Narcisse
2922 3561 105 40 goûta
3056 3572 45 20 un
3130 3559 84 33 fatal

2453 3606 115 41 plaisir
2598 3605 85 33 dans
2715 3605 30 33 la
2777 3605 274 41 contemplation
3083 3604 41 33 de
3155 3616 61 20 son

2454 3650 108 41 image
2579 3663 66 29 que
2662 3649 46 33 lui
2725 3649 190 42 présentait
2932 3649 31 33 la
2981 3648 134 33 surface
3132 3648 82 32 d'un

2452 3695 113 41 étang,
2594 3703 34 25 et
2655 3694 45 33 les
2728 3694 125 41 petites
2881 3693 123 41 figures
3031 3693 58 32 des
3117 3704 98 21 vases

2452 3751 92 29 grecs
2565 3738 225 34 succombent
2810 3746 149 25 souvent
2979 3738 16 32 à
3018 3737 31 32 la
3070 3736 146 33 fascina-

2452 3784 71 32 tion
2564 3783 83 33 d'un
2688 3782 117 33 miroir
2844 3795 67 29 que
2951 3782 154 32 soutient
3144 3781 72 33 leur

2451 3840 120 29 genou,
2597 3840 57 20 car
2678 3828 46 32 les
2750 3827 132 32 miroirs
2907 3839 40 20 en
2973 3825 77 43 pied
3075 3838 43 20 ou
3144 3838 72 20 sus-

2450 3872 143 41 pendus,
2611 3872 194 42 paraissent
2820 3883 121 21 encore
2957 3870 131 42 ignorés
3104 3870 42 32 de
3161 3882 53 21 ces

2451 3917 106 32 riches
2588 3925 35 24 et
2653 3924 162 25 savantes
2846 3915 224 32 civilisations
3101 3914 114 33 classi-

2449 3973 94 30 ques.
2585 3961 147 33 Comme
2749 3961 29 32 le
2796 3960 147 41 pouvoir
2961 3959 177 33 réflecteur
3155 3958 59 33 des

2450 4005 132 33 miroirs
2609 4005 41 33 de
2677 4004 105 33 métal
2808 4004 233 41 dépendaient
3066 4003 45 32 du
3137 4015 78 29 par-

2449 4050 64 32 fait
2561 4050 68 41 poli
2679 4049 42 33 de
2759 4049 31 32 la
2837 4048 144 40 surface,
3018 4048 31 32 la
3087 4047 127 33 femme

2450 4106 145 29 grecque
2623 4093 141 34 mettait
2798 4093 29 32 le
2857 4093 71 32 sien
2965 4092 84 33 dans
3073 4104 46 20 un
3141 4092 72 32 étui

2447 4151 44 20 ou
2514 4151 67 20 une
2610 4138 94 33 boîte
2737 4138 87 32 dont
2845 4137 30 33 le
2897 4137 60 33 dos
2991 4136 87 33 était
3100 4136 29 33 le
3151 4136 61 32 dos

2449 4183 192 32 richement
2694 4182 103 41 gravé
2843 4181 46 32 du
2939 4181 116 33 miroir
3096 4180 116 33 tandis

2448 4240 66 29 que
2545 4227 29 33 le
2602 4227 118 33 dessus
2749 4226 87 33 était
2867 4238 41 20 en
2939 4226 126 33 bronze
3094 4237 44 21 ou
3171 4237 41 20 en

2449 4280 131 33 argent,
2621 4271 311 41 magnifiquement
2970 4269 110 33 ciselé.
3138 4269 74 32 Elle

2448 4316 111 33 tenait
2585 4316 29 32 le
2641 4324 79 24 tout
2746 4327 62 30 par
2833 4327 47 19 un
2907 4315 106 32 cercle
3039 4313 41 33 de
3106 4313 106 33 métal

2447 4360 85 33 dans
2553 4360 110 42 lequel
2684 4360 61 33 elle
2765 4359 132 42 glissait
2916 4371 50 20 ses
2986 4358 124 41 doigts.
3148 4358 63 32 Les

2447 4405 147 32 célèbres
2619 4404 132 33 miroirs
2775 4403 42 33 de
2841 4403 170 33 Praxitèle
3035 4410 178 25 montrent

2445 4462 67 29 que
2548 4449 45 32 les
2630 4449 76 41 plus
2744 4448 147 32 illustres
2929 4447 136 33 artistes
3102 4446 42 33 de
3180 4446 30 32 la

2445 4493 109 34 Grèce
2576 4506 40 20 ne
2637 4492 246 42 dédaignaient
2904 4492 98 41 point
3023 4491 42 33 de
3085 4499 126 25 mettre

2446 4538 71 33 leur
2540 4546 54 24 art
2615 4537 97 33 divin
2735 4549 42 21 au
2801 4537 129 32 service
2952 4536 41 33 de
3015 4536 32 32 la
3069 4543 142 34 coquet-

2446 4582 94 33 terie.

2489 4626 159 42 Quoique
2679 4626 29 32 le
2738 4637 96 21 verre
2865 4632 223 34 transparent
3118 4631 34 25 et
3182 4623 30 32 le

2446 4683 96 20 verre
2579 4683 137 29 opaque
2754 4670 135 32 fussent
2927 4669 83 32 d'un
3049 4679 162 21 commun

2445 4727 104 29 usage
2577 4715 82 33 chez
2686 4715 46 32 les
2760 4714 106 33 Grecs
2895 4722 34 24 et
2957 4713 45 33 les
3032 4712 179 50 Romains,

2446 4768 34 24 et
2506 4772 66 29 que
2600 4760 45 32 les
2674 4758 178 40 Romains,
2881 4758 17 32 à
2927 4766 79 24 tout
3032 4757 29 33 le
3088 4756 124 40 moins,

2447 4803 134 33 fussent
2600 4803 162 33 familiers
2783 4815 83 20 avec
2886 4811 78 24 tous
2984 4802 46 32 les
3050 4800 163 43 procédés

964 2227 75 48 La
1083 2240 179 35 nature
1299 2226 163 49 révéla
1503 2227 216 48 d'abord
1767 2227 27 48 à
1845 2228 253 50 l'homme
2139 2231 239 47 l'illusion
2416 2231 84 62 qui

963 2394 197 49 double
1196 2395 41 47 la
1275 2395 185 48 beauté
1498 2395 68 47 du
1605 2394 205 60 monde,
1851 2397 134 48 mais
2028 2416 55 29 ce
2121 2398 84 48 fut
2253 2399 148 60 grâce
2438 2417 62 29 au

965 2561 266 49 Vénitiens
1262 2580 97 44 que
1390 2561 119 47 l'art
1537 2561 204 49 rivalisa
1775 2580 129 30 avec
1932 2563 46 47 la
2009 2576 206 48 nature,
2246 2577 51 35 et
2324 2566 177 61 depuis

962 2727 45 49 le
1060 2726 202 49 XIVeme
1312 2727 190 49 siècle
1502 2727 108 49 les
1610 2727 165 49 miroi
1789 2747 42 29 rs
1903 2729 181 49 furent
2140 2749 61 29 en
2259 2743 243 36 constant

960 2894 228 61 progrès,
1242 2913 126 43 pour
1418 2894 44 47 le
1517 2895 113 61 plus
1685 2896 164 59 grand
1908 2896 180 61 plaisir
2144 2898 87 47 des
2287 2897 212 48 femmes
