3599 5043
466 245 39 28 42
3243 204 225 42 VOGUE
3522 165 35 113 !

1898 1365 94 41 Lyon
2014 1372 45 26 est
2080 1364 120 42 depuis
2221 1363 170 43 plusieurs
2411 1362 113 34 siècles
2544 1362 28 33 le
2593 1362 107 42 grand
2719 1370 105 26 centre
2840 1362 155 43 français
3016 1361 38 33 de
3074 1360 34 34 la

1890 1409 209 42 fabrication
2120 1409 38 32 de
2178 1409 34 33 la
2233 1408 79 33 soie.
2359 1407 86 34 C'est
2466 1419 48 21 un
2537 1407 174 41 Lyonnais
2732 1407 130 34 nommé
2883 1407 144 41 Dangon
3050 1405 58 43 qui

1898 1454 134 33 inventa
2056 1466 39 21 en
2121 1453 88 42 I605
2235 1453 29 33 le
2289 1452 113 34 métier
2424 1452 38 33 de
2485 1462 102 32 2.400
2614 1452 122 33 cordes.
2788 1451 45 33 Ce
2860 1451 112 34 métier
2999 1450 108 33 rendit

1898 1498 149 42 pendant
2080 1498 86 33 deux
2199 1505 89 26 cents
2322 1509 64 22 ans
2418 1496 301 42 d'incomparables
2751 1496 137 33 services
2921 1503 29 26 et
2983 1507 41 21 ne
3051 1495 57 42 fut

1897 1543 133 33 détroné
2046 1555 60 30 que
2130 1551 63 33 par
2212 1543 29 32 le
2258 1541 113 34 métier
2388 1541 38 33 de
2442 1542 174 42 Jacquart.
2657 1540 233 42 Aujourd'hui
2905 1540 33 34 la
2956 1539 152 34 machine

1898 1600 21 20 a
1931 1587 164 42 remplacé
2107 1586 21 34 à
2139 1595 66 34 peu
2223 1586 75 42 près
2314 1587 30 33 le
2360 1586 119 34 travail
2495 1584 21 34 à
2531 1585 34 33 la
2582 1585 106 34 main.
2725 1585 52 34 On
2794 1597 41 22 ne
2851 1592 125 35 compte
2993 1584 78 42 plus
3088 1583 21 33 à

2191 1631 94 42 Lyon
2303 1643 61 30 que
2380 1640 123 24 10.000
2524 1630 130 33 métiers
2671 1630 21 33 à
2708 1630 94 33 main

472 1846 157 74 AU
770 1822 372 99 MUSÉE
1288 1844 685 86 HISTORIQUE
2118 1846 201 74 DES
2454 1844 359 76 TISSUS
2950 1846 75 72 A
3186 1840 330 102 LYON;

470 2008 100 98 0

575 2010 35 34 N
631 2010 162 42 m'avait
798 2010 182 40 beaucoup
1001 2009 95 42 parlé
1116 2008 43 33 de
1178 2020 38 21 ce
1236 2008 216 34 miraculeux

599 2055 119 32 musée
744 2054 43 34 de
814 2054 137 34 soieries
979 2053 186 33 anciennes
1193 2052 61 42 qui
1281 2053 93 33 tient
1400 2065 52 21 ses

600 2107 117 33 portes
737 2099 236 41 jalousement
993 2097 158 40 fermées,
1174 2096 88 33 dans
1284 2097 31 33 le
1336 2097 116 33 Palais

467 2140 43 34 de
527 2142 32 33 la
577 2136 145 48 Bourse,
737 2136 21 40 à
775 2143 111 42 Lyon.
924 2141 104 34 Aussi
1045 2142 147 33 n'est-ce
1207 2153 63 30 pas
1287 2153 80 22 sans
1383 2142 70 41 jnie

467 2197 70 30 que
561 2188 37 41 je
624 2187 170 42 pénétrai,
823 2187 99 42 après
949 2185 98 34 avoir
1073 2185 109 34 sonné
1209 2185 19 33 à
1256 2197 69 22 une
1351 2194 102 34 porte

469 2232 277 40 monumentale,
787 2231 87 33 dans
914 2243 68 21 une
1020 2230 108 34 haute
1167 2229 85 34 salle
1291 2242 44 21 au
1374 2231 80 41 jour

469 2275 136 42 timide,
631 2276 72 42 qui,
729 2276 167 33 tombant
919 2287 58 21 sur
1001 2287 54 20 ces
1080 2286 188 21 morceaux
1292 2274 161 34 d'étoffes

470 2320 229 41 centenaires,
722 2321 121 40 ajoute
863 2331 123 22 encore
1006 2319 19 33 à
1046 2319 73 33 leur
1140 2318 129 42 poésie,
1290 2319 165 33 nimbant

470 2364 75 32 leur
562 2364 124 33 coloris
705 2365 173 41 pâlissant
896 2364 106 33 d'une
1020 2363 121 33 ombre
1160 2363 233 42 symbolique.

517 2407 42 34 Se
580 2408 127 42 peut-il
730 2409 107 42 qu'au
861 2408 112 33 début
994 2407 42 34 de
1057 2407 81 33 l'ère
1160 2407 215 42 chrétienne,
1398 2419 58 21 sur

471 2464 55 20 ces
550 2452 66 33 lins
642 2452 101 33 dorés
768 2453 124 42 depuis
917 2464 64 30 par
1005 2452 31 33 le
1060 2460 127 33 temps,
1214 2451 60 33 des
1298 2452 157 33 ouvriers

471 2496 96 33 aient
587 2497 85 32 tissé
693 2497 59 33 des
774 2497 98 33 bleus
893 2505 36 24 et
950 2496 60 33 des
1033 2508 121 30 rouges
1176 2496 93 32 aussi
1290 2496 166 40 intenses,

470 2539 85 33 d'un
579 2540 117 33 dessin
720 2541 93 33 aussi
836 2540 133 43 parfait
992 2549 36 24 et
1051 2540 92 34 aussi
1166 2540 105 41 riche,
1295 2541 161 42 puisque,

470 2595 43 21 en
537 2593 102 25 notre
661 2584 91 34 XXe
777 2585 113 41 siècle,
915 2585 22 33 il
962 2597 88 20 nous
1074 2585 114 33 arrive
1211 2584 43 34 de
1277 2593 181 25 constater

470 2640 69 29 que
559 2640 63 21 nos
643 2629 141 33 artistes
804 2638 91 24 vont
914 2628 131 43 parfois
1066 2628 132 34 cueillir
1217 2629 75 33 leur
1311 2629 147 42 inspira-

470 2671 75 33 tion
561 2672 89 33 dans
666 2672 31 34 le
712 2673 99 34 reflet
825 2673 44 33 de
884 2685 54 21 ces
954 2673 89 33 soies
1058 2672 159 42 frangées
1233 2681 37 25 et
1283 2673 157 34 vieillies.

514 2715 32 33 A
573 2716 127 41 droite,
728 2717 19 33 à
776 2717 146 42 gauche,
951 2725 158 34 partout,
1147 2717 150 34 derrière
1333 2718 48 34 les
1408 2717 52 34 vi-

470 2759 121 42 trines,
613 2761 208 41 gardiennes
843 2761 43 34 de
914 2769 82 25 tant
1016 2761 43 33 de
1079 2761 141 42 trésors,
1241 2762 151 43 puisque
1412 2762 48 33 les

470 2802 81 44 cinq
578 2805 156 41 époques
762 2805 44 34 de
833 2806 83 33 l'art
943 2805 48 33 du
1020 2805 129 42 tissage
1177 2814 82 25 sont
1285 2806 33 33 là
1346 2807 115 41 repré-

471 2848 148 41 sentées,
637 2850 36 40 je
692 2857 166 26 retrouve
878 2858 82 25 tout
979 2862 39 21 ce
1037 2862 69 30 que
1125 2849 48 34 les
1193 2850 158 34 hommes
1372 2863 89 30 pour

471 2903 36 21 se
529 2892 93 34 vêtir
644 2904 46 22 ou
714 2905 104 22 orner
840 2894 76 33 leur
939 2893 150 41 maison,
1114 2902 65 25 ont
1202 2907 48 29 pu
1274 2895 114 42 créer;
1413 2895 48 33 les

470 2935 154 43 époques
649 2936 205 42 byzantine,
880 2938 119 40 arabe,
1025 2937 179 42 italienne,
1230 2938 173 42 française
1427 2947 37 25 et

470 2980 178 41 moderne,
669 2980 171 34 décorant
859 2981 49 34 les
928 2993 97 21 murs
1047 2981 106 34 d'une

468 3023 166 34 floraison
665 3024 275 35 étourdissante.
997 3025 31 33 Il
1062 3026 91 33 n'est

468 3079 63 28 pas
551 3068 193 43 jusqu'aux
765 3069 107 33 tissus
895 3069 145 33 trouvés
1064 3070 88 33 dans

467 3110 48 33 les
539 3107 193 38 tombeaux
754 3121 133 33 coptes,
911 3113 62 41 qui
997 3125 43 21 ne
1063 3125 87 22 nous

467 3154 161 35 donnent
668 3156 88 33 dans
797 3157 136 33 l'effacé
973 3157 45 33 de
1059 3158 91 32 leurs

467 3199 124 34 coloris
616 3208 36 25 et
675 3200 32 33 la
732 3208 252 35 transparence
1009 3200 44 34 de
1076 3201 75 33 leur

467 3242 48 33 lin
535 3245 72 40 usé,
628 3256 68 21 une
716 3244 207 42 impression
943 3244 44 33 de
1007 3244 141 34 beauté.

467 3286 49 33 Et
554 3296 102 25 toute
694 3288 171 33 l'histoire
904 3288 170 33 féminine
1113 3301 36 21 se

466 3330 142 35 déroule
620 3332 87 33 dans
720 3340 101 26 notre
833 3332 168 33 mémoire
1012 3331 136 34 devant

466 3386 55 21 ces
547 3376 199 33 vêtements
772 3375 205 41 d'Antinoë,
1004 3375 144 34 frisson-

467 3428 88 24 nant
572 3432 136 21 comme
725 3432 69 21 une
811 3420 92 33 forêt
920 3420 146 33 secouée
1083 3432 65 30 par

466 3462 30 33 le
532 3472 106 33 vent;
677 3464 134 32 devant
847 3464 48 33 les
933 3464 214 41 arabesques

466 3507 208 41 byzantines
706 3507 46 33 du
784 3508 108 33 VIIIe
926 3507 103 33 siècle
1060 3507 87 33 d'un

465 3563 66 28 pur
548 3551 170 41 réalisme,
737 3551 65 33 tels
819 3552 48 32 les
885 3551 134 33 dessins
1037 3552 111 32 cruci-

465 3589 87 39 fères
597 3595 47 33 du
689 3604 115 33 temps
848 3595 47 33 du
938 3594 173 42 Justinien
1111 3594 35 42 :

465 3638 135 34 devant
655 3639 48 33 les
759 3639 123 33 coloris
939 3648 206 33 marquant,

465 3694 136 22 comme
618 3683 86 33 d'un
722 3682 51 34 fer
791 3695 105 29 rouge
913 3683 47 33 les
979 3683 106 32 tissus
1104 3683 44 33 de

1402 4144 136 42 Chaque
1565 4146 159 42 français
1755 4147 138 33 connaît
1919 4148 29 33 le

1399 4188 134 33 tordant
1549 4188 198 36 bonhomme
1769 4190 62 42 qui
1850 4192 98 33 salue

1399 4232 47 33 les
1465 4232 100 42 pieds
1589 4246 42 21 en
1654 4234 118 34 dehors
1793 4246 61 22 sur
1869 4243 79 25 cette

1398 4276 95 39 soie;
1525 4276 79 34 c'est
1628 4278 156 34 l'illustre
1812 4278 136 34 Charlie

1401 4319 163 43 Chaplin,
1583 4322 223 34 immortalisé
1821 4335 82 21 sous
1917 4323 30 33 le

1529 4376 79 23 nom
1625 4366 39 33 de
1683 4366 137 34 Charlot

1659 4536 45 32 Le
1719 4535 103 33 même
1836 4543 90 34 peau
1941 4536 40 33 de
1995 4536 146 43 panthère
2141 4536 65 43 fût
2206 4536 131 43 tissée
2351 4545 89 34 pour

1657 4580 21 31 l'
1684 4579 233 44 Impératrice
1917 4579 175 44 Eugénie
2128 4580 59 43 qui
2222 4581 110 33 devait
2368 4582 73 33 s'en

1659 4632 98 32 parer
1772 4623 22 34 à
1809 4636 49 21 un
1874 4624 55 34 bal
1944 4637 69 22 aux
2034 4625 166 34 Tuileries
2215 4633 87 34 pour
2312 4625 129 43 ifgurer

1657 4668 126 33 Diane.
1820 4668 231 43 L'Empereur
2076 4682 42 21 ne
2143 4669 122 43 permit
2290 4677 65 34 pas
2381 4682 62 30 que

1656 4712 23 32 l'
1684 4712 201 42 Impératrice
1885 4712 201 42 s'habillât
2096 4726 42 22 en
2145 4713 114 35 Diane
2269 4721 29 26 et
2308 4714 35 33 la
2355 4722 88 34 peau

1658 4756 40 33 de
1716 4756 161 42 panthère
1898 4765 48 27 est
1964 4759 101 33 restée
2085 4771 45 22 au
2153 4758 111 35 musée
2285 4758 39 34 de
2348 4758 95 42 Lyon

2144 3045 54 33 En
2223 3044 80 33 haut
2327 3043 77 33 c'est
2431 3056 47 20 un

2144 3089 142 33 dessin
2313 3088 165 42 futuriste

2142 3146 59 21 sur
2212 3132 141 45 foulard
2370 3132 110 43 repré-

2141 3186 132 26 sentant
2296 3188 66 22 une
2384 3176 96 34 scène

2143 3235 45 21 au
2202 3223 80 33 bord
2304 3221 40 32 de
2360 3223 50 34 la
2410 3223 68 34 mer

2144 3489 44 32 Le
2199 3488 141 43 foulard
2362 3489 59 41 qui
2438 3488 41 43 fit

2144 3545 75 29 rage
2235 3545 41 21 en
2294 3533 89 41 1830
2401 3541 80 35 par-

2144 3585 75 34 tage
2219 3585 30 34 a
2249 3585 76 34 ses
2341 3577 138 43 faveurs

2144 3629 89 26 entre
2249 3622 57 33 des
2324 3622 158 33 réminis-

2144 3678 112 21 cences
2268 3666 39 33 de
2319 3666 48 42 la
2367 3666 114 42 guerre

2144 3718 32 25 et
2231 3710 64 33 des
2350 3711 130 34 scènes

2143 3755 218 34 charmantes
2361 3755 120 34 comme

2143 3799 125 33 celle-ci
2301 3800 60 42 qui
2394 3812 86 21 nous

2144 3851 125 26 montre
2279 3856 73 21 avec
2363 3852 51 25 art
2424 3844 56 34 des

2143 3895 162 26 costumes
2320 3888 57 33 des
2393 3889 88 34 deux

2142 3944 92 22 sexes
2249 3932 112 42 d'âges
2373 3941 29 25 et
2415 3934 66 32 d'é-

2143 3986 124 33 poques
2291 3977 191 42 différentes

2521 2008 190 33 l'intérieur
2739 2008 105 34 d'une
2872 2008 230 41 musulmane,
3131 2016 36 25 et
3194 2008 133 33 devant
3353 2007 46 34 les
3426 2006 56 33 lins
3509 2005 7 64 S

2522 2053 143 33 délicats
2684 2052 53 35 du
2737 2052 125 35 début
2879 2053 43 34 de
2940 2053 80 33 l'ère
3038 2053 210 40 chrétienne,
3268 2059 154 35 portant,
3440 2050 43 33 in-
3510 2057 6 31 5

2522 2097 195 41 effaçables,
2741 2097 90 34 leurs
2854 2097 132 34 dessins
3008 2109 167 31 pourpres
3199 2109 134 22 comme
3355 2096 30 34 le
3408 2105 76 30 sang

2523 2142 45 33 du
2587 2141 251 43 Rédempteur.

2567 2186 100 33 Dans
2686 2186 32 34 la
2738 2186 83 34 flore
2838 2187 124 33 vivace
2981 2186 59 43 qui
3058 2186 89 42 jette
3175 2197 51 22 ses
3255 2185 106 34 lianes
3381 2192 103 26 entre-
3509 2178 7 46 |

2522 2231 109 33 lacées
2658 2243 59 21 sur
2741 2231 47 33 les
2815 2231 100 34 toiles
2941 2231 45 33 du
3012 2230 145 34 XVIIIe
3184 2230 111 41 siècle,
3325 2241 85 22 nous
3435 2227 50 33 dé-
3509 2232 7 46 j

2523 2275 163 33 chiffrons
2704 2275 31 34 le
2752 2275 145 43 langage
2914 2275 160 43 parfumé
3091 2275 59 33 des
3167 2274 156 34 Maures.
3365 2273 63 34 Sur
3443 2272 40 33 les

2522 2320 136 34 velours
2690 2320 144 33 brochés
2865 2320 43 34 de
2938 2320 32 33 la
3001 2320 114 40 Perse,
3146 2331 38 21 ce
3214 2327 81 25 sont
3324 2318 47 33 les
3402 2327 82 23 roses

2523 2363 189 42 brûlantes,
2742 2364 46 33 les
2817 2373 96 25 verts
2942 2364 114 33 acides
3085 2372 36 25 et
3149 2364 46 33 les
3222 2364 124 41 jaunes
3374 2360 110 44 laqués
3484 2360 32 44 !

2521 2408 59 34 des
2598 2408 205 34 miniatures
2822 2409 59 42 qui
2900 2409 161 33 revivent
3079 2408 19 33 à
3118 2420 61 21 nos
3196 2420 102 30 yeux.

2564 2452 97 34 Avec
2676 2453 47 34 les
2741 2453 87 34 soies
2846 2453 182 34 italiennes
3045 2452 44 34 de
3104 2452 127 34 Venise
3247 2460 35 26 et
3299 2451 42 33 de
3358 2451 125 37 Sienne,

2521 2497 46 33 du
2611 2497 86 34 XVe
2743 2497 111 41 siècle,
2901 2497 245 43 apparaissent
3190 2496 222 34 Desdémona
3455 2501 30 25 et

2518 2541 147 42 Juliette
2693 2540 87 35 dans
2808 2542 91 33 leurs
2928 2541 99 34 robes
3057 2541 137 43 gaînées
3223 2550 36 25 et
3287 2540 135 41 raidies,
3449 2537 36 33 de

2522 2585 106 34 métal
2645 2585 171 43 précieux.

2564 2630 97 34 Tout
2682 2630 133 43 l'esprit
2837 2643 176 30 pompeux
3035 2629 47 34 du
3104 2629 125 35 XVIIe
3253 2628 100 34 siècle
3376 2636 51 26 est
3446 2626 38 39 là,

2522 2674 64 34 fixé
2608 2687 68 21 aux
2695 2675 145 34 vitrines
2863 2674 279 43 correspondant
3162 2674 80 33 bien
3264 2674 19 33 à
3306 2672 99 34 l'idée
3425 2683 59 31 que

2524 2731 84 22 nous
2629 2731 85 22 nous
2734 2719 129 34 faisons
2883 2719 44 34 de
2946 2731 54 22 ces
3020 2719 153 42 époques
3194 2718 42 34 de
3256 2718 115 42 gloire.

2567 2764 71 33 Peu
2661 2764 110 42 après,
2793 2764 47 34 les
2863 2764 87 33 soies
2973 2763 43 34 de
3037 2763 33 33 la
3093 2762 214 34 Révolution
3329 2758 155 46 symboli-

2524 2816 77 26 sent
2613 2808 47 34 les
2674 2808 123 43 phases
2811 2808 43 34 de
2867 2808 33 33 la
2913 2808 57 34 vie
2983 2808 167 33 féminine
3163 2807 138 41 d'alors,
3317 2805 168 43 imprévue

2524 2861 35 26 et
2579 2853 160 43 tragique
2761 2861 128 25 autant
2909 2865 69 30 que
3000 2852 84 34 celle
3106 2852 58 33 des
3188 2852 167 33 hommes.
3400 2848 84 35 Mais

2525 2898 100 40 alors,
2668 2897 111 43 quelle
2820 2896 169 34 difficulté
3030 2909 90 30 pour
3160 2896 31 33 le
3231 2903 164 33 montage
3434 2892 52 34 des

2526 2942 150 41 métiers,
2700 2941 128 43 malgré
2850 2941 270 34 l'amélioration
3143 2940 167 42 apportée
3333 2952 41 21 en
3400 2938 86 41 1605,

2526 2999 62 30 par
2610 2987 161 41 Dangon,
2795 2986 143 42 protégé
2960 2985 149 34 d'Henri
3131 2985 61 41 IV,
3214 2984 89 34 dont
3324 2984 30 33 le
3375 2982 112 34 métier

2527 3031 42 34 de
2587 3041 99 32 2.400
2702 3030 129 41 cordes,
2849 3039 54 25 est
2919 3030 116 33 utilisé
3050 3029 142 43 jusqu'à
3208 3028 222 43 l'apparition
3446 3025 40 33 du

2528 3075 122 34 métier
2667 3074 175 43 Jacquard
2861 3087 43 22 en
2927 3074 95 41 1806,
3042 3074 60 42 qui
3121 3073 174 34 substitue
3314 3073 18 33 à
3351 3071 136 34 l'ancien

2529 3120 151 42 système
2704 3120 31 33 la
2759 3119 192 42 possibilité
2975 3119 43 33 de
3040 3118 179 42 fabriquer
3241 3118 197 40 davantage
3459 3121 29 26 et

2529 3165 86 33 dans
2639 3164 43 34 de
2705 3164 189 34 meilleures
2918 3163 198 34 conditions
3139 3174 43 22 en
3205 3161 236 35 économisant
3460 3158 27 33 la

2530 3209 93 33 main
2643 3209 166 33 d'oeuvre.
2851 3208 55 34 On
2926 3208 161 42 fabrique
3107 3207 88 33 alors
3215 3218 134 22 comme
3368 3216 75 23 sous
3460 3203 27 32 la

2531 3254 250 33 Restauration
2814 3253 47 34 les
2895 3249 123 37 étoffes
3053 3252 47 33 les
3135 3251 76 42 plus
3246 3258 240 34 somptueuses.

2530 3298 81 33 Plus
2634 3298 178 41 heureuse,
2835 3305 114 35 quant
2970 3309 67 21 aux
3060 3296 121 42 sujets,
3204 3295 159 42 l'époque
3385 3291 103 45 précé-

2530 3343 105 33 dente
2656 3342 61 42 qui
2737 3342 65 33 dût
2823 3342 18 33 à
2864 3342 159 41 Philippe
3044 3340 43 34 de
3108 3340 32 33 la
3163 3339 89 34 Salle
3273 3352 67 20 une
3361 3335 128 45 période

2531 3387 212 34 merveilleuse
2743 3387 50 34 :
2831 3386 229 42 imagination
3098 3384 113 43 pleine
3247 3384 43 34 de
3326 3380 162 39 fantaisie,

2531 3432 140 33 charme
2690 3431 42 34 de
2750 3431 33 33 la
2803 3430 242 43 composition,
3066 3438 56 24 cet
3141 3429 122 33 artiste
3283 3440 41 21 ne
3344 3439 89 22 cesse
3450 3424 36 33 de

2531 3476 185 42 prodiguer
2738 3475 72 33 l'un
2834 3484 35 24 et
2891 3475 126 33 l'autre
3040 3486 43 21 au
3108 3485 99 22 cours
3230 3473 43 33 de
3297 3484 36 21 sa
3356 3469 132 36 carrière

2532 3520 266 33 mouvementée
2815 3520 43 33 de
2879 3529 79 32 1723
2980 3519 18 33 à
3020 3520 95 40 1803.

2576 3565 54 32 En
2656 3566 95 40 1830,
2774 3565 46 33 les
2843 3563 220 43 impressions
3085 3574 58 21 sur
3164 3560 137 35 foulard
3322 3560 77 33 font
3419 3568 69 31 rage

2532 3609 97 33 C'est
2650 3617 220 25 exactement
2891 3608 194 33 l'influence
3107 3606 182 34 retrouvée
3311 3605 80 33 chez
3412 3612 75 24 nous

2532 3653 301 34 immédiatement
2877 3652 99 43 après
3019 3659 94 26 cette
3157 3650 155 34 dernière
3355 3656 132 34 guerre:

2866 3697 110 41 (Suite
3000 3704 84 34 page
3106 3694 61 43 50)
