3619 5057
51 197 682 53 15
733 197 1819 53 Janvier
2552 197 683 53 15

1316 3264 73 34 Une
1412 3270 72 25 note
1505 3262 167 34 Orientale
1693 3268 45 26 est
1759 3261 128 33 donnée
1910 3261 20 32 à
1953 3272 67 21 une

1312 3308 55 33 rob
1370 3320 15 20 e
1405 3307 39 33 de
1464 3306 150 35 duvetine
1634 3307 72 33 bleu
1728 3306 135 32 horizon
1885 3313 64 34 par
1971 3316 48 21 un

1313 3350 97 36 biais
1410 3350 98 36 noir
1540 3352 137 33 bordant
1709 3350 189 33 l'encolure.
1957 3349 63 32 Les

1315 3396 153 35 manches
1485 3404 74 25 sont
1577 3395 172 35 terminées
1768 3407 46 21 au
1833 3394 103 34 coude
1955 3402 65 33 par

1312 3442 86 33 deux
1418 3440 212 34 volumineux
1652 3439 95 34 bords
1768 3439 38 33 de
1828 3439 91 33 satin
1944 3437 76 33 noir

1313 3485 125 35 montés
1465 3497 44 20 au
1536 3485 58 34 bas
1621 3485 38 33 de
1679 3485 140 42 franges
1846 3484 38 32 de
1912 3483 106 40 singe.

1314 3531 49 33 La
1381 3530 90 41 ligne
1490 3529 38 33 de
1547 3530 33 33 la
1600 3529 73 33 robe
1692 3528 149 42 rappelle
1861 3528 46 33 les
1928 3526 92 33 robes

1312 3575 186 43 princesses
1513 3574 152 34 d'antan.
1706 3573 45 33 Le
1767 3573 83 41 petit
1866 3572 154 41 chapeau

1312 3620 38 33 de
1389 3618 127 34 velours
1554 3618 118 43 saphir
1712 3624 45 26 est
1798 3617 79 33 orné
1917 3616 104 32 d'une

1311 3665 120 40 longue
1480 3663 113 41 plume
1655 3670 169 25 caressant
1874 3660 147 42 l'épaule

1314 3823 47 41 (A
1389 3821 137 44 gauche)
1556 3822 114 34 Lucile
1696 3821 73 33 créa
1796 3833 34 21 ce
1856 3828 163 33 tea-gown

1311 3880 41 22 en
1372 3867 200 34 mousseline
1591 3868 82 32 d'un
1692 3865 161 42 bleu-gris
1865 3865 155 43 formant

1311 3925 48 21 un
1377 3911 105 42 drapé
1498 3912 163 42 classique
1678 3923 58 20 sur
1754 3922 49 21 un
1816 3909 90 43 fond
1921 3908 98 33 vieux

1310 3969 72 21 rose
1398 3963 193 34 composant
1608 3955 92 34 ainsi
1716 3967 46 21 un
1780 3962 56 26 ton
1853 3952 165 35 délicieux

1311 4002 51 33 La
1389 4000 73 34 robe
1490 4001 112 33 touche
1629 4001 28 32 le
1689 3999 53 40 fOL,
1771 4010 126 22 comme
1924 3996 94 34 celles

1309 4047 57 32 des
1377 4052 124 26 statues
1514 4046 152 41 antiques
1678 4051 28 26 et
1718 4043 38 33 de
1768 4043 34 33 la
1815 4040 203 36 mousseline

1309 4090 115 40 tombe,
1457 4097 190 33 vaporeuse,
1680 4088 56 33 des
1768 4088 149 42 épaules,
1945 4085 72 43 for-

1310 4142 94 26 mant
1423 4134 55 32 des
1497 4134 155 33 manches
1664 4132 165 43 finissant
1848 4144 40 20 en
1908 4130 109 34 traîne

1310 4190 169 30 nuageuse
1498 4178 86 34 dans
1603 4179 29 32 le
1651 4178 115 39 sillage
1786 4174 173 36 embaumé
1978 4173 39 33 de

1310 4226 34 32 la
1371 4222 114 34 beauté
1510 4224 58 40 qui
1596 4223 33 33 la
1646 4229 90 35 porte
1766 4233 74 21 avec
1870 4218 146 35 bonheur

1313 4388 50 33 La
1386 4386 73 33 robe
1480 4385 45 34 du
1547 4384 82 43 soir
1629 4384 197 43 reproduite
1848 4396 39 20 en
1911 4383 57 32 bas
1990 4389 27 24 et

1312 4432 21 33 à
1365 4430 126 40 droite,
1491 4430 47 40 si
1538 4430 95 40 elle
1664 4436 46 26 est
1741 4428 109 42 portée
1882 4439 71 22 avec
1984 4426 33 32 la

1311 4475 197 34 distinction
1530 4475 116 41 qu'elle
1666 4473 205 39 commande,
1893 4471 124 34 devient

1312 4528 70 26 tout
1415 4519 212 41 simplement
1661 4517 151 42 royale.
1812 4517 114 42 Avec
1960 4515 57 33 elle

1312 4577 114 22 aucun
1451 4564 111 41 espoir
1586 4564 38 33 de
1642 4563 186 42 fox-trotter
1852 4569 28 25 et
1904 4559 114 35 Lucile

1311 4611 35 32 la
1373 4608 74 34 créa
1474 4616 85 33 pour
1585 4609 46 32 les
1658 4605 142 44 grandes
1800 4605 215 44 réceptions.

1313 4654 55 34 En
1388 4652 87 34 lamé
1493 4652 70 33 d'or
1582 4653 58 33 elle
1658 4658 46 26 est
1722 4658 177 26 recouverte
1917 4649 100 33 d'une

1313 4698 141 41 tunique
1484 4696 39 33 de
1553 4697 79 33 tulle
1663 4695 75 34 noir
1768 4695 112 32 brodée
1911 4701 28 26 et
1970 4705 48 20 re-

1313 4742 116 34 brodée
1450 4741 38 32 de
1504 4741 73 41 jais
1599 4740 75 34 noir
1694 4739 102 41 coupé
1817 4739 37 33 cà
1876 4746 27 26 et
1924 4738 32 33 là
1978 4749 40 21 en

1314 4785 179 43 diagonale
1509 4785 38 33 de
1564 4785 107 34 ruban
1684 4783 83 34 bleu
1767 4783 133 34 nuancé
1915 4781 105 43 pastel

2985 4820 90 21 Baron
3088 4820 32 23 de
3132 4818 91 23 Meyer
