3589 5045
501 152 41 41 46
3268 151 227 50 VOGUE

3032 216 543 53 1

512 268 465 76 BIJOUX
1184 270 864 80 ARTIFICIELS
2278 274 325 78 MAIS
2838 254 663 102 PRÉCIEUX

492 3334 93 23 Baron
598 3336 34 22 de
644 3336 89 25 Meycr

510 3435 64 33 Les
599 3436 118 42 bijoux
742 3440 175 43 artificiels
944 3453 57 25 ont
1028 3459 61 21 au-

503 3478 116 41 jourd'
622 3481 67 54 hui
706 3483 74 34 leur
803 3486 97 40 place
923 3488 89 35 dans
1040 3491 47 33 les

506 3523 141 49 coffrets,
666 3526 23 33 à
705 3527 69 34 côté
789 3529 58 34 des
864 3531 130 42 pierrès
1011 3536 76 40 pré-

504 3567 140 36 cieuses.
716 3571 143 36 Ceux-ci
903 3585 78 25 sont
1027 3579 58 33 des

505 3612 108 40 perle.r
631 3621 29 26 et
678 3614 58 35 des
754 3618 139 41 saphirs
904 3620 180 44 fabriqués

418 3744 112 102 T

528 3748 164 38 TANDIS
718 3755 86 41 qu'il
829 3765 55 25 est
907 3770 164 26 convenu
1098 3777 70 31 que

562 3794 48 35 les
643 3796 123 43 bijoux
766 3796 124 43 vrais
923 3815 132 25 auront
1086 3817 81 26 tou-

559 3839 98 41 jours
702 3854 69 22 une
815 3845 124 35 valeur
983 3851 181 35 qu'aucun

416 3888 101 27 autre
562 3894 186 25 ornement
793 3879 186 59 féminin
979 3879 69 59 ne
1048 3879 118 59 peut

415 3925 125 41 égaler,
567 3927 83 34 l'art
676 3929 43 34 de
745 3929 183 46 fabriquer
953 3936 61 35 des
1042 3939 124 43 bijoux

415 3969 176 35 artificiels
620 3984 19 21 a
669 3974 143 42 atteint,
842 3977 133 37 durant
1002 3994 56 22 ces
1087 3985 78 35 der-

415 4013 109 53 nières
539 4016 139 42 années,
693 4030 69 22 une
776 4024 208 39 proportion
998 4027 82 34 telle
1094 4042 70 31 que

414 4057 113 50 même
544 4059 101 35 celles
663 4062 60 41 qui
742 4065 191 39 possèdent
950 4069 61 34 des
1027 4072 136 42 joyaux

414 4101 249 45 inestimables,
680 4106 193 37 n'hésitent
888 4112 103 41 point
1006 4114 19 33 à
1042 4126 121 31 porter

413 4158 38 21 ce
479 4159 68 30 que
574 4147 70 35 l'on
672 4151 169 43 appelait,
870 4154 22 33 il
920 4168 25 30 y
973 4170 19 21 a
1021 4172 67 29 peu
1118 4162 44 35 de

414 4198 113 34 temps
558 4204 134 30 encore,
724 4194 44 35 de
799 4196 32 34 la
863 4202 177 38 pacotille.
1095 4206 65 34 Les

413 4234 120 42 bijoux
556 4237 198 45 artificiels
754 4237 198 45 s'ajoutent
976 4259 68 22 aux
1066 4251 94 34 vrais

412 4291 44 20 ou
473 4279 47 34 les
536 4281 216 42 remplacent
766 4297 42 20 en
825 4289 157 35 certaine
997 4295 163 34 occasion

412 4323 44 32 où
493 4323 23 33 il
551 4333 54 25 est
639 4326 195 42 préférable
869 4331 44 34 de
949 4333 123 37 laisser
1106 4352 53 22 ses

414 4367 163 35 richesses
594 4381 43 22 en
654 4371 126 33 sûreté.

459 4412 48 33 La
546 4412 127 36 femme
711 4415 159 42 élégante
909 4421 62 41 qui
1010 4427 150 38 possède

414 4456 245 36 d'admirables
701 4471 101 30 rangs
844 4461 43 34 de
928 4466 126 43 perles,
1097 4471 60 34 des

416 4501 144 42 saphirs,
578 4510 36 26 et
630 4502 58 34 des
705 4504 202 36 émeraudes
925 4508 44 34 de
985 4514 173 38 première

416 4546 143 42 qualité,
587 4547 132 42 préfère
746 4558 150 26 souvent
923 4551 48 35 les
1000 4556 158 37 réserver

418 4603 86 30 pour
534 4591 160 44 l'époque
724 4591 59 36 des
815 4594 208 54 réceptions.
1079 4602 78 36 Elle

419 4644 84 33 peut
518 4636 89 34 alors
621 4649 162 30 voyager,
799 4637 150 37 délivrée
965 4641 59 35 des
1041 4648 115 33 soucis

420 4693 67 30 que
507 4680 157 35 donnent
682 4682 157 42 toujours
860 4683 47 34 les
928 4685 129 42 pierres
1078 4693 79 40 pré-

2856 3464 59 33 Du
2925 3465 129 42 platine
3065 3473 28 25 et
3106 3465 40 34 de
3157 3466 89 34 vrais
3258 3468 168 34 diamants

2856 3509 227 34 délicatement
3102 3511 167 34 travaillés
3281 3513 144 42 forment

2855 3553 48 33 les
2936 3562 170 26 montures
3136 3555 39 33 de
3210 3568 53 21 ses
3299 3557 125 34 boucles

2855 3598 165 34 d'oreilles
3057 3612 40 20 en
3128 3600 120 42 saphir
3275 3602 150 42 artificiel

2856 3642 95 34 ainsi
2966 3656 61 29 que
3043 3644 39 33 de
3098 3644 34 33 la
3154 3644 103 42 bague
3278 3646 38 33 de
3337 3646 85 43 perle

2774 3789 130 34 cieuses
2925 3790 59 42 qui
3006 3803 43 21 ne
3069 3799 80 25 sont
3170 3804 61 29 pas
3253 3790 236 46 remplaçables,

2774 3833 232 47 lorsqu'elles
3006 3833 89 47 sont
3095 3833 125 47 volées
3220 3833 53 47 ou
3273 3833 161 47 perdues,
3434 3833 56 47 et

2773 3878 63 33 elle
2869 3888 86 33 peut
2988 3888 129 34 porter,
3152 3880 18 33 à
3204 3881 73 33 leur
3310 3883 103 42 place,
3443 3878 45 33 des

2773 3922 120 42 bijoux
2909 3923 177 44 fabriqués
3103 3937 85 21 avec
3205 3938 45 20 un
3268 3935 54 25 art
3338 3927 25 33 si
3380 3922 108 46 parfait

2772 3980 68 29 que
2875 3969 72 32 seul
2983 3981 47 21 un
3066 3971 160 32 examen
3247 3970 142 35 attentif
3420 3977 67 25 avec

2771 4011 103 35 l'aide
2895 4013 105 34 d'une
3020 4014 114 41 loupe,
3157 4024 134 32 permet
3311 4016 41 33 de
3372 4016 42 32 les
3434 4011 52 34 dis-

2771 4056 138 42 tinguer
2928 4057 58 34 des
3008 4058 120 42 bijoux
3146 4059 104 33 vrais.

2815 4100 158 36 Souvent
3003 4102 104 41 aussi,
3139 4102 42 34 de
3212 4116 60 21 nos
3301 4105 103 40 jours,
3432 4111 52 22 une

2768 4146 154 34 certaine
2943 4146 139 35 toilette
3104 4148 134 41 appelle
3260 4161 130 21 comme
3409 4155 75 24 com-

2768 4189 156 41 plèment
2973 4204 68 21 une
3092 4192 152 34 certaine
3294 4193 114 42 espèce
3451 4187 32 33 de

2764 4235 145 41 joyaux,
2932 4243 35 26 et
2989 4236 80 34 bien
3092 4236 129 42 qu'une
3243 4237 124 34 femme
3388 4234 94 44 puisse

2767 4279 128 34 hésiter
2930 4279 128 41 (même
3091 4280 86 34 dans
3211 4281 31 34 le
3274 4294 55 21 cas
3361 4281 41 33 où
3432 4276 49 35 elle

2766 4324 158 41 pourrait
2951 4337 35 21 se
3014 4337 163 30 procurer
3204 4326 277 42 immédiatement

2765 4368 47 33 les
2836 4369 127 42 pierres
2987 4369 88 34 dont
3098 4369 63 34 elle
3185 4383 19 20 a
3228 4371 127 40 besoin,
3379 4381 33 21 ce
3433 4376 46 31 qUi

2765 4413 90 33 n'est
2875 4426 61 29 pas
2956 4426 46 20 un
3023 4413 90 43 petit
3134 4414 140 42 travail)
3296 4415 18 33 à
3334 4415 145 41 dépenser

2763 4469 69 22 une
2848 4457 140 34 fortune
3004 4470 88 30 pour
3116 4471 47 21 un
3186 4467 178 26 ornement
3379 4456 53 44 qui
3447 4464 31 23 ne

2763 4502 166 34 convient
2946 4503 80 42 qu'à
3045 4515 47 20 un
3110 4503 72 33 seul
3201 4512 163 32 costume,
3381 4501 55 34 elle
3450 4509 27 21 se

2763 4546 164 34 résoudra
2954 4546 202 35 facilement
3181 4548 19 33 à
3227 4548 126 34 l'achat
3377 4546 38 34 de
3437 4541 39 35 bi-

2760 4591 85 41 joux
2876 4591 185 42 artificiels,
3093 4592 60 43 qui
3184 4593 113 34 feront
3325 4593 29 33 le
3382 4589 92 35 même

2761 4636 94 33 effet.

2807 4681 26 32 Il
2859 4680 77 34 faut
2959 4693 34 21 se
3016 4680 124 43 garder
3161 4681 42 34 de
3225 4682 104 34 croire
3350 4692 61 32 que
3429 4685 43 24 ces

2977 4724 131 45 (Suite
3108 4724 93 45 page
3201 4724 76 45 SI)
