3625 5117
538 4228 83 28 Olivc
621 4228 83 28 Eùh;,
704 4228 41 28 F.
745 4228 41 28 H.
786 4228 55 28 l'.
841 4228 41 28 H"
882 4228 142 28 LOIj«(oll

990 4400 57 33 LA
1089 4403 154 36 REINE
1283 4408 283 37 D'ESPAGNE
1607 4414 60 33 ET
1708 4416 100 33 SON
1848 4398 171 56 FRERE,
2061 4418 133 34 LORD
2235 4420 230 34 LEOPOLD
2506 4421 382 37 MOUNTBATTEN

1016 4593 88 35 Cette
1127 4597 244 46 photographie
1395 4604 38 33 de
1458 4605 47 33 Sa
1530 4607 147 42 Majesté
1700 4610 34 33 la
1760 4611 105 34 Reine

1014 4639 196 53 d'Espagne
1234 4652 29 25 et
1287 4646 40 33 de
1350 4660 62 21 son
1436 4650 84 46 plus
1520 4650 101 46 jeune
1621 4650 136 46 frère,
1776 4656 90 33 Lord

1014 4683 148 44 Léopold
1187 4688 250 46 Mountbatten,
1456 4707 19 21 a
1492 4695 46 33 été
1562 4697 93 41 prise
1680 4711 46 22 au
1743 4700 121 34 Palais

1015 4728 39 33 de
1080 4729 215 46 Kensington
1322 4736 125 35 durant
1472 4740 34 33 la
1530 4740 122 38 récente
1652 4740 122 38 visite
1802 4757 61 30 que

1014 4773 34 33 la
1067 4774 106 35 Reine
1193 4777 43 41 fit
1254 4779 21 33 à
1292 4792 40 21 sa
1351 4782 86 33 mère
1454 4784 34 33 la
1506 4785 177 35 Princesse
1710 4789 152 34 Beatrice

1014 4818 38 33 de
1071 4819 206 44 Battenberg.
1326 4825 50 34 La
1394 4827 106 34 Reine
1521 4830 149 34 Victoria
1682 4841 45 24 est
1746 4834 115 33 adorée

2002 4612 37 33 de
2049 4613 34 33 la
2093 4614 189 43 population
2282 4614 172 43 espagnole
2454 4614 53 43 ;
2525 4619 59 32 elle
2596 4619 152 42 s'occupe
2758 4621 83 34 d'un

2000 4658 108 40 grand
2124 4659 132 34 nombre
2279 4660 157 33 d'œuvreJ
2460 4661 179 41 charitables
2639 4661 45 41 ;
2716 4664 58 33 elle
2796 4674 46 25 est

2001 4697 157 39 heureuse
2180 4705 113 40 quand
2313 4705 60 33 elle
2394 4706 162 34 distribue
2574 4708 81 34 elle
2655 4708 99 34 même
2773 4723 67 21 aux

1999 4747 133 42 enfants
2159 4756 140 34 pauvres
2326 4749 56 33 des
2412 4758 172 34 costumes,
2612 4753 56 32 des
2695 4752 145 36 bonbons

1999 4798 28 25 et
2044 4792 56 33 des
2113 4791 95 42 jouets
2208 4791 42 42 ;
2279 4802 162 25 comment
2467 4796 91 33 dans
2578 4809 50 20 ces
2652 4798 188 35 conditions

2002 4836 129 35 n'aurait
2131 4836 87 35 elle
2230 4847 62 33 pas
2303 4839 139 35 conduis
2453 4840 27 33 le
2496 4853 86 21 cœur
2594 4842 55 33 des
2662 4842 140 36 humbles
2802 4842 36 36 ?
