<?xml version="1.0" encoding="ISO-8859-1"?>
<alto ID="alto.6537262" xmlns="http://bibnum.bnf.fr/ns/alto_prod" xmlns:xlink="http://www.w3.org/TR/xlink" xmlns:xsi="http://www.w3.org/2001/XMLSchema-instance" xsi:schemaLocation="http://bibnum.bnf.fr/ns/alto_prod http://bibnum.bnf.fr/ns/alto_prod.xsd">
  <Description>
    <MeasurementUnit>pixel</MeasurementUnit>
    <sourceImageInformation>
      <fileName>00000056.tif</fileName>
    </sourceImageInformation>
    <OCRProcessing ID="OCR_1">
      <ocrProcessingStep>
        <processingDateTime>2013-05-31</processingDateTime>
        <processingStepDescription>[001_OCR_BRUT]OCR BRUT 99.270 %</processingStepDescription>
        <processingStepDescription>[002_TOTAL_CHARS]{6235}</processingStepDescription>
        <processingStepDescription>[003_TOTAL_CHARS_USED]{5359}</processingStepDescription>
        <processingStepDescription>[004_TOTAL_CHARS_SUSPECTS_USED]{0}</processingStepDescription>
        <processingStepDescription>[005_TOTAL_CHARS_UNUSED]{876}</processingStepDescription>
        <processingStepDescription>[006_TOTAL_CHARS_SUSPECTS_UNUSED]{40}</processingStepDescription>
        <processingStepDescription>[007_TOTAL_STRINGS]{1283}</processingStepDescription>
        <processingStepDescription>[011_CHARS_PUNCTUATION]{368}</processingStepDescription>
        <processingStepDescription>[012_CHARS_DIGITS]{60}</processingStepDescription>
        <processingStepDescription>[013_CHARS_SUSPECT]{40}</processingStepDescription>
        <processingStepDescription>[022_CHARS_UNUSED_BY_BLOCK]{0}</processingStepDescription>
        <processingStepDescription>[111_LIGS_DETECTED_CURV]{0}</processingStepDescription>
        <processingStepSettings>OCR 99.960 %</processingStepSettings>
      </ocrProcessingStep>
    </OCRProcessing>
  </Description>
  <Styles>
    <TextStyle FONTFAMILY="Times" FONTSIZE="12" ID="TXT_1"/>
  </Styles>
  <Layout>
    <Page HEIGHT="5069" ID="PAG_00000056" PHYSICAL_IMG_NR="1" QUALITY="OK" WIDTH="3613">
      <TopMargin HEIGHT="255" HPOS="0" ID="PAG_00000056_TopMargin" VPOS="0" WIDTH="3613">
        <TextBlock HEIGHT="44" HPOS="320" ID="PAG_00000056_TB000001" STYLEREFS="TXT_1" VPOS="186" WIDTH="3258" language="fr">
          <TextLine HEIGHT="44" HPOS="320" ID="PAG_00000056_TL000001" STYLEREFS="TXT_1" VPOS="186" WIDTH="3258">
            <String CONTENT="so" HEIGHT="31" HPOS="320" ID="PAG_00000056_ST000001" STYLEREFS="TXT_1" TYPE="illegible" VPOS="198" WC="0.45" WIDTH="42"/>
            <SP HPOS="362" ID="PAG_00000056_SP000001" VPOS="186" WIDTH="3027"/>
            <String CONTENT="V" HEIGHT="44" HPOS="3389" ID="PAG_00000056_ST000002" STYLEREFS="TXT_1" VPOS="186" WC="0.82" WIDTH="47"/>
            <SP HPOS="3436" ID="PAG_00000056_SP000002" VPOS="186" WIDTH="1"/>
            <String CONTENT="0" HEIGHT="44" HPOS="3436" ID="PAG_00000056_ST000003" STYLEREFS="TXT_1" VPOS="186" WC="0.82" WIDTH="47"/>
            <SP HPOS="3483" ID="PAG_00000056_SP000003" VPOS="186" WIDTH="1"/>
            <String CONTENT="GUI" HEIGHT="44" HPOS="3483" ID="PAG_00000056_ST000004" STYLEREFS="TXT_1" VPOS="186" WC="0.82" WIDTH="95"/>
          </TextLine>
        </TextBlock>
      </TopMargin>
      <PrintSpace HEIGHT="4543" HPOS="260" ID="PAG_00000056_PrintSpace" VPOS="255" WIDTH="3317">
        <Illustration HEIGHT="773" HPOS="315" ID="PAG_00000056_IL000001" VPOS="255" WIDTH="999"/>
        <TextBlock HEIGHT="49" HPOS="1314" ID="PAG_00000056_TB000002" STYLEREFS="TXT_1" TYPE="advertisement" VPOS="264" WIDTH="646" language="fr">
          <TextLine HEIGHT="49" HPOS="1314" ID="PAG_00000056_TL000002" STYLEREFS="TXT_1" VPOS="264" WIDTH="646">
            <String CONTENT="l&quot;II''IIIIIII'I'IIIIIII'I'I'I''III'III''I''I''" HEIGHT="49" HPOS="1314" ID="PAG_00000056_ST000005" STYLEREFS="TXT_1" VPOS="264" WC="0.37" WIDTH="646"/>
          </TextLine>
        </TextBlock>
        <TextBlock HEIGHT="154" HPOS="1314" ID="PAG_00000056_TB000003" STYLEREFS="TXT_1" TYPE="advertisement" VPOS="732" WIDTH="641" language="fr">
          <TextLine HEIGHT="83" HPOS="1375" ID="PAG_00000056_TL000003" STYLEREFS="TXT_1" VPOS="732" WIDTH="580">
            <String CONTENT="ORCHESTRE" HEIGHT="47" HPOS="1375" ID="PAG_00000056_ST000006" STYLEREFS="TXT_1" VPOS="748" WC="1" WIDTH="464"/>
            <SP HPOS="1839" ID="PAG_00000056_SP000004" VPOS="732" WIDTH="72"/>
            <String CONTENT="-" HEIGHT="83" HPOS="1911" ID="PAG_00000056_ST000007" STYLEREFS="TXT_1" SUBS_CONTENT="SYMPHONIQUE" SUBS_TYPE="HypPart1" VPOS="732" WC="0.42" WIDTH="44"/>
            <HYP CONTENT="-" HPOS="1955" VPOS="815" WIDTH="30"/>
          </TextLine>
          <TextLine HEIGHT="66" HPOS="1314" ID="PAG_00000056_TL000004" STYLEREFS="TXT_1" VPOS="820" WIDTH="640">
            <String CONTENT="SYMPHONIQUE" HEIGHT="47" HPOS="1373" ID="PAG_00000056_ST000008" STYLEREFS="TXT_1" SUBS_CONTENT="SYMPHONIQUE" SUBS_TYPE="HypPart2" VPOS="820" WC="1" WIDTH="471"/>
            <SP HPOS="1844" ID="PAG_00000056_SP000005" VPOS="821" WIDTH="66"/>
            <String CONTENT="g" HEIGHT="65" HPOS="1910" ID="PAG_00000056_ST000009" STYLEREFS="TXT_1" VPOS="821" WC="0.36" WIDTH="44"/>
          </TextLine>
        </TextBlock>
        <Illustration HEIGHT="1600" HPOS="390" ID="PAG_00000056_IL000002" VPOS="1028" WIDTH="1427"/>
        <TextBlock HEIGHT="1100" HPOS="260" ID="PAG_00000056_TB000004" STYLEREFS="TXT_1" TYPE="advertisement" VPOS="2637" WIDTH="1681" language="fr">
          <TextLine HEIGHT="102" HPOS="272" ID="PAG_00000056_TL000005" STYLEREFS="TXT_1" VPOS="2637" WIDTH="1669">
            <String CONTENT="g" HEIGHT="76" HPOS="272" ID="PAG_00000056_ST000010" STYLEREFS="TXT_1" VPOS="2663" WC="0.73" WIDTH="47"/>
            <SP HPOS="319" ID="PAG_00000056_SP000006" VPOS="2640" WIDTH="420"/>
            <String CONTENT="cUna" HEIGHT="68" HPOS="739" ID="PAG_00000056_ST000011" STYLEREFS="TXT_1" VPOS="2640" WC="0.54" WIDTH="158"/>
            <SP HPOS="897" ID="PAG_00000056_SP000007" VPOS="2637" WIDTH="11"/>
            <String CONTENT="&lt;}emJk.ncun-" HEIGHT="100" HPOS="908" ID="PAG_00000056_ST000012" STYLEREFS="TXT_1" VPOS="2637" WC="0.52" WIDTH="607"/>
            <SP HPOS="1515" ID="PAG_00000056_SP000008" VPOS="2665" WIDTH="381"/>
            <String CONTENT="1" HEIGHT="66" HPOS="1896" ID="PAG_00000056_ST000013" STYLEREFS="TXT_1" VPOS="2665" WC="0.35" WIDTH="45"/>
          </TextLine>
          <TextLine HEIGHT="87" HPOS="272" ID="PAG_00000056_TL000006" STYLEREFS="TXT_1" VPOS="2733" WIDTH="1669">
            <String CONTENT="j" HEIGHT="85" HPOS="272" ID="PAG_00000056_ST000014" STYLEREFS="TXT_1" VPOS="2733" WC="0.68" WIDTH="47"/>
            <SP HPOS="319" ID="PAG_00000056_SP000009" VPOS="2747" WIDTH="247"/>
            <String CONTENT="conrwvvxa," HEIGHT="50" HPOS="566" ID="PAG_00000056_ST000015" STYLEREFS="TXT_1" VPOS="2747" WC="0.53" WIDTH="356"/>
            <SP HPOS="922" ID="PAG_00000056_SP000010" VPOS="2756" WIDTH="36"/>
            <String CONTENT="'moajuôo" HEIGHT="52" HPOS="958" ID="PAG_00000056_ST000016" STYLEREFS="TXT_1" VPOS="2756" WC="0.56" WIDTH="274"/>
            <SP HPOS="1232" ID="PAG_00000056_SP000011" VPOS="2756" WIDTH="1"/>
            <String CONTENT="cru." HEIGHT="52" HPOS="1232" ID="PAG_00000056_ST000017" STYLEREFS="TXT_1" VPOS="2756" WC="0.56" WIDTH="183"/>
            <SP HPOS="1415" ID="PAG_00000056_SP000012" VPOS="2743" WIDTH="42"/>
            <String CONTENT="'YY\o-'-" HEIGHT="60" HPOS="1457" ID="PAG_00000056_ST000018" STYLEREFS="TXT_1" VPOS="2743" WC="0.43" WIDTH="260"/>
            <SP HPOS="1717" ID="PAG_00000056_SP000013" VPOS="2736" WIDTH="178"/>
            <String CONTENT="y" HEIGHT="84" HPOS="1895" ID="PAG_00000056_ST000019" STYLEREFS="TXT_1" VPOS="2736" WC="0.40" WIDTH="46"/>
          </TextLine>
          <TextLine HEIGHT="94" HPOS="272" ID="PAG_00000056_TL000007" STYLEREFS="TXT_1" VPOS="2803" WIDTH="1668">
            <String CONTENT="|" HEIGHT="75" HPOS="272" ID="PAG_00000056_ST000020" STYLEREFS="TXT_1" VPOS="2822" WC="0.67" WIDTH="47"/>
            <SP HPOS="319" ID="PAG_00000056_SP000014" VPOS="2803" WIDTH="419"/>
            <String CONTENT="GLA/TUL^" HEIGHT="69" HPOS="738" ID="PAG_00000056_ST000021" STYLEREFS="TXT_1" VPOS="2803" WC="0.28" WIDTH="247"/>
            <SP HPOS="985" ID="PAG_00000056_SP000015" VPOS="2831" WIDTH="36"/>
            <String CONTENT="c.l.A..L" HEIGHT="49" HPOS="1021" ID="PAG_00000056_ST000022" STYLEREFS="TXT_1" VPOS="2831" WC="0.39" WIDTH="183"/>
            <SP HPOS="1204" ID="PAG_00000056_SP000016" VPOS="2831" WIDTH="426"/>
            <String CONTENT="1" HEIGHT="58" HPOS="1895" ID="PAG_00000056_ST000023" STYLEREFS="TXT_1" VPOS="2825" WC="0.35" WIDTH="45"/>
          </TextLine>
          <TextLine HEIGHT="244" HPOS="268" ID="PAG_00000056_TL000008" STYLEREFS="TXT_1" VPOS="2880" WIDTH="1672">
            <String CONTENT="PIGALLS" HEIGHT="244" HPOS="268" ID="PAG_00000056_ST000024" STYLEREFS="TXT_1" VPOS="2880" WC="0.76" WIDTH="1337"/>
            <SP HPOS="1605" ID="PAG_00000056_SP000017" VPOS="2880" WIDTH="1"/>
            <String CONTENT="-" HEIGHT="244" HPOS="1605" ID="PAG_00000056_ST000025" STYLEREFS="TXT_1" SUBS_CONTENT="77" SUBS_TYPE="HypPart1" VPOS="2880" WC="0.76" WIDTH="335"/>
            <HYP CONTENT="-" HPOS="1940" VPOS="3124" WIDTH="30"/>
          </TextLine>
          <TextLine HEIGHT="99" HPOS="266" ID="PAG_00000056_TL000009" STYLEREFS="TXT_1" VPOS="3073" WIDTH="1673">
            <String CONTENT="77" HEIGHT="88" HPOS="266" ID="PAG_00000056_ST000026" STYLEREFS="TXT_1" SUBS_CONTENT="77" SUBS_TYPE="HypPart2" VPOS="3083" WC="1" WIDTH="485"/>
            <SP HPOS="751" ID="PAG_00000056_SP000018" VPOS="3096" WIDTH="48"/>
            <String CONTENT="1AAe" HEIGHT="42" HPOS="799" ID="PAG_00000056_ST000027" STYLEREFS="TXT_1" VPOS="3096" WC="0.52" WIDTH="141"/>
            <SP HPOS="940" ID="PAG_00000056_SP000019" VPOS="3073" WIDTH="55"/>
            <String CONTENT="QujsoJLllje," HEIGHT="99" HPOS="995" ID="PAG_00000056_ST000028" STYLEREFS="TXT_1" VPOS="3073" WC="0.52" WIDTH="341"/>
            <SP HPOS="1336" ID="PAG_00000056_SP000020" VPOS="3073" WIDTH="1"/>
            <String CONTENT="-" HEIGHT="99" HPOS="1336" ID="PAG_00000056_ST000029" STYLEREFS="TXT_1" VPOS="3073" WC="0.52" WIDTH="52"/>
            <SP HPOS="1388" ID="PAG_00000056_SP000021" VPOS="3073" WIDTH="1"/>
            <String CONTENT="&amp;QJULd" HEIGHT="99" HPOS="1388" ID="PAG_00000056_ST000030" STYLEREFS="TXT_1" VPOS="3073" WC="0.52" WIDTH="211"/>
            <SP HPOS="1599" ID="PAG_00000056_SP000022" VPOS="3093" WIDTH="295"/>
            <String CONTENT="H" HEIGHT="75" HPOS="1894" ID="PAG_00000056_ST000031" STYLEREFS="TXT_1" VPOS="3093" WC="0.35" WIDTH="45"/>
          </TextLine>
          <TextLine HEIGHT="112" HPOS="266" ID="PAG_00000056_TL000010" STYLEREFS="TXT_1" VPOS="3181" WIDTH="1673">
            <String CONTENT="M" HEIGHT="67" HPOS="266" ID="PAG_00000056_ST000032" STYLEREFS="TXT_1" VPOS="3183" WC="0.73" WIDTH="47"/>
            <SP HPOS="313" ID="PAG_00000056_SP000023" VPOS="3181" WIDTH="488"/>
            <String CONTENT="-Tel:" HEIGHT="60" HPOS="801" ID="PAG_00000056_ST000033" STYLEREFS="TXT_1" VPOS="3181" WC="0.90" WIDTH="171"/>
            <SP HPOS="972" ID="PAG_00000056_SP000024" VPOS="3181" WIDTH="1"/>
            <String CONTENT="centp&lt;al-i6-ôo" HEIGHT="60" HPOS="972" ID="PAG_00000056_ST000034" STYLEREFS="TXT_1" VPOS="3181" WC="0.90" WIDTH="458"/>
            <SP HPOS="1430" ID="PAG_00000056_SP000025" VPOS="3182" WIDTH="464"/>
            <String CONTENT="B" HEIGHT="111" HPOS="1894" ID="PAG_00000056_ST000035" STYLEREFS="TXT_1" VPOS="3182" WC="0.35" WIDTH="45"/>
          </TextLine>
          <TextLine HEIGHT="60" HPOS="265" ID="PAG_00000056_TL000011" STYLEREFS="TXT_1" VPOS="3315" WIDTH="1674">
            <String CONTENT="g" HEIGHT="59" HPOS="265" ID="PAG_00000056_ST000036" STYLEREFS="TXT_1" VPOS="3316" WC="0.73" WIDTH="47"/>
            <SP HPOS="312" ID="PAG_00000056_SP000026" VPOS="3324" WIDTH="701"/>
            <String CONTENT="ou" HEIGHT="30" HPOS="1013" ID="PAG_00000056_ST000037" STYLEREFS="TXT_1" VPOS="3324" WC="1" WIDTH="64"/>
            <SP HPOS="1077" ID="PAG_00000056_SP000027" VPOS="3326" WIDTH="39"/>
            <String CONTENT="au" HEIGHT="30" HPOS="1116" ID="PAG_00000056_ST000038" STYLEREFS="TXT_1" VPOS="3326" WC="1" WIDTH="62"/>
            <SP HPOS="1178" ID="PAG_00000056_SP000028" VPOS="3315" WIDTH="715"/>
            <String CONTENT="n" HEIGHT="58" HPOS="1893" ID="PAG_00000056_ST000039" STYLEREFS="TXT_1" VPOS="3315" WC="0.36" WIDTH="46"/>
          </TextLine>
          <TextLine HEIGHT="332" HPOS="260" ID="PAG_00000056_TL000012" STYLEREFS="TXT_1" VPOS="3324" WIDTH="1680">
            <String CONTENT="PELlëAN'S:" HEIGHT="332" HPOS="260" ID="PAG_00000056_ST000040" STYLEREFS="TXT_1" VPOS="3324" WC="0.75" WIDTH="1680"/>
          </TextLine>
          <TextLine HEIGHT="92" HPOS="262" ID="PAG_00000056_TL000013" STYLEREFS="TXT_1" VPOS="3645" WIDTH="1674">
            <String CONTENT="=" HEIGHT="50" HPOS="262" ID="PAG_00000056_ST000041" STYLEREFS="TXT_1" VPOS="3678" WC="0.75" WIDTH="47"/>
            <SP HPOS="309" ID="PAG_00000056_SP000029" VPOS="3645" WIDTH="309"/>
            <String CONTENT="26" HEIGHT="60" HPOS="618" ID="PAG_00000056_ST000042" STYLEREFS="TXT_1" VPOS="3645" WC="1" WIDTH="77"/>
            <SP HPOS="695" ID="PAG_00000056_SP000030" VPOS="3647" WIDTH="41"/>
            <String CONTENT="R." HEIGHT="59" HPOS="736" ID="PAG_00000056_ST000043" STYLEREFS="TXT_1" VPOS="3647" WC="1" WIDTH="74"/>
            <SP HPOS="810" ID="PAG_00000056_SP000031" VPOS="3650" WIDTH="47"/>
            <String CONTENT="de" HEIGHT="57" HPOS="857" ID="PAG_00000056_ST000044" STYLEREFS="TXT_1" VPOS="3650" WC="1" WIDTH="67"/>
            <SP HPOS="924" ID="PAG_00000056_SP000032" VPOS="3651" WIDTH="44"/>
            <String CONTENT="Penlhièvre-Paris." HEIGHT="69" HPOS="968" ID="PAG_00000056_ST000045" STYLEREFS="TXT_1" VPOS="3651" WC="0.92" WIDTH="601"/>
            <SP HPOS="1569" ID="PAG_00000056_SP000033" VPOS="3680" WIDTH="323"/>
            <String CONTENT="=" HEIGHT="57" HPOS="1892" ID="PAG_00000056_ST000046" STYLEREFS="TXT_1" VPOS="3680" WC="0.35" WIDTH="44"/>
          </TextLine>
        </TextBlock>
        <TextBlock HEIGHT="77" HPOS="261" ID="PAG_00000056_TB000005" STYLEREFS="TXT_1" TYPE="advertisement" VPOS="3741" WIDTH="1675" language="fr">
          <TextLine HEIGHT="77" HPOS="261" ID="PAG_00000056_TL000014" STYLEREFS="TXT_1" VPOS="3741" WIDTH="1675">
            <String CONTENT="g" HEIGHT="75" HPOS="261" ID="PAG_00000056_ST000047" STYLEREFS="TXT_1" VPOS="3741" WC="0.77" WIDTH="164"/>
            <SP HPOS="425" ID="PAG_00000056_SP000034" VPOS="3741" WIDTH="1"/>
            <String CONTENT="Tel." HEIGHT="75" HPOS="425" ID="PAG_00000056_ST000048" STYLEREFS="TXT_1" VPOS="3741" WC="0.77" WIDTH="494"/>
            <SP HPOS="919" ID="PAG_00000056_SP000035" VPOS="3744" WIDTH="44"/>
            <String CONTENT="Elysée" HEIGHT="74" HPOS="963" ID="PAG_00000056_ST000049" STYLEREFS="TXT_1" VPOS="3744" WC="0.99" WIDTH="204"/>
            <SP HPOS="1167" ID="PAG_00000056_SP000036" VPOS="3749" WIDTH="43"/>
            <String CONTENT="55-64" HEIGHT="61" HPOS="1210" ID="PAG_00000056_ST000050" STYLEREFS="TXT_1" VPOS="3749" WC="1" WIDTH="184"/>
            <SP HPOS="1394" ID="PAG_00000056_SP000037" VPOS="3769" WIDTH="498"/>
            <String CONTENT="M" HEIGHT="48" HPOS="1892" ID="PAG_00000056_ST000051" STYLEREFS="TXT_1" VPOS="3769" WC="0.46" WIDTH="44"/>
          </TextLine>
        </TextBlock>
        <TextBlock HEIGHT="233" HPOS="260" ID="PAG_00000056_TB000006" STYLEREFS="TXT_1" TYPE="advertisement" VPOS="3895" WIDTH="641" language="fr">
          <TextLine HEIGHT="56" HPOS="260" ID="PAG_00000056_TL000015" STYLEREFS="TXT_1" VPOS="3895" WIDTH="641">
            <String CONTENT="m" HEIGHT="41" HPOS="260" ID="PAG_00000056_ST000052" STYLEREFS="TXT_1" VPOS="3908" WC="0.73" WIDTH="47"/>
            <SP HPOS="307" ID="PAG_00000056_SP000038" VPOS="3895" WIDTH="53"/>
            <String CONTENT="both" HEIGHT="45" HPOS="360" ID="PAG_00000056_ST000053" STYLEREFS="TXT_1" VPOS="3895" WC="1" WIDTH="103"/>
            <SP HPOS="463" ID="PAG_00000056_SP000039" VPOS="3914" WIDTH="19"/>
            <String CONTENT="are" HEIGHT="26" HPOS="482" ID="PAG_00000056_ST000054" STYLEREFS="TXT_1" VPOS="3914" WC="1" WIDTH="74"/>
            <SP HPOS="556" ID="PAG_00000056_SP000040" VPOS="3902" WIDTH="18"/>
            <String CONTENT="recognized" HEIGHT="49" HPOS="574" ID="PAG_00000056_ST000055" STYLEREFS="TXT_1" VPOS="3902" WC="1" WIDTH="264"/>
            <SP HPOS="838" ID="PAG_00000056_SP000041" VPOS="3919" WIDTH="18"/>
            <String CONTENT="as" HEIGHT="26" HPOS="856" ID="PAG_00000056_ST000056" STYLEREFS="TXT_1" VPOS="3919" WC="1" WIDTH="45"/>
          </TextLine>
          <TextLine HEIGHT="60" HPOS="260" ID="PAG_00000056_TL000016" STYLEREFS="TXT_1" VPOS="3951" WIDTH="641">
            <String CONTENT="g" HEIGHT="50" HPOS="260" ID="PAG_00000056_ST000057" STYLEREFS="TXT_1" VPOS="3961" WC="0.73" WIDTH="47"/>
            <SP HPOS="307" ID="PAG_00000056_SP000042" VPOS="3951" WIDTH="50"/>
            <String CONTENT="the" HEIGHT="43" HPOS="357" ID="PAG_00000056_ST000058" STYLEREFS="TXT_1" VPOS="3951" WC="1" WIDTH="73"/>
            <SP HPOS="430" ID="PAG_00000056_SP000043" VPOS="3966" WIDTH="30"/>
            <String CONTENT="smartest" HEIGHT="31" HPOS="460" ID="PAG_00000056_ST000059" STYLEREFS="TXT_1" VPOS="3966" WC="1" WIDTH="192"/>
            <SP HPOS="652" ID="PAG_00000056_SP000044" VPOS="3957" WIDTH="27"/>
            <String CONTENT="and" HEIGHT="42" HPOS="679" ID="PAG_00000056_ST000060" STYLEREFS="TXT_1" VPOS="3957" WC="1" WIDTH="86"/>
            <SP HPOS="765" ID="PAG_00000056_SP000045" VPOS="3972" WIDTH="30"/>
            <String CONTENT="most" HEIGHT="29" HPOS="795" ID="PAG_00000056_ST000061" STYLEREFS="TXT_1" VPOS="3972" WC="1" WIDTH="106"/>
          </TextLine>
          <TextLine HEIGHT="55" HPOS="261" ID="PAG_00000056_TL000017" STYLEREFS="TXT_1" VPOS="4008" WIDTH="635">
            <String CONTENT="H" HEIGHT="48" HPOS="261" ID="PAG_00000056_ST000062" STYLEREFS="TXT_1" VPOS="4015" WC="0.70" WIDTH="45"/>
            <SP HPOS="306" ID="PAG_00000056_SP000046" VPOS="4008" WIDTH="53"/>
            <String CONTENT="up,to,date" HEIGHT="50" HPOS="359" ID="PAG_00000056_ST000063" STYLEREFS="TXT_1" VPOS="4008" WC="0.91" WIDTH="255"/>
            <SP HPOS="614" ID="PAG_00000056_SP000047" VPOS="4012" WIDTH="57"/>
            <String CONTENT="establish-" HEIGHT="43" HPOS="671" ID="PAG_00000056_ST000064" STYLEREFS="TXT_1" SUBS_CONTENT="establish=" SUBS_TYPE="HypPart1" VPOS="4012" WC="0.96" WIDTH="225"/>
            <HYP CONTENT="-" HPOS="896" VPOS="4055" WIDTH="30"/>
          </TextLine>
          <TextLine HEIGHT="63" HPOS="261" ID="PAG_00000056_TL000018" STYLEREFS="TXT_1" VPOS="4065" WIDTH="545">
            <String CONTENT="=" HEIGHT="59" HPOS="261" ID="PAG_00000056_ST000065" STYLEREFS="TXT_1" SUBS_CONTENT="establish=" SUBS_TYPE="HypPart2" VPOS="4069" WC="0.67" WIDTH="45"/>
            <SP HPOS="306" ID="PAG_00000056_SP000048" VPOS="4076" WIDTH="144"/>
            <String CONTENT="ments" HEIGHT="30" HPOS="450" ID="PAG_00000056_ST000066" STYLEREFS="TXT_1" VPOS="4076" WC="1" WIDTH="137"/>
            <SP HPOS="587" ID="PAG_00000056_SP000049" VPOS="4067" WIDTH="24"/>
            <String CONTENT="in" HEIGHT="40" HPOS="611" ID="PAG_00000056_ST000067" STYLEREFS="TXT_1" VPOS="4067" WC="1" WIDTH="42"/>
            <SP HPOS="653" ID="PAG_00000056_SP000050" VPOS="4065" WIDTH="27"/>
            <String CONTENT="Paris." HEIGHT="45" HPOS="680" ID="PAG_00000056_ST000068" STYLEREFS="TXT_1" VPOS="4065" WC="1" WIDTH="126"/>
          </TextLine>
        </TextBlock>
        <TextBlock HEIGHT="120" HPOS="261" ID="PAG_00000056_TB000007" STYLEREFS="TXT_1" TYPE="advertisement" VPOS="4140" WIDTH="638" language="fr">
          <TextLine HEIGHT="57" HPOS="261" ID="PAG_00000056_TL000019" STYLEREFS="TXT_1" VPOS="4140" WIDTH="638">
            <String CONTENT="-" HEIGHT="48" HPOS="261" ID="PAG_00000056_ST000069" STYLEREFS="TXT_1" VPOS="4149" WC="0.71" WIDTH="45"/>
            <SP HPOS="306" ID="PAG_00000056_SP000051" VPOS="4140" WIDTH="51"/>
            <String CONTENT="The" HEIGHT="46" HPOS="357" ID="PAG_00000056_ST000070" STYLEREFS="TXT_1" VPOS="4140" WC="1" WIDTH="101"/>
            <SP HPOS="458" ID="PAG_00000056_SP000052" VPOS="4144" WIDTH="52"/>
            <String CONTENT="rendez-vous" HEIGHT="44" HPOS="510" ID="PAG_00000056_ST000071" STYLEREFS="TXT_1" VPOS="4144" WC="0.96" WIDTH="299"/>
            <SP HPOS="809" ID="PAG_00000056_SP000053" VPOS="4148" WIDTH="44"/>
            <String CONTENT="of" HEIGHT="42" HPOS="853" ID="PAG_00000056_ST000072" STYLEREFS="TXT_1" VPOS="4148" WC="1" WIDTH="46"/>
          </TextLine>
          <TextLine HEIGHT="62" HPOS="262" ID="PAG_00000056_TL000020" STYLEREFS="TXT_1" VPOS="4198" WIDTH="521">
            <String CONTENT="g" HEIGHT="57" HPOS="262" ID="PAG_00000056_ST000073" STYLEREFS="TXT_1" VPOS="4203" WC="0.68" WIDTH="44"/>
            <SP HPOS="306" ID="PAG_00000056_SP000054" VPOS="4198" WIDTH="161"/>
            <String CONTENT="the" HEIGHT="44" HPOS="467" ID="PAG_00000056_ST000074" STYLEREFS="TXT_1" VPOS="4198" WC="1" WIDTH="70"/>
            <SP HPOS="537" ID="PAG_00000056_SP000055" VPOS="4214" WIDTH="26"/>
            <String CONTENT="smart" HEIGHT="29" HPOS="563" ID="PAG_00000056_ST000075" STYLEREFS="TXT_1" VPOS="4214" WC="1" WIDTH="127"/>
            <SP HPOS="690" ID="PAG_00000056_SP000056" VPOS="4215" WIDTH="21"/>
            <String CONTENT="set." HEIGHT="29" HPOS="711" ID="PAG_00000056_ST000076" STYLEREFS="TXT_1" VPOS="4215" WC="1" WIDTH="72"/>
          </TextLine>
        </TextBlock>
        <TextBlock HEIGHT="428" HPOS="261" ID="PAG_00000056_TB000008" STYLEREFS="TXT_1" TYPE="advertisement" VPOS="4337" WIDTH="760" language="fr">
          <TextLine HEIGHT="57" HPOS="261" ID="PAG_00000056_TL000021" STYLEREFS="TXT_1" VPOS="4337" WIDTH="459">
            <String CONTENT="g" HEIGHT="50" HPOS="261" ID="PAG_00000056_ST000077" STYLEREFS="TXT_1" VPOS="4344" WC="0.73" WIDTH="47"/>
            <SP HPOS="308" ID="PAG_00000056_SP000057" VPOS="4337" WIDTH="225"/>
            <String CONTENT="Pigall'" HEIGHT="52" HPOS="533" ID="PAG_00000056_ST000078" STYLEREFS="TXT_1" VPOS="4337" WC="0.99" WIDTH="142"/>
            <SP HPOS="675" ID="PAG_00000056_SP000058" VPOS="4356" WIDTH="7"/>
            <String CONTENT="s" HEIGHT="25" HPOS="682" ID="PAG_00000056_ST000079" STYLEREFS="TXT_1" VPOS="4356" WC="0.93" WIDTH="19"/>
            <SP HPOS="701" ID="PAG_00000056_SP000059" VPOS="4356" WIDTH="1"/>
            <String CONTENT=":" HEIGHT="25" HPOS="701" ID="PAG_00000056_ST000080" STYLEREFS="TXT_1" VPOS="4356" WC="0.93" WIDTH="19"/>
          </TextLine>
          <TextLine HEIGHT="54" HPOS="262" ID="PAG_00000056_TL000022" STYLEREFS="TXT_1" VPOS="4393" WIDTH="555">
            <String CONTENT="M" HEIGHT="49" HPOS="262" ID="PAG_00000056_ST000081" STYLEREFS="TXT_1" VPOS="4398" WC="0.73" WIDTH="46"/>
            <SP HPOS="308" ID="PAG_00000056_SP000060" VPOS="4393" WIDTH="134"/>
            <String CONTENT="Diners," HEIGHT="47" HPOS="442" ID="PAG_00000056_ST000082" STYLEREFS="TXT_1" VPOS="4393" WC="1" WIDTH="163"/>
            <SP HPOS="605" ID="PAG_00000056_SP000061" VPOS="4393" WIDTH="25"/>
            <String CONTENT="Soupers" HEIGHT="53" HPOS="630" ID="PAG_00000056_ST000083" STYLEREFS="TXT_1" VPOS="4393" WC="1" WIDTH="187"/>
          </TextLine>
          <TextLine HEIGHT="27" HPOS="262" ID="PAG_00000056_TL000023" STYLEREFS="TXT_1" VPOS="4457" WIDTH="522">
            <String CONTENT="==" HEIGHT="13" HPOS="262" ID="PAG_00000056_ST000084" STYLEREFS="TXT_1" VPOS="4470" WC="0.28" WIDTH="46"/>
            <SP HPOS="308" ID="PAG_00000056_SP000062" VPOS="4457" WIDTH="158"/>
            <String CONTENT="Orchestres" HEIGHT="27" HPOS="466" ID="PAG_00000056_ST000085" STYLEREFS="TXT_1" VPOS="4457" WC="1" WIDTH="168"/>
            <SP HPOS="634" ID="PAG_00000056_SP000063" VPOS="4465" WIDTH="20"/>
            <String CONTENT="et" HEIGHT="19" HPOS="654" ID="PAG_00000056_ST000086" STYLEREFS="TXT_1" VPOS="4465" WC="1" WIDTH="25"/>
            <SP HPOS="679" ID="PAG_00000056_SP000064" VPOS="4458" WIDTH="19"/>
            <String CONTENT="danse" HEIGHT="26" HPOS="698" ID="PAG_00000056_ST000087" STYLEREFS="TXT_1" VPOS="4458" WC="1" WIDTH="86"/>
          </TextLine>
          <TextLine HEIGHT="58" HPOS="263" ID="PAG_00000056_TL000024" STYLEREFS="TXT_1" VPOS="4515" WIDTH="477">
            <String CONTENT="g" HEIGHT="50" HPOS="263" ID="PAG_00000056_ST000088" STYLEREFS="TXT_1" VPOS="4523" WC="0.73" WIDTH="46"/>
            <SP HPOS="309" ID="PAG_00000056_SP000065" VPOS="4515" WIDTH="199"/>
            <String CONTENT="Pelican's:" HEIGHT="44" HPOS="508" ID="PAG_00000056_ST000089" STYLEREFS="TXT_1" VPOS="4515" WC="1" WIDTH="232"/>
          </TextLine>
          <TextLine HEIGHT="56" HPOS="264" ID="PAG_00000056_TL000025" STYLEREFS="TXT_1" VPOS="4570" WIDTH="631">
            <String CONTENT="g" HEIGHT="49" HPOS="264" ID="PAG_00000056_ST000090" STYLEREFS="TXT_1" VPOS="4577" WC="0.73" WIDTH="45"/>
            <SP HPOS="309" ID="PAG_00000056_SP000066" VPOS="4572" WIDTH="51"/>
            <String CONTENT="Thés," HEIGHT="48" HPOS="360" ID="PAG_00000056_ST000091" STYLEREFS="TXT_1" VPOS="4572" WC="1" WIDTH="135"/>
            <SP HPOS="495" ID="PAG_00000056_SP000067" VPOS="4571" WIDTH="26"/>
            <String CONTENT="Diners," HEIGHT="48" HPOS="521" ID="PAG_00000056_ST000092" STYLEREFS="TXT_1" VPOS="4571" WC="1" WIDTH="165"/>
            <SP HPOS="686" ID="PAG_00000056_SP000068" VPOS="4570" WIDTH="22"/>
            <String CONTENT="Soupers" HEIGHT="52" HPOS="708" ID="PAG_00000056_ST000093" STYLEREFS="TXT_1" VPOS="4570" WC="1" WIDTH="187"/>
          </TextLine>
          <TextLine HEIGHT="27" HPOS="264" ID="PAG_00000056_TL000026" STYLEREFS="TXT_1" VPOS="4636" WIDTH="522">
            <String CONTENT="==" HEIGHT="13" HPOS="264" ID="PAG_00000056_ST000094" STYLEREFS="TXT_1" VPOS="4649" WC="0.28" WIDTH="46"/>
            <SP HPOS="310" ID="PAG_00000056_SP000069" VPOS="4636" WIDTH="161"/>
            <String CONTENT="Orchestres" HEIGHT="27" HPOS="471" ID="PAG_00000056_ST000095" STYLEREFS="TXT_1" VPOS="4636" WC="1" WIDTH="166"/>
            <SP HPOS="637" ID="PAG_00000056_SP000070" VPOS="4643" WIDTH="19"/>
            <String CONTENT="et" HEIGHT="19" HPOS="656" ID="PAG_00000056_ST000096" STYLEREFS="TXT_1" VPOS="4643" WC="1" WIDTH="25"/>
            <SP HPOS="681" ID="PAG_00000056_SP000071" VPOS="4636" WIDTH="19"/>
            <String CONTENT="danse" HEIGHT="27" HPOS="700" ID="PAG_00000056_ST000097" STYLEREFS="TXT_1" VPOS="4636" WC="1" WIDTH="86"/>
          </TextLine>
          <TextLine HEIGHT="71" HPOS="264" ID="PAG_00000056_TL000027" STYLEREFS="TXT_1" VPOS="4694" WIDTH="757">
            <String CONTENT="liiiiiiiiiiiiiiiiiiiiiiiiiiiiiiiiiiiiw" HEIGHT="71" HPOS="264" ID="PAG_00000056_ST000098" STYLEREFS="TXT_1" VPOS="4694" WC="0.48" WIDTH="757"/>
          </TextLine>
        </TextBlock>
        <TextBlock HEIGHT="67" HPOS="1057" ID="PAG_00000056_TB000009" STYLEREFS="TXT_1" TYPE="advertisement" VPOS="3990" WIDTH="877" language="fr">
          <TextLine HEIGHT="67" HPOS="1057" ID="PAG_00000056_TL000028" STYLEREFS="TXT_1" VPOS="3990" WIDTH="877">
            <String CONTENT="THE" HEIGHT="44" HPOS="1057" ID="PAG_00000056_ST000099" STYLEREFS="TXT_1" VPOS="3990" WC="1" WIDTH="131"/>
            <SP HPOS="1188" ID="PAG_00000056_SP000072" VPOS="3993" WIDTH="37"/>
            <String CONTENT="PELICAN" HEIGHT="50" HPOS="1225" ID="PAG_00000056_ST000100" STYLEREFS="TXT_1" VPOS="3993" WC="1" WIDTH="268"/>
            <SP HPOS="1493" ID="PAG_00000056_SP000073" VPOS="4000" WIDTH="39"/>
            <String CONTENT="BAND" HEIGHT="44" HPOS="1532" ID="PAG_00000056_ST000101" STYLEREFS="TXT_1" VPOS="4000" WC="1" WIDTH="166"/>
            <SP HPOS="1698" ID="PAG_00000056_SP000074" VPOS="4000" WIDTH="191"/>
            <String CONTENT="M" HEIGHT="57" HPOS="1889" ID="PAG_00000056_ST000102" STYLEREFS="TXT_1" VPOS="4000" WC="0.47" WIDTH="45"/>
          </TextLine>
        </TextBlock>
        <Illustration HEIGHT="721" HPOS="1021" ID="PAG_00000056_IL000003" VPOS="4077" WIDTH="894"/>
        <TextBlock HEIGHT="296" HPOS="2049" ID="PAG_00000056_TB000010" STYLEREFS="TXT_1" VPOS="279" WIDTH="1528" language="fr">
          <TextLine HEIGHT="69" HPOS="2049" ID="PAG_00000056_TL000029" STYLEREFS="TXT_1" VPOS="279" WIDTH="1528">
            <String CONTENT="AU" HEIGHT="57" HPOS="2049" ID="PAG_00000056_ST000103" STYLEREFS="TXT_1" VPOS="279" WC="1" WIDTH="116"/>
            <SP HPOS="2165" ID="PAG_00000056_SP000075" VPOS="279" WIDTH="45"/>
            <String CONTENT="MUSEE" HEIGHT="57" HPOS="2210" ID="PAG_00000056_ST000104" STYLEREFS="TXT_1" VPOS="279" WC="1" WIDTH="295"/>
            <SP HPOS="2505" ID="PAG_00000056_SP000076" VPOS="280" WIDTH="60"/>
            <String CONTENT="HISTORIQUE" HEIGHT="68" HPOS="2565" ID="PAG_00000056_ST000105" STYLEREFS="TXT_1" VPOS="280" WC="0.97" WIDTH="555"/>
            <SP HPOS="3120" ID="PAG_00000056_SP000077" VPOS="281" WIDTH="50"/>
            <String CONTENT="DES" HEIGHT="58" HPOS="3170" ID="PAG_00000056_ST000106" STYLEREFS="TXT_1" VPOS="281" WC="1" WIDTH="157"/>
            <SP HPOS="3327" ID="PAG_00000056_SP000078" VPOS="282" WIDTH="38"/>
            <String CONTENT="TISSUS" HEIGHT="62" HPOS="3365" ID="PAG_00000056_ST000107" STYLEREFS="TXT_1" VPOS="282" WC="0.88" WIDTH="212"/>
          </TextLine>
          <TextLine HEIGHT="58" HPOS="2660" ID="PAG_00000056_TL000030" STYLEREFS="TXT_1" VPOS="391" WIDTH="364">
            <String CONTENT="A" HEIGHT="57" HPOS="2660" ID="PAG_00000056_ST000108" STYLEREFS="TXT_1" VPOS="391" WC="1" WIDTH="60"/>
            <SP HPOS="2720" ID="PAG_00000056_SP000079" VPOS="391" WIDTH="60"/>
            <String CONTENT="LYON" HEIGHT="58" HPOS="2780" ID="PAG_00000056_ST000109" STYLEREFS="TXT_1" VPOS="391" WC="1" WIDTH="244"/>
          </TextLine>
          <TextLine HEIGHT="45" HPOS="2631" ID="PAG_00000056_TL000031" STYLEREFS="TXT_1" VPOS="530" WIDTH="423">
            <String CONTENT="(Suite" HEIGHT="41" HPOS="2631" ID="PAG_00000056_ST000110" STYLEREFS="TXT_1" VPOS="530" WC="1" WIDTH="112"/>
            <SP HPOS="2743" ID="PAG_00000056_SP000080" VPOS="531" WIDTH="25"/>
            <String CONTENT="de" HEIGHT="33" HPOS="2768" ID="PAG_00000056_ST000111" STYLEREFS="TXT_1" VPOS="531" WC="1" WIDTH="39"/>
            <SP HPOS="2807" ID="PAG_00000056_SP000081" VPOS="531" WIDTH="24"/>
            <String CONTENT="la" HEIGHT="34" HPOS="2831" ID="PAG_00000056_ST000112" STYLEREFS="TXT_1" VPOS="531" WC="1" WIDTH="33"/>
            <SP HPOS="2864" ID="PAG_00000056_SP000082" VPOS="532" WIDTH="26"/>
            <String CONTENT="page" HEIGHT="43" HPOS="2890" ID="PAG_00000056_ST000113" STYLEREFS="TXT_1" VPOS="532" WC="1" WIDTH="91"/>
            <SP HPOS="2981" ID="PAG_00000056_SP000083" VPOS="532" WIDTH="1"/>
            <String CONTENT="42)" HEIGHT="43" HPOS="2981" ID="PAG_00000056_ST000114" STYLEREFS="TXT_1" VPOS="532" WC="1" WIDTH="73"/>
          </TextLine>
        </TextBlock>
        <TextBlock HEIGHT="1464" HPOS="1990" ID="PAG_00000056_TB000011" STYLEREFS="TXT_1" VPOS="654" WIDTH="820" language="fr">
          <TextLine HEIGHT="43" HPOS="2040" ID="PAG_00000056_TL000032" STYLEREFS="TXT_1" VPOS="654" WIDTH="768">
            <String CONTENT="attributs" HEIGHT="33" HPOS="2040" ID="PAG_00000056_ST000115" STYLEREFS="TXT_1" VPOS="655" WC="1" WIDTH="165"/>
            <SP HPOS="2205" ID="PAG_00000056_SP000084" VPOS="655" WIDTH="16"/>
            <String CONTENT="guerriers," HEIGHT="41" HPOS="2221" ID="PAG_00000056_ST000116" STYLEREFS="TXT_1" VPOS="655" WC="1" WIDTH="182"/>
            <SP HPOS="2403" ID="PAG_00000056_SP000085" VPOS="654" WIDTH="15"/>
            <String CONTENT="drapeaux," HEIGHT="43" HPOS="2418" ID="PAG_00000056_ST000117" STYLEREFS="TXT_1" VPOS="654" WC="1" WIDTH="183"/>
            <SP HPOS="2601" ID="PAG_00000056_SP000086" VPOS="654" WIDTH="16"/>
            <String CONTENT="alliés," HEIGHT="41" HPOS="2617" ID="PAG_00000056_ST000118" STYLEREFS="TXT_1" VPOS="654" WC="1" WIDTH="105"/>
            <SP HPOS="2722" ID="PAG_00000056_SP000087" VPOS="667" WIDTH="17"/>
            <String CONTENT="que" HEIGHT="30" HPOS="2739" ID="PAG_00000056_ST000119" STYLEREFS="TXT_1" VPOS="667" WC="1" WIDTH="69"/>
          </TextLine>
          <TextLine HEIGHT="43" HPOS="2039" ID="PAG_00000056_TL000033" STYLEREFS="TXT_1" VPOS="699" WIDTH="769">
            <String CONTENT="ce" HEIGHT="20" HPOS="2039" ID="PAG_00000056_ST000120" STYLEREFS="TXT_1" VPOS="712" WC="1" WIDTH="36"/>
            <SP HPOS="2075" ID="PAG_00000056_SP000088" VPOS="699" WIDTH="29"/>
            <String CONTENT="soit" HEIGHT="33" HPOS="2104" ID="PAG_00000056_ST000121" STYLEREFS="TXT_1" VPOS="699" WC="1" WIDTH="65"/>
            <SP HPOS="2169" ID="PAG_00000056_SP000089" VPOS="712" WIDTH="30"/>
            <String CONTENT="pour" HEIGHT="30" HPOS="2199" ID="PAG_00000056_ST000122" STYLEREFS="TXT_1" VPOS="712" WC="1" WIDTH="88"/>
            <SP HPOS="2287" ID="PAG_00000056_SP000090" VPOS="700" WIDTH="31"/>
            <String CONTENT="robes" HEIGHT="33" HPOS="2318" ID="PAG_00000056_ST000123" STYLEREFS="TXT_1" VPOS="700" WC="1" WIDTH="99"/>
            <SP HPOS="2417" ID="PAG_00000056_SP000091" VPOS="712" WIDTH="29"/>
            <String CONTENT="ou" HEIGHT="20" HPOS="2446" ID="PAG_00000056_ST000124" STYLEREFS="TXT_1" VPOS="712" WC="1" WIDTH="44"/>
            <SP HPOS="2490" ID="PAG_00000056_SP000092" VPOS="712" WIDTH="30"/>
            <String CONTENT="pour" HEIGHT="29" HPOS="2520" ID="PAG_00000056_ST000125" STYLEREFS="TXT_1" VPOS="712" WC="1" WIDTH="84"/>
            <SP HPOS="2604" ID="PAG_00000056_SP000093" VPOS="699" WIDTH="28"/>
            <String CONTENT="ameuble-" HEIGHT="34" HPOS="2632" ID="PAG_00000056_ST000126" STYLEREFS="TXT_1" SUBS_CONTENT="ameublement." SUBS_TYPE="HypPart1" VPOS="699" WC="1" WIDTH="176"/>
            <HYP CONTENT="-" HPOS="2808" VPOS="733" WIDTH="30"/>
          </TextLine>
          <TextLine HEIGHT="42" HPOS="2040" ID="PAG_00000056_TL000034" STYLEREFS="TXT_1" VPOS="744" WIDTH="766">
            <String CONTENT="ment." HEIGHT="25" HPOS="2040" ID="PAG_00000056_ST000127" STYLEREFS="TXT_1" SUBS_CONTENT="ameublement." SUBS_TYPE="HypPart2" VPOS="752" WC="1" WIDTH="104"/>
            <SP HPOS="2144" ID="PAG_00000056_SP000094" VPOS="745" WIDTH="63"/>
            <String CONTENT="Ici," HEIGHT="39" HPOS="2207" ID="PAG_00000056_ST000128" STYLEREFS="TXT_1" VPOS="745" WC="1" WIDTH="60"/>
            <SP HPOS="2267" ID="PAG_00000056_SP000095" VPOS="744" WIDTH="39"/>
            <String CONTENT="à" HEIGHT="33" HPOS="2306" ID="PAG_00000056_ST000129" STYLEREFS="TXT_1" VPOS="744" WC="1" WIDTH="18"/>
            <SP HPOS="2324" ID="PAG_00000056_SP000096" VPOS="745" WIDTH="40"/>
            <String CONTENT="Lyon," HEIGHT="41" HPOS="2364" ID="PAG_00000056_ST000130" STYLEREFS="TXT_1" VPOS="745" WC="1" WIDTH="111"/>
            <SP HPOS="2475" ID="PAG_00000056_SP000097" VPOS="745" WIDTH="38"/>
            <String CONTENT="c'est" HEIGHT="32" HPOS="2513" ID="PAG_00000056_ST000131" STYLEREFS="TXT_1" VPOS="745" WC="1" WIDTH="81"/>
            <SP HPOS="2594" ID="PAG_00000056_SP000098" VPOS="756" WIDTH="36"/>
            <String CONTENT="un" HEIGHT="20" HPOS="2630" ID="PAG_00000056_ST000132" STYLEREFS="TXT_1" VPOS="756" WC="1" WIDTH="45"/>
            <SP HPOS="2675" ID="PAG_00000056_SP000099" VPOS="744" WIDTH="38"/>
            <String CONTENT="satin" HEIGHT="33" HPOS="2713" ID="PAG_00000056_ST000133" STYLEREFS="TXT_1" VPOS="744" WC="1" WIDTH="93"/>
          </TextLine>
          <TextLine HEIGHT="44" HPOS="2038" ID="PAG_00000056_TL000035" STYLEREFS="TXT_1" VPOS="787" WIDTH="769">
            <String CONTENT="évoquant" HEIGHT="41" HPOS="2038" ID="PAG_00000056_ST000134" STYLEREFS="TXT_1" VPOS="789" WC="1" WIDTH="177"/>
            <SP HPOS="2215" ID="PAG_00000056_SP000100" VPOS="789" WIDTH="18"/>
            <String CONTENT="la" HEIGHT="33" HPOS="2233" ID="PAG_00000056_ST000135" STYLEREFS="TXT_1" VPOS="789" WC="1" WIDTH="31"/>
            <SP HPOS="2264" ID="PAG_00000056_SP000101" VPOS="789" WIDTH="18"/>
            <String CONTENT="Campagne" HEIGHT="42" HPOS="2282" ID="PAG_00000056_ST000136" STYLEREFS="TXT_1" VPOS="789" WC="1" WIDTH="207"/>
            <SP HPOS="2489" ID="PAG_00000056_SP000102" VPOS="787" WIDTH="16"/>
            <String CONTENT="d'Egypte(i798-" HEIGHT="44" HPOS="2505" ID="PAG_00000056_ST000137" STYLEREFS="TXT_1" SUBS_CONTENT="d'Egypte(i7981799)." SUBS_TYPE="HypPart1" VPOS="787" WC="0.96" WIDTH="302"/>
            <HYP CONTENT="-" HPOS="2807" VPOS="831" WIDTH="30"/>
          </TextLine>
          <TextLine HEIGHT="43" HPOS="2043" ID="PAG_00000056_TL000036" STYLEREFS="TXT_1" VPOS="832" WIDTH="763">
            <String CONTENT="1799)." HEIGHT="42" HPOS="2043" ID="PAG_00000056_ST000138" STYLEREFS="TXT_1" SUBS_CONTENT="d'Egypte(i7981799)." SUBS_TYPE="HypPart2" VPOS="832" WC="1" WIDTH="108"/>
            <SP HPOS="2151" ID="PAG_00000056_SP000103" VPOS="833" WIDTH="42"/>
            <String CONTENT="C'est" HEIGHT="34" HPOS="2193" ID="PAG_00000056_ST000139" STYLEREFS="TXT_1" VPOS="833" WC="1" WIDTH="98"/>
            <SP HPOS="2291" ID="PAG_00000056_SP000104" VPOS="846" WIDTH="19"/>
            <String CONTENT="un" HEIGHT="20" HPOS="2310" ID="PAG_00000056_ST000140" STYLEREFS="TXT_1" VPOS="846" WC="1" WIDTH="46"/>
            <SP HPOS="2356" ID="PAG_00000056_SP000105" VPOS="833" WIDTH="20"/>
            <String CONTENT="ruban" HEIGHT="33" HPOS="2376" ID="PAG_00000056_ST000141" STYLEREFS="TXT_1" VPOS="833" WC="1" WIDTH="110"/>
            <SP HPOS="2486" ID="PAG_00000056_SP000106" VPOS="834" WIDTH="20"/>
            <String CONTENT="représentant" HEIGHT="41" HPOS="2506" ID="PAG_00000056_ST000142" STYLEREFS="TXT_1" VPOS="834" WC="1" WIDTH="235"/>
            <SP HPOS="2741" ID="PAG_00000056_SP000107" VPOS="833" WIDTH="17"/>
            <String CONTENT="les" HEIGHT="32" HPOS="2758" ID="PAG_00000056_ST000143" STYLEREFS="TXT_1" VPOS="833" WC="1" WIDTH="48"/>
          </TextLine>
          <TextLine HEIGHT="43" HPOS="2039" ID="PAG_00000056_TL000037" STYLEREFS="TXT_1" VPOS="877" WIDTH="766">
            <String CONTENT="timbres-poste" HEIGHT="41" HPOS="2039" ID="PAG_00000056_ST000144" STYLEREFS="TXT_1" VPOS="878" WC="1" WIDTH="261"/>
            <SP HPOS="2300" ID="PAG_00000056_SP000108" VPOS="878" WIDTH="28"/>
            <String CONTENT="de" HEIGHT="33" HPOS="2328" ID="PAG_00000056_ST000145" STYLEREFS="TXT_1" VPOS="878" WC="1" WIDTH="43"/>
            <SP HPOS="2371" ID="PAG_00000056_SP000109" VPOS="878" WIDTH="28"/>
            <String CONTENT="la" HEIGHT="33" HPOS="2399" ID="PAG_00000056_ST000146" STYLEREFS="TXT_1" VPOS="878" WC="1" WIDTH="32"/>
            <SP HPOS="2431" ID="PAG_00000056_SP000110" VPOS="878" WIDTH="29"/>
            <String CONTENT="République," HEIGHT="42" HPOS="2460" ID="PAG_00000056_ST000147" STYLEREFS="TXT_1" VPOS="878" WC="1" WIDTH="226"/>
            <SP HPOS="2686" ID="PAG_00000056_SP000111" VPOS="877" WIDTH="29"/>
            <String CONTENT="puis," HEIGHT="42" HPOS="2715" ID="PAG_00000056_ST000148" STYLEREFS="TXT_1" VPOS="877" WC="1" WIDTH="90"/>
          </TextLine>
          <TextLine HEIGHT="35" HPOS="2039" ID="PAG_00000056_TL000038" STYLEREFS="TXT_1" VPOS="921" WIDTH="767">
            <String CONTENT="un" HEIGHT="20" HPOS="2039" ID="PAG_00000056_ST000149" STYLEREFS="TXT_1" VPOS="934" WC="1" WIDTH="44"/>
            <SP HPOS="2083" ID="PAG_00000056_SP000112" VPOS="922" WIDTH="19"/>
            <String CONTENT="tissu" HEIGHT="32" HPOS="2102" ID="PAG_00000056_ST000150" STYLEREFS="TXT_1" VPOS="922" WC="1" WIDTH="84"/>
            <SP HPOS="2186" ID="PAG_00000056_SP000113" VPOS="922" WIDTH="20"/>
            <String CONTENT="de" HEIGHT="34" HPOS="2206" ID="PAG_00000056_ST000151" STYLEREFS="TXT_1" VPOS="922" WC="1" WIDTH="42"/>
            <SP HPOS="2248" ID="PAG_00000056_SP000114" VPOS="922" WIDTH="18"/>
            <String CONTENT="soie" HEIGHT="34" HPOS="2266" ID="PAG_00000056_ST000152" STYLEREFS="TXT_1" VPOS="922" WC="1" WIDTH="71"/>
            <SP HPOS="2337" ID="PAG_00000056_SP000115" VPOS="935" WIDTH="18"/>
            <String CONTENT="avec" HEIGHT="20" HPOS="2355" ID="PAG_00000056_ST000153" STYLEREFS="TXT_1" VPOS="935" WC="1" WIDTH="85"/>
            <SP HPOS="2440" ID="PAG_00000056_SP000116" VPOS="935" WIDTH="19"/>
            <String CONTENT="un" HEIGHT="20" HPOS="2459" ID="PAG_00000056_ST000154" STYLEREFS="TXT_1" VPOS="935" WC="1" WIDTH="45"/>
            <SP HPOS="2504" ID="PAG_00000056_SP000117" VPOS="922" WIDTH="18"/>
            <String CONTENT="soldat" HEIGHT="33" HPOS="2522" ID="PAG_00000056_ST000155" STYLEREFS="TXT_1" VPOS="922" WC="1" WIDTH="111"/>
            <SP HPOS="2633" ID="PAG_00000056_SP000118" VPOS="921" WIDTH="17"/>
            <String CONTENT="brandis-" HEIGHT="33" HPOS="2650" ID="PAG_00000056_ST000156" STYLEREFS="TXT_1" SUBS_CONTENT="brandissant" SUBS_TYPE="HypPart1" VPOS="921" WC="1" WIDTH="156"/>
            <HYP CONTENT="-" HPOS="2806" VPOS="954" WIDTH="30"/>
          </TextLine>
          <TextLine HEIGHT="42" HPOS="2038" ID="PAG_00000056_TL000039" STYLEREFS="TXT_1" VPOS="966" WIDTH="766">
            <String CONTENT="sant" HEIGHT="25" HPOS="2038" ID="PAG_00000056_ST000157" STYLEREFS="TXT_1" SUBS_CONTENT="brandissant" SUBS_TYPE="HypPart2" VPOS="974" WC="1" WIDTH="78"/>
            <SP HPOS="2116" ID="PAG_00000056_SP000119" VPOS="966" WIDTH="27"/>
            <String CONTENT="le" HEIGHT="33" HPOS="2143" ID="PAG_00000056_ST000158" STYLEREFS="TXT_1" VPOS="966" WC="1" WIDTH="30"/>
            <SP HPOS="2173" ID="PAG_00000056_SP000120" VPOS="967" WIDTH="28"/>
            <String CONTENT="drapeau" HEIGHT="41" HPOS="2201" ID="PAG_00000056_ST000159" STYLEREFS="TXT_1" VPOS="967" WC="1" WIDTH="156"/>
            <SP HPOS="2357" ID="PAG_00000056_SP000121" VPOS="967" WIDTH="30"/>
            <String CONTENT="tricolore" HEIGHT="33" HPOS="2387" ID="PAG_00000056_ST000160" STYLEREFS="TXT_1" VPOS="967" WC="1" WIDTH="159"/>
            <SP HPOS="2546" ID="PAG_00000056_SP000122" VPOS="967" WIDTH="27"/>
            <String CONTENT="à" HEIGHT="33" HPOS="2573" ID="PAG_00000056_ST000161" STYLEREFS="TXT_1" VPOS="967" WC="1" WIDTH="17"/>
            <SP HPOS="2590" ID="PAG_00000056_SP000123" VPOS="966" WIDTH="28"/>
            <String CONTENT="côté" HEIGHT="33" HPOS="2618" ID="PAG_00000056_ST000162" STYLEREFS="TXT_1" VPOS="966" WC="1" WIDTH="75"/>
            <SP HPOS="2693" ID="PAG_00000056_SP000124" VPOS="966" WIDTH="28"/>
            <String CONTENT="d'un" HEIGHT="32" HPOS="2721" ID="PAG_00000056_ST000163" STYLEREFS="TXT_1" VPOS="966" WC="1" WIDTH="83"/>
          </TextLine>
          <TextLine HEIGHT="43" HPOS="2038" ID="PAG_00000056_TL000040" STYLEREFS="TXT_1" VPOS="1010" WIDTH="766">
            <String CONTENT="médaillon" HEIGHT="34" HPOS="2038" ID="PAG_00000056_ST000164" STYLEREFS="TXT_1" VPOS="1010" WC="1" WIDTH="185"/>
            <SP HPOS="2223" ID="PAG_00000056_SP000125" VPOS="1012" WIDTH="21"/>
            <String CONTENT="représentant" HEIGHT="41" HPOS="2244" ID="PAG_00000056_ST000165" STYLEREFS="TXT_1" VPOS="1012" WC="1" WIDTH="244"/>
            <SP HPOS="2488" ID="PAG_00000056_SP000126" VPOS="1024" WIDTH="19"/>
            <String CONTENT="un" HEIGHT="20" HPOS="2507" ID="PAG_00000056_ST000166" STYLEREFS="TXT_1" VPOS="1024" WC="1" WIDTH="45"/>
            <SP HPOS="2552" ID="PAG_00000056_SP000127" VPOS="1011" WIDTH="20"/>
            <String CONTENT="petit" HEIGHT="42" HPOS="2572" ID="PAG_00000056_ST000167" STYLEREFS="TXT_1" VPOS="1011" WC="1" WIDTH="87"/>
            <SP HPOS="2659" ID="PAG_00000056_SP000128" VPOS="1010" WIDTH="18"/>
            <String CONTENT="bateau" HEIGHT="33" HPOS="2677" ID="PAG_00000056_ST000168" STYLEREFS="TXT_1" VPOS="1010" WC="1" WIDTH="127"/>
          </TextLine>
          <TextLine HEIGHT="44" HPOS="2038" ID="PAG_00000056_TL000041" STYLEREFS="TXT_1" VPOS="1054" WIDTH="767">
            <String CONTENT="à" HEIGHT="32" HPOS="2038" ID="PAG_00000056_ST000169" STYLEREFS="TXT_1" VPOS="1055" WC="1" WIDTH="17"/>
            <SP HPOS="2055" ID="PAG_00000056_SP000129" VPOS="1055" WIDTH="33"/>
            <String CONTENT="voiles;" HEIGHT="41" HPOS="2088" ID="PAG_00000056_ST000170" STYLEREFS="TXT_1" VPOS="1055" WC="1" WIDTH="126"/>
            <SP HPOS="2214" ID="PAG_00000056_SP000130" VPOS="1056" WIDTH="34"/>
            <String CONTENT="puis," HEIGHT="42" HPOS="2248" ID="PAG_00000056_ST000171" STYLEREFS="TXT_1" VPOS="1056" WC="1" WIDTH="90"/>
            <SP HPOS="2338" ID="PAG_00000056_SP000131" VPOS="1056" WIDTH="34"/>
            <String CONTENT="le" HEIGHT="33" HPOS="2372" ID="PAG_00000056_ST000172" STYLEREFS="TXT_1" VPOS="1056" WC="1" WIDTH="31"/>
            <SP HPOS="2403" ID="PAG_00000056_SP000132" VPOS="1055" WIDTH="31"/>
            <String CONTENT="foulard" HEIGHT="33" HPOS="2434" ID="PAG_00000056_ST000173" STYLEREFS="TXT_1" VPOS="1055" WC="1" WIDTH="135"/>
            <SP HPOS="2569" ID="PAG_00000056_SP000133" VPOS="1055" WIDTH="31"/>
            <String CONTENT="des" HEIGHT="34" HPOS="2600" ID="PAG_00000056_ST000174" STYLEREFS="TXT_1" VPOS="1055" WC="1" WIDTH="58"/>
            <SP HPOS="2658" ID="PAG_00000056_SP000134" VPOS="1054" WIDTH="30"/>
            <String CONTENT="Alliés," HEIGHT="41" HPOS="2688" ID="PAG_00000056_ST000175" STYLEREFS="TXT_1" VPOS="1054" WC="1" WIDTH="117"/>
          </TextLine>
          <TextLine HEIGHT="42" HPOS="2038" ID="PAG_00000056_TL000042" STYLEREFS="TXT_1" VPOS="1099" WIDTH="767">
            <String CONTENT="grouillant" HEIGHT="42" HPOS="2038" ID="PAG_00000056_ST000176" STYLEREFS="TXT_1" VPOS="1099" WC="1" WIDTH="186"/>
            <SP HPOS="2224" ID="PAG_00000056_SP000135" VPOS="1100" WIDTH="39"/>
            <String CONTENT="de" HEIGHT="33" HPOS="2263" ID="PAG_00000056_ST000177" STYLEREFS="TXT_1" VPOS="1100" WC="1" WIDTH="43"/>
            <SP HPOS="2306" ID="PAG_00000056_SP000136" VPOS="1100" WIDTH="37"/>
            <String CONTENT="vie" HEIGHT="33" HPOS="2343" ID="PAG_00000056_ST000178" STYLEREFS="TXT_1" VPOS="1100" WC="1" WIDTH="57"/>
            <SP HPOS="2400" ID="PAG_00000056_SP000137" VPOS="1100" WIDTH="38"/>
            <String CONTENT="dans" HEIGHT="33" HPOS="2438" ID="PAG_00000056_ST000179" STYLEREFS="TXT_1" VPOS="1100" WC="1" WIDTH="85"/>
            <SP HPOS="2523" ID="PAG_00000056_SP000138" VPOS="1100" WIDTH="38"/>
            <String CONTENT="les" HEIGHT="33" HPOS="2561" ID="PAG_00000056_ST000180" STYLEREFS="TXT_1" VPOS="1100" WC="1" WIDTH="45"/>
            <SP HPOS="2606" ID="PAG_00000056_SP000139" VPOS="1099" WIDTH="37"/>
            <String CONTENT="tonalités" HEIGHT="33" HPOS="2643" ID="PAG_00000056_ST000181" STYLEREFS="TXT_1" VPOS="1099" WC="1" WIDTH="162"/>
          </TextLine>
          <TextLine HEIGHT="35" HPOS="2037" ID="PAG_00000056_TL000043" STYLEREFS="TXT_1" VPOS="1143" WIDTH="769">
            <String CONTENT="réelles." HEIGHT="33" HPOS="2037" ID="PAG_00000056_ST000182" STYLEREFS="TXT_1" VPOS="1144" WC="1" WIDTH="126"/>
            <SP HPOS="2163" ID="PAG_00000056_SP000140" VPOS="1145" WIDTH="52"/>
            <String CONTENT="Rubans" HEIGHT="32" HPOS="2215" ID="PAG_00000056_ST000183" STYLEREFS="TXT_1" VPOS="1145" WC="1" WIDTH="149"/>
            <SP HPOS="2364" ID="PAG_00000056_SP000141" VPOS="1157" WIDTH="28"/>
            <String CONTENT="avec" HEIGHT="21" HPOS="2392" ID="PAG_00000056_ST000184" STYLEREFS="TXT_1" VPOS="1157" WC="1" WIDTH="84"/>
            <SP HPOS="2476" ID="PAG_00000056_SP000142" VPOS="1144" WIDTH="26"/>
            <String CONTENT="atributs" HEIGHT="33" HPOS="2502" ID="PAG_00000056_ST000185" STYLEREFS="TXT_1" VPOS="1144" WC="1" WIDTH="147"/>
            <SP HPOS="2649" ID="PAG_00000056_SP000143" VPOS="1143" WIDTH="27"/>
            <String CONTENT="relatifs" HEIGHT="34" HPOS="2676" ID="PAG_00000056_ST000186" STYLEREFS="TXT_1" VPOS="1143" WC="1" WIDTH="130"/>
          </TextLine>
          <TextLine HEIGHT="43" HPOS="2037" ID="PAG_00000056_TL000044" STYLEREFS="TXT_1" VPOS="1188" WIDTH="768">
            <String CONTENT="au" HEIGHT="21" HPOS="2037" ID="PAG_00000056_ST000187" STYLEREFS="TXT_1" VPOS="1200" WC="1" WIDTH="42"/>
            <SP HPOS="2079" ID="PAG_00000056_SP000144" VPOS="1188" WIDTH="9"/>
            <String CONTENT="Roi" HEIGHT="33" HPOS="2088" ID="PAG_00000056_ST000188" STYLEREFS="TXT_1" VPOS="1188" WC="1" WIDTH="76"/>
            <SP HPOS="2164" ID="PAG_00000056_SP000145" VPOS="1198" WIDTH="19"/>
            <String CONTENT="et" HEIGHT="24" HPOS="2183" ID="PAG_00000056_ST000189" STYLEREFS="TXT_1" VPOS="1198" WC="1" WIDTH="35"/>
            <SP HPOS="2218" ID="PAG_00000056_SP000146" VPOS="1202" WIDTH="19"/>
            <String CONTENT="aux" HEIGHT="20" HPOS="2237" ID="PAG_00000056_ST000190" STYLEREFS="TXT_1" VPOS="1202" WC="1" WIDTH="68"/>
            <SP HPOS="2305" ID="PAG_00000056_SP000147" VPOS="1189" WIDTH="18"/>
            <String CONTENT="Alliés." HEIGHT="32" HPOS="2323" ID="PAG_00000056_ST000191" STYLEREFS="TXT_1" VPOS="1189" WC="1" WIDTH="117"/>
            <SP HPOS="2440" ID="PAG_00000056_SP000148" VPOS="1189" WIDTH="27"/>
            <String CONTENT="Un" HEIGHT="33" HPOS="2467" ID="PAG_00000056_ST000192" STYLEREFS="TXT_1" VPOS="1189" WC="1" WIDTH="55"/>
            <SP HPOS="2522" ID="PAG_00000056_SP000149" VPOS="1202" WIDTH="17"/>
            <String CONTENT="peu" HEIGHT="29" HPOS="2539" ID="PAG_00000056_ST000193" STYLEREFS="TXT_1" VPOS="1202" WC="1" WIDTH="63"/>
            <SP HPOS="2602" ID="PAG_00000056_SP000150" VPOS="1188" WIDTH="19"/>
            <String CONTENT="plus" HEIGHT="42" HPOS="2621" ID="PAG_00000056_ST000194" STYLEREFS="TXT_1" VPOS="1188" WC="1" WIDTH="75"/>
            <SP HPOS="2696" ID="PAG_00000056_SP000151" VPOS="1188" WIDTH="19"/>
            <String CONTENT="tard," HEIGHT="40" HPOS="2715" ID="PAG_00000056_ST000195" STYLEREFS="TXT_1" VPOS="1188" WC="1" WIDTH="90"/>
          </TextLine>
          <TextLine HEIGHT="42" HPOS="2038" ID="PAG_00000056_TL000045" STYLEREFS="TXT_1" VPOS="1233" WIDTH="770">
            <String CONTENT="un" HEIGHT="20" HPOS="2038" ID="PAG_00000056_ST000196" STYLEREFS="TXT_1" VPOS="1245" WC="1" WIDTH="44"/>
            <SP HPOS="2082" ID="PAG_00000056_SP000152" VPOS="1233" WIDTH="25"/>
            <String CONTENT="gilet" HEIGHT="41" HPOS="2107" ID="PAG_00000056_ST000197" STYLEREFS="TXT_1" VPOS="1233" WC="1" WIDTH="83"/>
            <SP HPOS="2190" ID="PAG_00000056_SP000153" VPOS="1233" WIDTH="24"/>
            <String CONTENT="de" HEIGHT="34" HPOS="2214" ID="PAG_00000056_ST000198" STYLEREFS="TXT_1" VPOS="1233" WC="1" WIDTH="43"/>
            <SP HPOS="2257" ID="PAG_00000056_SP000154" VPOS="1234" WIDTH="23"/>
            <String CONTENT="Napoléon" HEIGHT="41" HPOS="2280" ID="PAG_00000056_ST000199" STYLEREFS="TXT_1" VPOS="1234" WC="1" WIDTH="187"/>
            <SP HPOS="2467" ID="PAG_00000056_SP000155" VPOS="1234" WIDTH="27"/>
            <String CONTENT="III" HEIGHT="32" HPOS="2494" ID="PAG_00000056_ST000200" STYLEREFS="TXT_1" VPOS="1234" WC="1" WIDTH="51"/>
            <SP HPOS="2545" ID="PAG_00000056_SP000156" VPOS="1234" WIDTH="26"/>
            <String CONTENT="à" HEIGHT="32" HPOS="2571" ID="PAG_00000056_ST000201" STYLEREFS="TXT_1" VPOS="1234" WC="1" WIDTH="17"/>
            <SP HPOS="2588" ID="PAG_00000056_SP000157" VPOS="1245" WIDTH="26"/>
            <String CONTENT="revers" HEIGHT="21" HPOS="2614" ID="PAG_00000056_ST000202" STYLEREFS="TXT_1" VPOS="1245" WC="1" WIDTH="112"/>
            <SP HPOS="2726" ID="PAG_00000056_SP000158" VPOS="1244" WIDTH="26"/>
            <String CONTENT="sur" HEIGHT="21" HPOS="2752" ID="PAG_00000056_ST000203" STYLEREFS="TXT_1" VPOS="1244" WC="1" WIDTH="56"/>
          </TextLine>
          <TextLine HEIGHT="43" HPOS="2036" ID="PAG_00000056_TL000046" STYLEREFS="TXT_1" VPOS="1277" WIDTH="773">
            <String CONTENT="satin" HEIGHT="32" HPOS="2036" ID="PAG_00000056_ST000204" STYLEREFS="TXT_1" VPOS="1277" WC="1" WIDTH="91"/>
            <SP HPOS="2127" ID="PAG_00000056_SP000159" VPOS="1277" WIDTH="16"/>
            <String CONTENT="noir" HEIGHT="33" HPOS="2143" ID="PAG_00000056_ST000205" STYLEREFS="TXT_1" VPOS="1277" WC="1" WIDTH="76"/>
            <SP HPOS="2219" ID="PAG_00000056_SP000160" VPOS="1287" WIDTH="14"/>
            <String CONTENT="est" HEIGHT="24" HPOS="2233" ID="PAG_00000056_ST000206" STYLEREFS="TXT_1" VPOS="1287" WC="1" WIDTH="54"/>
            <SP HPOS="2287" ID="PAG_00000056_SP000161" VPOS="1278" WIDTH="14"/>
            <String CONTENT="tissé" HEIGHT="41" HPOS="2301" ID="PAG_00000056_ST000207" STYLEREFS="TXT_1" VPOS="1278" WC="0.99" WIDTH="68"/>
            <SP HPOS="2369" ID="PAG_00000056_SP000162" VPOS="1278" WIDTH="1"/>
            <String CONTENT=";" HEIGHT="41" HPOS="2369" ID="PAG_00000056_ST000208" STYLEREFS="TXT_1" VPOS="1278" WC="0.99" WIDTH="35"/>
            <SP HPOS="2404" ID="PAG_00000056_SP000163" VPOS="1278" WIDTH="15"/>
            <String CONTENT="l'Empereur" HEIGHT="42" HPOS="2419" ID="PAG_00000056_ST000209" STYLEREFS="TXT_1" VPOS="1278" WC="1" WIDTH="215"/>
            <SP HPOS="2634" ID="PAG_00000056_SP000164" VPOS="1289" WIDTH="14"/>
            <String CONTENT="en" HEIGHT="21" HPOS="2648" ID="PAG_00000056_ST000210" STYLEREFS="TXT_1" VPOS="1289" WC="1" WIDTH="41"/>
            <SP HPOS="2689" ID="PAG_00000056_SP000165" VPOS="1285" WIDTH="15"/>
            <String CONTENT="tenue" HEIGHT="25" HPOS="2704" ID="PAG_00000056_ST000211" STYLEREFS="TXT_1" VPOS="1285" WC="1" WIDTH="105"/>
          </TextLine>
          <TextLine HEIGHT="46" HPOS="2036" ID="PAG_00000056_TL000047" STYLEREFS="TXT_1" VPOS="1317" WIDTH="773">
            <String CONTENT="de" HEIGHT="33" HPOS="2036" ID="PAG_00000056_ST000212" STYLEREFS="TXT_1" VPOS="1321" WC="1" WIDTH="42"/>
            <SP HPOS="2078" ID="PAG_00000056_SP000166" VPOS="1321" WIDTH="16"/>
            <String CONTENT="Sacre," HEIGHT="42" HPOS="2094" ID="PAG_00000056_ST000213" STYLEREFS="TXT_1" VPOS="1321" WC="1" WIDTH="113"/>
            <SP HPOS="2207" ID="PAG_00000056_SP000167" VPOS="1331" WIDTH="16"/>
            <String CONTENT="et," HEIGHT="31" HPOS="2223" ID="PAG_00000056_ST000214" STYLEREFS="TXT_1" VPOS="1331" WC="1" WIDTH="47"/>
            <SP HPOS="2270" ID="PAG_00000056_SP000168" VPOS="1317" WIDTH="17"/>
            <String CONTENT="distribués" HEIGHT="38" HPOS="2287" ID="PAG_00000056_ST000215" STYLEREFS="TXT_1" VPOS="1317" WC="1" WIDTH="188"/>
            <SP HPOS="2475" ID="PAG_00000056_SP000169" VPOS="1331" WIDTH="16"/>
            <String CONTENT="autour" HEIGHT="24" HPOS="2491" ID="PAG_00000056_ST000216" STYLEREFS="TXT_1" VPOS="1331" WC="1" WIDTH="125"/>
            <SP HPOS="2616" ID="PAG_00000056_SP000170" VPOS="1321" WIDTH="15"/>
            <String CONTENT="de" HEIGHT="34" HPOS="2631" ID="PAG_00000056_ST000217" STYLEREFS="TXT_1" VPOS="1321" WC="1" WIDTH="41"/>
            <SP HPOS="2672" ID="PAG_00000056_SP000171" VPOS="1321" WIDTH="15"/>
            <String CONTENT="lui" HEIGHT="33" HPOS="2687" ID="PAG_00000056_ST000218" STYLEREFS="TXT_1" VPOS="1321" WC="1" WIDTH="48"/>
            <SP HPOS="2735" ID="PAG_00000056_SP000172" VPOS="1321" WIDTH="15"/>
            <String CONTENT="des" HEIGHT="33" HPOS="2750" ID="PAG_00000056_ST000219" STYLEREFS="TXT_1" VPOS="1321" WC="1" WIDTH="59"/>
          </TextLine>
          <TextLine HEIGHT="42" HPOS="2036" ID="PAG_00000056_TL000048" STYLEREFS="TXT_1" VPOS="1366" WIDTH="773">
            <String CONTENT="casques," HEIGHT="30" HPOS="2036" ID="PAG_00000056_ST000220" STYLEREFS="TXT_1" VPOS="1378" WC="1" WIDTH="156"/>
            <SP HPOS="2192" ID="PAG_00000056_SP000173" VPOS="1367" WIDTH="25"/>
            <String CONTENT="cuirasses," HEIGHT="40" HPOS="2217" ID="PAG_00000056_ST000221" STYLEREFS="TXT_1" VPOS="1367" WC="1" WIDTH="182"/>
            <SP HPOS="2399" ID="PAG_00000056_SP000174" VPOS="1367" WIDTH="31"/>
            <String CONTENT="tambours," HEIGHT="40" HPOS="2430" ID="PAG_00000056_ST000222" STYLEREFS="TXT_1" VPOS="1367" WC="1" WIDTH="190"/>
            <SP HPOS="2620" ID="PAG_00000056_SP000175" VPOS="1366" WIDTH="31"/>
            <String CONTENT="clairons," HEIGHT="40" HPOS="2651" ID="PAG_00000056_ST000223" STYLEREFS="TXT_1" VPOS="1366" WC="1" WIDTH="158"/>
          </TextLine>
          <TextLine HEIGHT="44" HPOS="2037" ID="PAG_00000056_TL000049" STYLEREFS="TXT_1" VPOS="1410" WIDTH="772">
            <String CONTENT="un" HEIGHT="21" HPOS="2037" ID="PAG_00000056_ST000224" STYLEREFS="TXT_1" VPOS="1422" WC="1" WIDTH="44"/>
            <SP HPOS="2081" ID="PAG_00000056_SP000176" VPOS="1411" WIDTH="22"/>
            <String CONTENT="trône," HEIGHT="40" HPOS="2103" ID="PAG_00000056_ST000225" STYLEREFS="TXT_1" VPOS="1411" WC="1" WIDTH="112"/>
            <SP HPOS="2215" ID="PAG_00000056_SP000177" VPOS="1420" WIDTH="23"/>
            <String CONTENT="tout" HEIGHT="24" HPOS="2238" ID="PAG_00000056_ST000226" STYLEREFS="TXT_1" VPOS="1420" WC="1" WIDTH="81"/>
            <SP HPOS="2319" ID="PAG_00000056_SP000178" VPOS="1411" WIDTH="21"/>
            <String CONTENT="enfin" HEIGHT="34" HPOS="2340" ID="PAG_00000056_ST000227" STYLEREFS="TXT_1" VPOS="1411" WC="1" WIDTH="92"/>
            <SP HPOS="2432" ID="PAG_00000056_SP000179" VPOS="1424" WIDTH="22"/>
            <String CONTENT="se" HEIGHT="20" HPOS="2454" ID="PAG_00000056_ST000228" STYLEREFS="TXT_1" VPOS="1424" WC="1" WIDTH="34"/>
            <SP HPOS="2488" ID="PAG_00000056_SP000180" VPOS="1419" WIDTH="21"/>
            <String CONTENT="rapportant" HEIGHT="35" HPOS="2509" ID="PAG_00000056_ST000229" STYLEREFS="TXT_1" VPOS="1419" WC="1" WIDTH="208"/>
            <SP HPOS="2717" ID="PAG_00000056_SP000181" VPOS="1410" WIDTH="21"/>
            <String CONTENT="à" HEIGHT="33" HPOS="2738" ID="PAG_00000056_ST000230" STYLEREFS="TXT_1" VPOS="1410" WC="1" WIDTH="17"/>
            <SP HPOS="2755" ID="PAG_00000056_SP000182" VPOS="1410" WIDTH="23"/>
            <String CONTENT="la" HEIGHT="33" HPOS="2778" ID="PAG_00000056_ST000231" STYLEREFS="TXT_1" VPOS="1410" WC="1" WIDTH="31"/>
          </TextLine>
          <TextLine HEIGHT="43" HPOS="2036" ID="PAG_00000056_TL000050" STYLEREFS="TXT_1" VPOS="1455" WIDTH="774">
            <String CONTENT="gloire" HEIGHT="41" HPOS="2036" ID="PAG_00000056_ST000232" STYLEREFS="TXT_1" VPOS="1455" WC="1" WIDTH="104"/>
            <SP HPOS="2140" ID="PAG_00000056_SP000183" VPOS="1455" WIDTH="25"/>
            <String CONTENT="de" HEIGHT="33" HPOS="2165" ID="PAG_00000056_ST000233" STYLEREFS="TXT_1" VPOS="1455" WC="1" WIDTH="43"/>
            <SP HPOS="2208" ID="PAG_00000056_SP000184" VPOS="1456" WIDTH="25"/>
            <String CONTENT="Napoléon" HEIGHT="42" HPOS="2233" ID="PAG_00000056_ST000234" STYLEREFS="TXT_1" VPOS="1456" WC="1" WIDTH="188"/>
            <SP HPOS="2421" ID="PAG_00000056_SP000185" VPOS="1456" WIDTH="26"/>
            <String CONTENT="III." HEIGHT="33" HPOS="2447" ID="PAG_00000056_ST000235" STYLEREFS="TXT_1" VPOS="1456" WC="1" WIDTH="67"/>
            <SP HPOS="2514" ID="PAG_00000056_SP000186" VPOS="1456" WIDTH="47"/>
            <String CONTENT="Une" HEIGHT="33" HPOS="2561" ID="PAG_00000056_ST000236" STYLEREFS="TXT_1" VPOS="1456" WC="1" WIDTH="78"/>
            <SP HPOS="2639" ID="PAG_00000056_SP000187" VPOS="1455" WIDTH="24"/>
            <String CONTENT="écharpe" HEIGHT="41" HPOS="2663" ID="PAG_00000056_ST000237" STYLEREFS="TXT_1" VPOS="1455" WC="1" WIDTH="147"/>
          </TextLine>
          <TextLine HEIGHT="44" HPOS="2036" ID="PAG_00000056_TL000051" STYLEREFS="TXT_1" VPOS="1498" WIDTH="774">
            <String CONTENT="du" HEIGHT="33" HPOS="2036" ID="PAG_00000056_ST000238" STYLEREFS="TXT_1" VPOS="1498" WC="1" WIDTH="44"/>
            <SP HPOS="2080" ID="PAG_00000056_SP000188" VPOS="1499" WIDTH="20"/>
            <String CONTENT="député" HEIGHT="42" HPOS="2100" ID="PAG_00000056_ST000239" STYLEREFS="TXT_1" VPOS="1499" WC="1" WIDTH="131"/>
            <SP HPOS="2231" ID="PAG_00000056_SP000189" VPOS="1500" WIDTH="19"/>
            <String CONTENT="Lamartine" HEIGHT="34" HPOS="2250" ID="PAG_00000056_ST000240" STYLEREFS="TXT_1" VPOS="1500" WC="1" WIDTH="205"/>
            <SP HPOS="2455" ID="PAG_00000056_SP000190" VPOS="1499" WIDTH="21"/>
            <String CONTENT="(1848)" HEIGHT="43" HPOS="2476" ID="PAG_00000056_ST000241" STYLEREFS="TXT_1" VPOS="1499" WC="1" WIDTH="115"/>
            <SP HPOS="2591" ID="PAG_00000056_SP000191" VPOS="1508" WIDTH="21"/>
            <String CONTENT="est" HEIGHT="25" HPOS="2612" ID="PAG_00000056_ST000242" STYLEREFS="TXT_1" VPOS="1508" WC="1" WIDTH="53"/>
            <SP HPOS="2665" ID="PAG_00000056_SP000192" VPOS="1499" WIDTH="18"/>
            <String CONTENT="bordée" HEIGHT="33" HPOS="2683" ID="PAG_00000056_ST000243" STYLEREFS="TXT_1" VPOS="1499" WC="1" WIDTH="127"/>
          </TextLine>
          <TextLine HEIGHT="44" HPOS="2035" ID="PAG_00000056_TL000052" STYLEREFS="TXT_1" VPOS="1543" WIDTH="775">
            <String CONTENT="d'un" HEIGHT="33" HPOS="2035" ID="PAG_00000056_ST000244" STYLEREFS="TXT_1" VPOS="1543" WC="1" WIDTH="83"/>
            <SP HPOS="2118" ID="PAG_00000056_SP000193" VPOS="1544" WIDTH="33"/>
            <String CONTENT="ruban" HEIGHT="33" HPOS="2151" ID="PAG_00000056_ST000245" STYLEREFS="TXT_1" VPOS="1544" WC="1" WIDTH="113"/>
            <SP HPOS="2264" ID="PAG_00000056_SP000194" VPOS="1557" WIDTH="32"/>
            <String CONTENT="sur" HEIGHT="21" HPOS="2296" ID="PAG_00000056_ST000246" STYLEREFS="TXT_1" VPOS="1557" WC="1" WIDTH="59"/>
            <SP HPOS="2355" ID="PAG_00000056_SP000195" VPOS="1545" WIDTH="30"/>
            <String CONTENT="lequel" HEIGHT="42" HPOS="2385" ID="PAG_00000056_ST000247" STYLEREFS="TXT_1" VPOS="1545" WC="1" WIDTH="112"/>
            <SP HPOS="2497" ID="PAG_00000056_SP000196" VPOS="1545" WIDTH="31"/>
            <String CONTENT="à" HEIGHT="32" HPOS="2528" ID="PAG_00000056_ST000248" STYLEREFS="TXT_1" VPOS="1545" WC="1" WIDTH="18"/>
            <SP HPOS="2546" ID="PAG_00000056_SP000197" VPOS="1543" WIDTH="32"/>
            <String CONTENT="l'infini" HEIGHT="34" HPOS="2578" ID="PAG_00000056_ST000249" STYLEREFS="TXT_1" VPOS="1543" WC="1" WIDTH="122"/>
            <SP HPOS="2700" ID="PAG_00000056_SP000198" VPOS="1552" WIDTH="31"/>
            <String CONTENT="sont" HEIGHT="25" HPOS="2731" ID="PAG_00000056_ST000250" STYLEREFS="TXT_1" VPOS="1552" WC="1" WIDTH="79"/>
          </TextLine>
          <TextLine HEIGHT="42" HPOS="2035" ID="PAG_00000056_TL000053" STYLEREFS="TXT_1" VPOS="1588" WIDTH="775">
            <String CONTENT="tissés" HEIGHT="33" HPOS="2035" ID="PAG_00000056_ST000251" STYLEREFS="TXT_1" VPOS="1588" WC="1" WIDTH="98"/>
            <SP HPOS="2133" ID="PAG_00000056_SP000199" VPOS="1601" WIDTH="24"/>
            <String CONTENT="ces" HEIGHT="21" HPOS="2157" ID="PAG_00000056_ST000252" STYLEREFS="TXT_1" VPOS="1601" WC="1" WIDTH="55"/>
            <SP HPOS="2212" ID="PAG_00000056_SP000200" VPOS="1589" WIDTH="25"/>
            <String CONTENT="deux" HEIGHT="33" HPOS="2237" ID="PAG_00000056_ST000253" STYLEREFS="TXT_1" VPOS="1589" WC="1" WIDTH="91"/>
            <SP HPOS="2328" ID="PAG_00000056_SP000201" VPOS="1598" WIDTH="25"/>
            <String CONTENT="mots" HEIGHT="25" HPOS="2353" ID="PAG_00000056_ST000254" STYLEREFS="TXT_1" VPOS="1598" WC="1" WIDTH="73"/>
            <SP HPOS="2426" ID="PAG_00000056_SP000202" VPOS="1598" WIDTH="1"/>
            <String CONTENT=":" HEIGHT="25" HPOS="2426" ID="PAG_00000056_ST000255" STYLEREFS="TXT_1" VPOS="1598" WC="1" WIDTH="45"/>
            <SP HPOS="2471" ID="PAG_00000056_SP000203" VPOS="1588" WIDTH="25"/>
            <String CONTENT="Liberté," HEIGHT="40" HPOS="2527" ID="PAG_00000056_ST000256" STYLEREFS="TXT_1" VPOS="1588" WC="1" WIDTH="156"/>
            <SP HPOS="2683" ID="PAG_00000056_SP000204" VPOS="1588" WIDTH="25"/>
            <String CONTENT="Egal-" HEIGHT="42" HPOS="2708" ID="PAG_00000056_ST000257" STYLEREFS="TXT_1" SUBS_CONTENT="Egalité" SUBS_TYPE="HypPart1" VPOS="1588" WC="1" WIDTH="102"/>
            <HYP CONTENT="-" HPOS="2810" VPOS="1630" WIDTH="30"/>
          </TextLine>
          <TextLine HEIGHT="42" HPOS="2036" ID="PAG_00000056_TL000054" STYLEREFS="TXT_1" VPOS="1632" WIDTH="774">
            <String CONTENT="ité" HEIGHT="33" HPOS="2036" ID="PAG_00000056_ST000258" STYLEREFS="TXT_1" SUBS_CONTENT="Egalité" SUBS_TYPE="HypPart2" VPOS="1632" WC="0.96" WIDTH="44"/>
            <SP HPOS="2080" ID="PAG_00000056_SP000205" VPOS="1632" WIDTH="29"/>
            <String CONTENT="aux" HEIGHT="21" HPOS="2143" ID="PAG_00000056_ST000259" STYLEREFS="TXT_1" VPOS="1645" WC="1" WIDTH="69"/>
            <SP HPOS="2212" ID="PAG_00000056_SP000206" VPOS="1634" WIDTH="27"/>
            <String CONTENT="trois" HEIGHT="33" HPOS="2239" ID="PAG_00000056_ST000260" STYLEREFS="TXT_1" VPOS="1634" WC="1" WIDTH="86"/>
            <SP HPOS="2325" ID="PAG_00000056_SP000207" VPOS="1634" WIDTH="28"/>
            <String CONTENT="couleurs" HEIGHT="33" HPOS="2353" ID="PAG_00000056_ST000261" STYLEREFS="TXT_1" VPOS="1634" WC="1" WIDTH="158"/>
            <SP HPOS="2511" ID="PAG_00000056_SP000208" VPOS="1633" WIDTH="27"/>
            <String CONTENT="de" HEIGHT="34" HPOS="2538" ID="PAG_00000056_ST000262" STYLEREFS="TXT_1" VPOS="1633" WC="1" WIDTH="42"/>
            <SP HPOS="2580" ID="PAG_00000056_SP000209" VPOS="1634" WIDTH="27"/>
            <String CONTENT="la" HEIGHT="32" HPOS="2607" ID="PAG_00000056_ST000263" STYLEREFS="TXT_1" VPOS="1634" WC="1" WIDTH="32"/>
            <SP HPOS="2639" ID="PAG_00000056_SP000210" VPOS="1633" WIDTH="29"/>
            <String CONTENT="Répub-" HEIGHT="41" HPOS="2668" ID="PAG_00000056_ST000264" STYLEREFS="TXT_1" SUBS_CONTENT="République." SUBS_TYPE="HypPart1" VPOS="1633" WC="1" WIDTH="142"/>
            <HYP CONTENT="-" HPOS="2810" VPOS="1674" WIDTH="30"/>
          </TextLine>
          <TextLine HEIGHT="43" HPOS="2035" ID="PAG_00000056_TL000055" STYLEREFS="TXT_1" VPOS="1677" WIDTH="773">
            <String CONTENT="lique." HEIGHT="42" HPOS="2035" ID="PAG_00000056_ST000265" STYLEREFS="TXT_1" SUBS_CONTENT="République." SUBS_TYPE="HypPart2" VPOS="1677" WC="1" WIDTH="102"/>
            <SP HPOS="2137" ID="PAG_00000056_SP000211" VPOS="1678" WIDTH="39"/>
            <String CONTENT="De" HEIGHT="33" HPOS="2176" ID="PAG_00000056_ST000266" STYLEREFS="TXT_1" VPOS="1678" WC="1" WIDTH="55"/>
            <SP HPOS="2231" ID="PAG_00000056_SP000212" VPOS="1679" WIDTH="15"/>
            <String CONTENT="la" HEIGHT="32" HPOS="2246" ID="PAG_00000056_ST000267" STYLEREFS="TXT_1" VPOS="1679" WC="1" WIDTH="32"/>
            <SP HPOS="2278" ID="PAG_00000056_SP000213" VPOS="1679" WIDTH="15"/>
            <String CONTENT="même" HEIGHT="33" HPOS="2293" ID="PAG_00000056_ST000268" STYLEREFS="TXT_1" VPOS="1679" WC="1" WIDTH="114"/>
            <SP HPOS="2407" ID="PAG_00000056_SP000214" VPOS="1679" WIDTH="13"/>
            <String CONTENT="époque," HEIGHT="41" HPOS="2420" ID="PAG_00000056_ST000269" STYLEREFS="TXT_1" VPOS="1679" WC="1" WIDTH="146"/>
            <SP HPOS="2566" ID="PAG_00000056_SP000215" VPOS="1690" WIDTH="15"/>
            <String CONTENT="un" HEIGHT="20" HPOS="2581" ID="PAG_00000056_ST000270" STYLEREFS="TXT_1" VPOS="1690" WC="1" WIDTH="47"/>
            <SP HPOS="2628" ID="PAG_00000056_SP000216" VPOS="1686" WIDTH="15"/>
            <String CONTENT="manteau" HEIGHT="24" HPOS="2643" ID="PAG_00000056_ST000271" STYLEREFS="TXT_1" VPOS="1686" WC="1" WIDTH="165"/>
          </TextLine>
          <TextLine HEIGHT="112" HPOS="1990" ID="PAG_00000056_TL000056" STYLEREFS="TXT_1" VPOS="1721" WIDTH="820">
            <String CONTENT="de" HEIGHT="112" HPOS="1990" ID="PAG_00000056_ST000272" STYLEREFS="TXT_1" VPOS="1721" WC="1" WIDTH="86"/>
            <SP HPOS="2076" ID="PAG_00000056_SP000217" VPOS="1721" WIDTH="27"/>
            <String CONTENT="Cour," HEIGHT="41" HPOS="2103" ID="PAG_00000056_ST000273" STYLEREFS="TXT_1" VPOS="1721" WC="1" WIDTH="105"/>
            <SP HPOS="2208" ID="PAG_00000056_SP000218" VPOS="1723" WIDTH="30"/>
            <String CONTENT="tissé" HEIGHT="32" HPOS="2238" ID="PAG_00000056_ST000274" STYLEREFS="TXT_1" VPOS="1723" WC="1" WIDTH="83"/>
            <SP HPOS="2321" ID="PAG_00000056_SP000219" VPOS="1731" WIDTH="28"/>
            <String CONTENT="tout" HEIGHT="25" HPOS="2349" ID="PAG_00000056_ST000275" STYLEREFS="TXT_1" VPOS="1731" WC="1" WIDTH="81"/>
            <SP HPOS="2430" ID="PAG_00000056_SP000220" VPOS="1723" WIDTH="26"/>
            <String CONTENT="exprès" HEIGHT="42" HPOS="2456" ID="PAG_00000056_ST000276" STYLEREFS="TXT_1" VPOS="1723" WC="1" WIDTH="118"/>
            <SP HPOS="2574" ID="PAG_00000056_SP000221" VPOS="1734" WIDTH="27"/>
            <String CONTENT="pour" HEIGHT="30" HPOS="2601" ID="PAG_00000056_ST000277" STYLEREFS="TXT_1" VPOS="1734" WC="1" WIDTH="87"/>
            <SP HPOS="2688" ID="PAG_00000056_SP000222" VPOS="1721" WIDTH="27"/>
            <String CONTENT="l'Im-" HEIGHT="33" HPOS="2715" ID="PAG_00000056_ST000278" STYLEREFS="TXT_1" SUBS_CONTENT="l'Impératrice" SUBS_TYPE="HypPart1" VPOS="1721" WC="1" WIDTH="95"/>
            <HYP CONTENT="-" HPOS="2810" VPOS="1754" WIDTH="30"/>
          </TextLine>
          <TextLine HEIGHT="44" HPOS="2034" ID="PAG_00000056_TL000057" STYLEREFS="TXT_1" VPOS="1765" WIDTH="775">
            <String CONTENT="pératrice" HEIGHT="41" HPOS="2034" ID="PAG_00000056_ST000279" STYLEREFS="TXT_1" SUBS_CONTENT="l'Impératrice" SUBS_TYPE="HypPart2" VPOS="1766" WC="1" WIDTH="169"/>
            <SP HPOS="2203" ID="PAG_00000056_SP000223" VPOS="1767" WIDTH="29"/>
            <String CONTENT="Eugénie;" HEIGHT="42" HPOS="2232" ID="PAG_00000056_ST000280" STYLEREFS="TXT_1" VPOS="1767" WC="1" WIDTH="177"/>
            <SP HPOS="2409" ID="PAG_00000056_SP000224" VPOS="1767" WIDTH="29"/>
            <String CONTENT="il" HEIGHT="33" HPOS="2438" ID="PAG_00000056_ST000281" STYLEREFS="TXT_1" VPOS="1767" WC="1" WIDTH="20"/>
            <SP HPOS="2458" ID="PAG_00000056_SP000225" VPOS="1775" WIDTH="28"/>
            <String CONTENT="est" HEIGHT="25" HPOS="2486" ID="PAG_00000056_ST000282" STYLEREFS="TXT_1" VPOS="1775" WC="1" WIDTH="52"/>
            <SP HPOS="2538" ID="PAG_00000056_SP000226" VPOS="1766" WIDTH="28"/>
            <String CONTENT="resté" HEIGHT="34" HPOS="2566" ID="PAG_00000056_ST000283" STYLEREFS="TXT_1" VPOS="1766" WC="1" WIDTH="88"/>
            <SP HPOS="2654" ID="PAG_00000056_SP000227" VPOS="1765" WIDTH="28"/>
            <String CONTENT="là," HEIGHT="41" HPOS="2682" ID="PAG_00000056_ST000284" STYLEREFS="TXT_1" VPOS="1765" WC="1" WIDTH="43"/>
            <SP HPOS="2725" ID="PAG_00000056_SP000228" VPOS="1779" WIDTH="29"/>
            <String CONTENT="ac-" HEIGHT="20" HPOS="2754" ID="PAG_00000056_ST000285" STYLEREFS="TXT_1" SUBS_CONTENT="accroché" SUBS_TYPE="HypPart1" VPOS="1779" WC="1" WIDTH="55"/>
            <HYP CONTENT="-" HPOS="2809" VPOS="1799" WIDTH="30"/>
          </TextLine>
          <TextLine HEIGHT="43" HPOS="2033" ID="PAG_00000056_TL000058" STYLEREFS="TXT_1" VPOS="1810" WIDTH="775">
            <String CONTENT="croché" HEIGHT="33" HPOS="2033" ID="PAG_00000056_ST000286" STYLEREFS="TXT_1" SUBS_CONTENT="accroché" SUBS_TYPE="HypPart2" VPOS="1810" WC="1" WIDTH="121"/>
            <SP HPOS="2154" ID="PAG_00000056_SP000229" VPOS="1810" WIDTH="21"/>
            <String CONTENT="dans" HEIGHT="34" HPOS="2175" ID="PAG_00000056_ST000287" STYLEREFS="TXT_1" VPOS="1810" WC="1" WIDTH="88"/>
            <SP HPOS="2263" ID="PAG_00000056_SP000230" VPOS="1824" WIDTH="22"/>
            <String CONTENT="sa" HEIGHT="20" HPOS="2285" ID="PAG_00000056_ST000288" STYLEREFS="TXT_1" VPOS="1824" WC="1" WIDTH="36"/>
            <SP HPOS="2321" ID="PAG_00000056_SP000231" VPOS="1812" WIDTH="22"/>
            <String CONTENT="vitrine" HEIGHT="33" HPOS="2343" ID="PAG_00000056_ST000289" STYLEREFS="TXT_1" VPOS="1812" WC="1" WIDTH="129"/>
            <SP HPOS="2472" ID="PAG_00000056_SP000232" VPOS="1811" WIDTH="20"/>
            <String CONTENT="depuis" HEIGHT="42" HPOS="2492" ID="PAG_00000056_ST000290" STYLEREFS="TXT_1" VPOS="1811" WC="1" WIDTH="120"/>
            <SP HPOS="2612" ID="PAG_00000056_SP000233" VPOS="1811" WIDTH="21"/>
            <String CONTENT="le" HEIGHT="33" HPOS="2633" ID="PAG_00000056_ST000291" STYLEREFS="TXT_1" VPOS="1811" WC="1" WIDTH="30"/>
            <SP HPOS="2663" ID="PAG_00000056_SP000234" VPOS="1810" WIDTH="20"/>
            <String CONTENT="départ" HEIGHT="42" HPOS="2683" ID="PAG_00000056_ST000292" STYLEREFS="TXT_1" VPOS="1810" WC="1" WIDTH="125"/>
          </TextLine>
          <TextLine HEIGHT="44" HPOS="2033" ID="PAG_00000056_TL000059" STYLEREFS="TXT_1" VPOS="1854" WIDTH="774">
            <String CONTENT="des" HEIGHT="33" HPOS="2033" ID="PAG_00000056_ST000293" STYLEREFS="TXT_1" VPOS="1854" WC="1" WIDTH="58"/>
            <SP HPOS="2091" ID="PAG_00000056_SP000235" VPOS="1863" WIDTH="19"/>
            <String CONTENT="troupes," HEIGHT="34" HPOS="2110" ID="PAG_00000056_ST000294" STYLEREFS="TXT_1" VPOS="1863" WC="1" WIDTH="154"/>
            <SP HPOS="2264" ID="PAG_00000056_SP000236" VPOS="1869" WIDTH="20"/>
            <String CONTENT="en" HEIGHT="20" HPOS="2284" ID="PAG_00000056_ST000295" STYLEREFS="TXT_1" VPOS="1869" WC="1" WIDTH="42"/>
            <SP HPOS="2326" ID="PAG_00000056_SP000237" VPOS="1858" WIDTH="24"/>
            <String CONTENT="1870." HEIGHT="40" HPOS="2350" ID="PAG_00000056_ST000296" STYLEREFS="TXT_1" VPOS="1858" WC="1" WIDTH="95"/>
            <SP HPOS="2445" ID="PAG_00000056_SP000238" VPOS="1855" WIDTH="52"/>
            <String CONTENT="Jamais," HEIGHT="43" HPOS="2497" ID="PAG_00000056_ST000297" STYLEREFS="TXT_1" VPOS="1855" WC="1" WIDTH="144"/>
            <SP HPOS="2641" ID="PAG_00000056_SP000239" VPOS="1855" WIDTH="19"/>
            <String CONTENT="les" HEIGHT="33" HPOS="2660" ID="PAG_00000056_ST000298" STYLEREFS="TXT_1" VPOS="1855" WC="1" WIDTH="46"/>
            <SP HPOS="2706" ID="PAG_00000056_SP000240" VPOS="1867" WIDTH="30"/>
            <String CONTENT="ma-" HEIGHT="21" HPOS="2736" ID="PAG_00000056_ST000299" STYLEREFS="TXT_1" SUBS_CONTENT="magnifiques" SUBS_TYPE="HypPart1" VPOS="1867" WC="1" WIDTH="71"/>
            <HYP CONTENT="-" HPOS="2807" VPOS="1888" WIDTH="30"/>
          </TextLine>
          <TextLine HEIGHT="44" HPOS="2033" ID="PAG_00000056_TL000060" STYLEREFS="TXT_1" VPOS="1898" WIDTH="774">
            <String CONTENT="gnifiques" HEIGHT="43" HPOS="2033" ID="PAG_00000056_ST000300" STYLEREFS="TXT_1" SUBS_CONTENT="magnifiques" SUBS_TYPE="HypPart2" VPOS="1898" WC="1" WIDTH="169"/>
            <SP HPOS="2202" ID="PAG_00000056_SP000241" VPOS="1901" WIDTH="26"/>
            <String CONTENT="épaules" HEIGHT="41" HPOS="2228" ID="PAG_00000056_ST000301" STYLEREFS="TXT_1" VPOS="1901" WC="1" WIDTH="142"/>
            <SP HPOS="2370" ID="PAG_00000056_SP000242" VPOS="1900" WIDTH="28"/>
            <String CONTENT="de" HEIGHT="34" HPOS="2398" ID="PAG_00000056_ST000302" STYLEREFS="TXT_1" VPOS="1900" WC="1" WIDTH="43"/>
            <SP HPOS="2441" ID="PAG_00000056_SP000243" VPOS="1901" WIDTH="25"/>
            <String CONTENT="la" HEIGHT="32" HPOS="2466" ID="PAG_00000056_ST000303" STYLEREFS="TXT_1" VPOS="1901" WC="1" WIDTH="31"/>
            <SP HPOS="2497" ID="PAG_00000056_SP000244" VPOS="1899" WIDTH="26"/>
            <String CONTENT="souveraine," HEIGHT="40" HPOS="2523" ID="PAG_00000056_ST000304" STYLEREFS="TXT_1" VPOS="1899" WC="1" WIDTH="215"/>
            <SP HPOS="2738" ID="PAG_00000056_SP000245" VPOS="1912" WIDTH="28"/>
            <String CONTENT="ne" HEIGHT="20" HPOS="2766" ID="PAG_00000056_ST000305" STYLEREFS="TXT_1" VPOS="1912" WC="1" WIDTH="41"/>
          </TextLine>
          <TextLine HEIGHT="42" HPOS="2032" ID="PAG_00000056_TL000061" STYLEREFS="TXT_1" VPOS="1944" WIDTH="775">
            <String CONTENT="connurent" HEIGHT="24" HPOS="2032" ID="PAG_00000056_ST000306" STYLEREFS="TXT_1" VPOS="1953" WC="1" WIDTH="195"/>
            <SP HPOS="2227" ID="PAG_00000056_SP000246" VPOS="1945" WIDTH="22"/>
            <String CONTENT="le" HEIGHT="33" HPOS="2249" ID="PAG_00000056_ST000307" STYLEREFS="TXT_1" VPOS="1945" WC="1" WIDTH="30"/>
            <SP HPOS="2279" ID="PAG_00000056_SP000247" VPOS="1945" WIDTH="23"/>
            <String CONTENT="poids" HEIGHT="41" HPOS="2302" ID="PAG_00000056_ST000308" STYLEREFS="TXT_1" VPOS="1945" WC="1" WIDTH="101"/>
            <SP HPOS="2403" ID="PAG_00000056_SP000248" VPOS="1945" WIDTH="23"/>
            <String CONTENT="de" HEIGHT="33" HPOS="2426" ID="PAG_00000056_ST000309" STYLEREFS="TXT_1" VPOS="1945" WC="1" WIDTH="43"/>
            <SP HPOS="2469" ID="PAG_00000056_SP000249" VPOS="1957" WIDTH="21"/>
            <String CONTENT="ce" HEIGHT="21" HPOS="2490" ID="PAG_00000056_ST000310" STYLEREFS="TXT_1" VPOS="1957" WC="1" WIDTH="37"/>
            <SP HPOS="2527" ID="PAG_00000056_SP000250" VPOS="1944" WIDTH="22"/>
            <String CONTENT="velours" HEIGHT="34" HPOS="2549" ID="PAG_00000056_ST000311" STYLEREFS="TXT_1" VPOS="1944" WC="1" WIDTH="136"/>
            <SP HPOS="2685" ID="PAG_00000056_SP000251" VPOS="1944" WIDTH="22"/>
            <String CONTENT="ciselé" HEIGHT="33" HPOS="2707" ID="PAG_00000056_ST000312" STYLEREFS="TXT_1" VPOS="1944" WC="1" WIDTH="100"/>
          </TextLine>
          <TextLine HEIGHT="44" HPOS="2031" ID="PAG_00000056_TL000062" STYLEREFS="TXT_1" VPOS="1987" WIDTH="774">
            <String CONTENT="où," HEIGHT="41" HPOS="2031" ID="PAG_00000056_ST000313" STYLEREFS="TXT_1" VPOS="1987" WC="1" WIDTH="56"/>
            <SP HPOS="2087" ID="PAG_00000056_SP000252" VPOS="2000" WIDTH="21"/>
            <String CONTENT="sur" HEIGHT="20" HPOS="2108" ID="PAG_00000056_ST000314" STYLEREFS="TXT_1" VPOS="2000" WC="1" WIDTH="58"/>
            <SP HPOS="2166" ID="PAG_00000056_SP000253" VPOS="2001" WIDTH="19"/>
            <String CONTENT="un" HEIGHT="20" HPOS="2185" ID="PAG_00000056_ST000315" STYLEREFS="TXT_1" VPOS="2001" WC="1" WIDTH="46"/>
            <SP HPOS="2231" ID="PAG_00000056_SP000254" VPOS="1989" WIDTH="21"/>
            <String CONTENT="fond" HEIGHT="33" HPOS="2252" ID="PAG_00000056_ST000316" STYLEREFS="TXT_1" VPOS="1989" WC="1" WIDTH="86"/>
            <SP HPOS="2338" ID="PAG_00000056_SP000255" VPOS="1989" WIDTH="21"/>
            <String CONTENT="gris" HEIGHT="42" HPOS="2359" ID="PAG_00000056_ST000317" STYLEREFS="TXT_1" VPOS="1989" WC="1" WIDTH="67"/>
            <SP HPOS="2426" ID="PAG_00000056_SP000256" VPOS="1989" WIDTH="21"/>
            <String CONTENT="d'orage" HEIGHT="42" HPOS="2447" ID="PAG_00000056_ST000318" STYLEREFS="TXT_1" VPOS="1989" WC="1" WIDTH="139"/>
            <SP HPOS="2586" ID="PAG_00000056_SP000257" VPOS="1988" WIDTH="19"/>
            <String CONTENT="s'étend" HEIGHT="33" HPOS="2605" ID="PAG_00000056_ST000319" STYLEREFS="TXT_1" VPOS="1988" WC="1" WIDTH="134"/>
            <SP HPOS="2739" ID="PAG_00000056_SP000258" VPOS="2001" WIDTH="20"/>
            <String CONTENT="un" HEIGHT="20" HPOS="2759" ID="PAG_00000056_ST000320" STYLEREFS="TXT_1" VPOS="2001" WC="1" WIDTH="46"/>
          </TextLine>
          <TextLine HEIGHT="44" HPOS="2032" ID="PAG_00000056_TL000063" STYLEREFS="TXT_1" VPOS="2031" WIDTH="774">
            <String CONTENT="tapis" HEIGHT="42" HPOS="2032" ID="PAG_00000056_ST000321" STYLEREFS="TXT_1" VPOS="2031" WC="1" WIDTH="90"/>
            <SP HPOS="2122" ID="PAG_00000056_SP000259" VPOS="2032" WIDTH="36"/>
            <String CONTENT="de" HEIGHT="34" HPOS="2158" ID="PAG_00000056_ST000322" STYLEREFS="TXT_1" VPOS="2032" WC="1" WIDTH="43"/>
            <SP HPOS="2201" ID="PAG_00000056_SP000260" VPOS="2033" WIDTH="35"/>
            <String CONTENT="feuilles" HEIGHT="34" HPOS="2236" ID="PAG_00000056_ST000323" STYLEREFS="TXT_1" VPOS="2033" WC="1" WIDTH="134"/>
            <SP HPOS="2370" ID="PAG_00000056_SP000261" VPOS="2034" WIDTH="37"/>
            <String CONTENT="d'automne" HEIGHT="33" HPOS="2407" ID="PAG_00000056_ST000324" STYLEREFS="TXT_1" VPOS="2034" WC="1" WIDTH="205"/>
            <SP HPOS="2612" ID="PAG_00000056_SP000262" VPOS="2045" WIDTH="35"/>
            <String CONTENT="empour-" HEIGHT="30" HPOS="2647" ID="PAG_00000056_ST000325" STYLEREFS="TXT_1" SUBS_CONTENT="empourprées." SUBS_TYPE="HypPart1" VPOS="2045" WC="1" WIDTH="159"/>
            <HYP CONTENT="-" HPOS="2806" VPOS="2075" WIDTH="30"/>
          </TextLine>
          <TextLine HEIGHT="42" HPOS="2032" ID="PAG_00000056_TL000064" STYLEREFS="TXT_1" VPOS="2076" WIDTH="107">
            <String CONTENT="prées." HEIGHT="42" HPOS="2032" ID="PAG_00000056_ST000326" STYLEREFS="TXT_1" SUBS_CONTENT="empourprées." SUBS_TYPE="HypPart2" VPOS="2076" WC="1" WIDTH="107"/>
          </TextLine>
        </TextBlock>
        <TextBlock HEIGHT="612" HPOS="2026" ID="PAG_00000056_TB000012" STYLEREFS="TXT_1" VPOS="2121" WIDTH="780" language="fr">
          <TextLine HEIGHT="43" HPOS="2076" ID="PAG_00000056_TL000065" STYLEREFS="TXT_1" VPOS="2121" WIDTH="730">
            <String CONTENT="Dans" HEIGHT="32" HPOS="2076" ID="PAG_00000056_ST000327" STYLEREFS="TXT_1" VPOS="2121" WC="1" WIDTH="98"/>
            <SP HPOS="2174" ID="PAG_00000056_SP000263" VPOS="2134" WIDTH="39"/>
            <String CONTENT="une" HEIGHT="21" HPOS="2213" ID="PAG_00000056_ST000328" STYLEREFS="TXT_1" VPOS="2134" WC="1" WIDTH="68"/>
            <SP HPOS="2281" ID="PAG_00000056_SP000264" VPOS="2122" WIDTH="37"/>
            <String CONTENT="galerie" HEIGHT="42" HPOS="2318" ID="PAG_00000056_ST000329" STYLEREFS="TXT_1" VPOS="2122" WC="1" WIDTH="128"/>
            <SP HPOS="2446" ID="PAG_00000056_SP000265" VPOS="2122" WIDTH="36"/>
            <String CONTENT="du" HEIGHT="33" HPOS="2482" ID="PAG_00000056_ST000330" STYLEREFS="TXT_1" VPOS="2122" WC="1" WIDTH="46"/>
            <SP HPOS="2528" ID="PAG_00000056_SP000266" VPOS="2121" WIDTH="37"/>
            <String CONTENT="Musée" HEIGHT="34" HPOS="2565" ID="PAG_00000056_ST000331" STYLEREFS="TXT_1" VPOS="2121" WC="1" WIDTH="125"/>
            <SP HPOS="2690" ID="PAG_00000056_SP000267" VPOS="2130" WIDTH="36"/>
            <String CONTENT="sont" HEIGHT="25" HPOS="2726" ID="PAG_00000056_ST000332" STYLEREFS="TXT_1" VPOS="2130" WC="1" WIDTH="80"/>
          </TextLine>
          <TextLine HEIGHT="42" HPOS="2031" ID="PAG_00000056_TL000066" STYLEREFS="TXT_1" VPOS="2165" WIDTH="773">
            <String CONTENT="exposés" HEIGHT="41" HPOS="2031" ID="PAG_00000056_ST000333" STYLEREFS="TXT_1" VPOS="2165" WC="1" WIDTH="141"/>
            <SP HPOS="2172" ID="PAG_00000056_SP000268" VPOS="2166" WIDTH="43"/>
            <String CONTENT="les" HEIGHT="33" HPOS="2215" ID="PAG_00000056_ST000334" STYLEREFS="TXT_1" VPOS="2166" WC="1" WIDTH="47"/>
            <SP HPOS="2262" ID="PAG_00000056_SP000269" VPOS="2166" WIDTH="54"/>
            <String CONTENT="instruments" HEIGHT="34" HPOS="2316" ID="PAG_00000056_ST000335" STYLEREFS="TXT_1" VPOS="2166" WC="1" WIDTH="206"/>
            <SP HPOS="2522" ID="PAG_00000056_SP000270" VPOS="2166" WIDTH="1"/>
            <String CONTENT=":" HEIGHT="34" HPOS="2522" ID="PAG_00000056_ST000336" STYLEREFS="TXT_1" VPOS="2166" WC="1" WIDTH="52"/>
            <SP HPOS="2574" ID="PAG_00000056_SP000271" VPOS="2174" WIDTH="58"/>
            <String CONTENT="navettes," HEIGHT="33" HPOS="2632" ID="PAG_00000056_ST000337" STYLEREFS="TXT_1" VPOS="2174" WC="1" WIDTH="172"/>
          </TextLine>
          <TextLine HEIGHT="42" HPOS="2030" ID="PAG_00000056_TL000067" STYLEREFS="TXT_1" VPOS="2210" WIDTH="773">
            <String CONTENT="cartes" HEIGHT="25" HPOS="2030" ID="PAG_00000056_ST000338" STYLEREFS="TXT_1" VPOS="2217" WC="1" WIDTH="111"/>
            <SP HPOS="2141" ID="PAG_00000056_SP000272" VPOS="2210" WIDTH="49"/>
            <String CONTENT="de" HEIGHT="34" HPOS="2190" ID="PAG_00000056_ST000339" STYLEREFS="TXT_1" VPOS="2210" WC="1" WIDTH="42"/>
            <SP HPOS="2232" ID="PAG_00000056_SP000273" VPOS="2210" WIDTH="48"/>
            <String CONTENT="dessins," HEIGHT="42" HPOS="2280" ID="PAG_00000056_ST000340" STYLEREFS="TXT_1" VPOS="2210" WC="1" WIDTH="146"/>
            <SP HPOS="2426" ID="PAG_00000056_SP000274" VPOS="2211" WIDTH="49"/>
            <String CONTENT="métiers" HEIGHT="33" HPOS="2475" ID="PAG_00000056_ST000341" STYLEREFS="TXT_1" VPOS="2211" WC="1" WIDTH="137"/>
            <SP HPOS="2612" ID="PAG_00000056_SP000275" VPOS="2210" WIDTH="49"/>
            <String CONTENT="réduits," HEIGHT="41" HPOS="2661" ID="PAG_00000056_ST000342" STYLEREFS="TXT_1" VPOS="2210" WC="1" WIDTH="142"/>
          </TextLine>
          <TextLine HEIGHT="40" HPOS="2030" ID="PAG_00000056_TL000068" STYLEREFS="TXT_1" VPOS="2255" WIDTH="773">
            <String CONTENT="propres" HEIGHT="29" HPOS="2030" ID="PAG_00000056_ST000343" STYLEREFS="TXT_1" VPOS="2266" WC="1" WIDTH="141"/>
            <SP HPOS="2171" ID="PAG_00000056_SP000276" VPOS="2255" WIDTH="26"/>
            <String CONTENT="à" HEIGHT="32" HPOS="2197" ID="PAG_00000056_ST000344" STYLEREFS="TXT_1" VPOS="2255" WC="1" WIDTH="18"/>
            <SP HPOS="2215" ID="PAG_00000056_SP000277" VPOS="2255" WIDTH="27"/>
            <String CONTENT="la" HEIGHT="33" HPOS="2242" ID="PAG_00000056_ST000345" STYLEREFS="TXT_1" VPOS="2255" WC="1" WIDTH="31"/>
            <SP HPOS="2273" ID="PAG_00000056_SP000278" VPOS="2255" WIDTH="26"/>
            <String CONTENT="fabrication" HEIGHT="34" HPOS="2299" ID="PAG_00000056_ST000346" STYLEREFS="TXT_1" VPOS="2255" WC="1" WIDTH="212"/>
            <SP HPOS="2511" ID="PAG_00000056_SP000279" VPOS="2255" WIDTH="24"/>
            <String CONTENT="des" HEIGHT="34" HPOS="2535" ID="PAG_00000056_ST000347" STYLEREFS="TXT_1" VPOS="2255" WC="1" WIDTH="58"/>
            <SP HPOS="2593" ID="PAG_00000056_SP000280" VPOS="2255" WIDTH="26"/>
            <String CONTENT="tissus," HEIGHT="40" HPOS="2619" ID="PAG_00000056_ST000348" STYLEREFS="TXT_1" VPOS="2255" WC="1" WIDTH="115"/>
            <SP HPOS="2734" ID="PAG_00000056_SP000281" VPOS="2268" WIDTH="26"/>
            <String CONTENT="au" HEIGHT="20" HPOS="2760" ID="PAG_00000056_ST000349" STYLEREFS="TXT_1" VPOS="2268" WC="1" WIDTH="43"/>
          </TextLine>
          <TextLine HEIGHT="43" HPOS="2029" ID="PAG_00000056_TL000069" STYLEREFS="TXT_1" VPOS="2297" WIDTH="773">
            <String CONTENT="dévidage" HEIGHT="42" HPOS="2029" ID="PAG_00000056_ST000350" STYLEREFS="TXT_1" VPOS="2297" WC="1" WIDTH="171"/>
            <SP HPOS="2200" ID="PAG_00000056_SP000282" VPOS="2299" WIDTH="27"/>
            <String CONTENT="des" HEIGHT="33" HPOS="2227" ID="PAG_00000056_ST000351" STYLEREFS="TXT_1" VPOS="2299" WC="1" WIDTH="60"/>
            <SP HPOS="2287" ID="PAG_00000056_SP000283" VPOS="2300" WIDTH="29"/>
            <String CONTENT="soies," HEIGHT="40" HPOS="2316" ID="PAG_00000056_ST000352" STYLEREFS="TXT_1" VPOS="2300" WC="1" WIDTH="101"/>
            <SP HPOS="2417" ID="PAG_00000056_SP000284" VPOS="2309" WIDTH="29"/>
            <String CONTENT="etc.," HEIGHT="30" HPOS="2446" ID="PAG_00000056_ST000353" STYLEREFS="TXT_1" VPOS="2309" WC="1" WIDTH="78"/>
            <SP HPOS="2524" ID="PAG_00000056_SP000285" VPOS="2308" WIDTH="28"/>
            <String CONTENT="etc.," HEIGHT="31" HPOS="2552" ID="PAG_00000056_ST000354" STYLEREFS="TXT_1" VPOS="2308" WC="1" WIDTH="78"/>
            <SP HPOS="2630" ID="PAG_00000056_SP000286" VPOS="2299" WIDTH="30"/>
            <String CONTENT="rien" HEIGHT="33" HPOS="2660" ID="PAG_00000056_ST000355" STYLEREFS="TXT_1" VPOS="2299" WC="1" WIDTH="71"/>
            <SP HPOS="2731" ID="PAG_00000056_SP000287" VPOS="2312" WIDTH="27"/>
            <String CONTENT="ou" HEIGHT="20" HPOS="2758" ID="PAG_00000056_ST000356" STYLEREFS="TXT_1" VPOS="2312" WC="1" WIDTH="44"/>
          </TextLine>
          <TextLine HEIGHT="43" HPOS="2029" ID="PAG_00000056_TL000070" STYLEREFS="TXT_1" VPOS="2343" WIDTH="774">
            <String CONTENT="presque" HEIGHT="30" HPOS="2029" ID="PAG_00000056_ST000357" STYLEREFS="TXT_1" VPOS="2354" WC="1" WIDTH="147"/>
            <SP HPOS="2176" ID="PAG_00000056_SP000288" VPOS="2343" WIDTH="27"/>
            <String CONTENT="rien" HEIGHT="34" HPOS="2203" ID="PAG_00000056_ST000358" STYLEREFS="TXT_1" VPOS="2343" WC="1" WIDTH="71"/>
            <SP HPOS="2274" ID="PAG_00000056_SP000289" VPOS="2344" WIDTH="28"/>
            <String CONTENT="n'a" HEIGHT="33" HPOS="2302" ID="PAG_00000056_ST000359" STYLEREFS="TXT_1" VPOS="2344" WC="1" WIDTH="56"/>
            <SP HPOS="2358" ID="PAG_00000056_SP000290" VPOS="2345" WIDTH="27"/>
            <String CONTENT="changé" HEIGHT="41" HPOS="2385" ID="PAG_00000056_ST000360" STYLEREFS="TXT_1" VPOS="2345" WC="1" WIDTH="132"/>
            <SP HPOS="2517" ID="PAG_00000056_SP000291" VPOS="2344" WIDTH="25"/>
            <String CONTENT="de" HEIGHT="33" HPOS="2542" ID="PAG_00000056_ST000361" STYLEREFS="TXT_1" VPOS="2344" WC="1" WIDTH="42"/>
            <SP HPOS="2584" ID="PAG_00000056_SP000292" VPOS="2356" WIDTH="26"/>
            <String CONTENT="nos" HEIGHT="20" HPOS="2610" ID="PAG_00000056_ST000362" STYLEREFS="TXT_1" VPOS="2356" WC="1" WIDTH="61"/>
            <SP HPOS="2671" ID="PAG_00000056_SP000293" VPOS="2344" WIDTH="24"/>
            <String CONTENT="jours," HEIGHT="41" HPOS="2695" ID="PAG_00000056_ST000363" STYLEREFS="TXT_1" VPOS="2344" WC="1" WIDTH="108"/>
          </TextLine>
          <TextLine HEIGHT="42" HPOS="2030" ID="PAG_00000056_TL000071" STYLEREFS="TXT_1" VPOS="2387" WIDTH="772">
            <String CONTENT="mais" HEIGHT="32" HPOS="2030" ID="PAG_00000056_ST000364" STYLEREFS="TXT_1" VPOS="2387" WC="1" WIDTH="85"/>
            <SP HPOS="2115" ID="PAG_00000056_SP000294" VPOS="2387" WIDTH="40"/>
            <String CONTENT="il" HEIGHT="32" HPOS="2155" ID="PAG_00000056_ST000365" STYLEREFS="TXT_1" VPOS="2387" WC="1" WIDTH="21"/>
            <SP HPOS="2176" ID="PAG_00000056_SP000295" VPOS="2387" WIDTH="39"/>
            <String CONTENT="faut" HEIGHT="34" HPOS="2215" ID="PAG_00000056_ST000366" STYLEREFS="TXT_1" VPOS="2387" WC="1" WIDTH="79"/>
            <SP HPOS="2294" ID="PAG_00000056_SP000296" VPOS="2389" WIDTH="37"/>
            <String CONTENT="voir" HEIGHT="33" HPOS="2331" ID="PAG_00000056_ST000367" STYLEREFS="TXT_1" VPOS="2389" WC="1" WIDTH="79"/>
            <SP HPOS="2410" ID="PAG_00000056_SP000297" VPOS="2389" WIDTH="36"/>
            <String CONTENT="où," HEIGHT="40" HPOS="2446" ID="PAG_00000056_ST000368" STYLEREFS="TXT_1" VPOS="2389" WC="1" WIDTH="56"/>
            <SP HPOS="2502" ID="PAG_00000056_SP000298" VPOS="2397" WIDTH="40"/>
            <String CONTENT="et" HEIGHT="25" HPOS="2542" ID="PAG_00000056_ST000369" STYLEREFS="TXT_1" VPOS="2397" WC="1" WIDTH="34"/>
            <SP HPOS="2576" ID="PAG_00000056_SP000299" VPOS="2397" WIDTH="38"/>
            <String CONTENT="comment," HEIGHT="32" HPOS="2614" ID="PAG_00000056_ST000370" STYLEREFS="TXT_1" VPOS="2397" WC="1" WIDTH="188"/>
          </TextLine>
          <TextLine HEIGHT="36" HPOS="2029" ID="PAG_00000056_TL000072" STYLEREFS="TXT_1" VPOS="2431" WIDTH="774">
            <String CONTENT="travaillent" HEIGHT="34" HPOS="2029" ID="PAG_00000056_ST000371" STYLEREFS="TXT_1" VPOS="2431" WC="1" WIDTH="204"/>
            <SP HPOS="2233" ID="PAG_00000056_SP000300" VPOS="2434" WIDTH="45"/>
            <String CONTENT="actuellement" HEIGHT="33" HPOS="2278" ID="PAG_00000056_ST000372" STYLEREFS="TXT_1" VPOS="2434" WC="1" WIDTH="249"/>
            <SP HPOS="2527" ID="PAG_00000056_SP000301" VPOS="2433" WIDTH="44"/>
            <String CONTENT="les" HEIGHT="32" HPOS="2571" ID="PAG_00000056_ST000373" STYLEREFS="TXT_1" VPOS="2433" WC="1" WIDTH="47"/>
            <SP HPOS="2618" ID="PAG_00000056_SP000302" VPOS="2432" WIDTH="46"/>
            <String CONTENT="fameux" HEIGHT="34" HPOS="2664" ID="PAG_00000056_ST000374" STYLEREFS="TXT_1" VPOS="2432" WC="1" WIDTH="139"/>
          </TextLine>
          <TextLine HEIGHT="42" HPOS="2029" ID="PAG_00000056_TL000073" STYLEREFS="TXT_1" VPOS="2476" WIDTH="774">
            <String CONTENT="canuts" HEIGHT="24" HPOS="2029" ID="PAG_00000056_ST000375" STYLEREFS="TXT_1" VPOS="2484" WC="1" WIDTH="124"/>
            <SP HPOS="2153" ID="PAG_00000056_SP000303" VPOS="2476" WIDTH="23"/>
            <String CONTENT="(ouvriers" HEIGHT="40" HPOS="2176" ID="PAG_00000056_ST000376" STYLEREFS="TXT_1" VPOS="2476" WC="1" WIDTH="171"/>
            <SP HPOS="2347" ID="PAG_00000056_SP000304" VPOS="2477" WIDTH="22"/>
            <String CONTENT="tisseurs)." HEIGHT="41" HPOS="2369" ID="PAG_00000056_ST000377" STYLEREFS="TXT_1" VPOS="2477" WC="1" WIDTH="171"/>
            <SP HPOS="2540" ID="PAG_00000056_SP000305" VPOS="2477" WIDTH="42"/>
            <String CONTENT="Aussi," HEIGHT="40" HPOS="2582" ID="PAG_00000056_ST000378" STYLEREFS="TXT_1" VPOS="2477" WC="1" WIDTH="115"/>
            <SP HPOS="2697" ID="PAG_00000056_SP000306" VPOS="2477" WIDTH="22"/>
            <String CONTENT="n'ai-" HEIGHT="33" HPOS="2719" ID="PAG_00000056_ST000379" STYLEREFS="TXT_1" SUBS_CONTENT="n'aije" SUBS_TYPE="HypPart1" VPOS="2477" WC="1" WIDTH="84"/>
            <HYP CONTENT="-" HPOS="2803" VPOS="2510" WIDTH="30"/>
          </TextLine>
          <TextLine HEIGHT="44" HPOS="2026" ID="PAG_00000056_TL000074" STYLEREFS="TXT_1" VPOS="2520" WIDTH="775">
            <String CONTENT="je" HEIGHT="41" HPOS="2026" ID="PAG_00000056_ST000380" STYLEREFS="TXT_1" SUBS_CONTENT="n'aije" SUBS_TYPE="HypPart2" VPOS="2520" WC="1" WIDTH="35"/>
            <SP HPOS="2061" ID="PAG_00000056_SP000307" VPOS="2532" WIDTH="23"/>
            <String CONTENT="pas" HEIGHT="30" HPOS="2084" ID="PAG_00000056_ST000381" STYLEREFS="TXT_1" VPOS="2532" WC="1" WIDTH="61"/>
            <SP HPOS="2145" ID="PAG_00000056_SP000308" VPOS="2521" WIDTH="24"/>
            <String CONTENT="quitté" HEIGHT="42" HPOS="2169" ID="PAG_00000056_ST000382" STYLEREFS="TXT_1" VPOS="2521" WC="1" WIDTH="115"/>
            <SP HPOS="2284" ID="PAG_00000056_SP000309" VPOS="2522" WIDTH="24"/>
            <String CONTENT="Lyon" HEIGHT="42" HPOS="2308" ID="PAG_00000056_ST000383" STYLEREFS="TXT_1" VPOS="2522" WC="1" WIDTH="101"/>
            <SP HPOS="2409" ID="PAG_00000056_SP000310" VPOS="2535" WIDTH="24"/>
            <String CONTENT="sans" HEIGHT="20" HPOS="2433" ID="PAG_00000056_ST000384" STYLEREFS="TXT_1" VPOS="2535" WC="1" WIDTH="77"/>
            <SP HPOS="2510" ID="PAG_00000056_SP000311" VPOS="2521" WIDTH="23"/>
            <String CONTENT="visiter" HEIGHT="33" HPOS="2533" ID="PAG_00000056_ST000385" STYLEREFS="TXT_1" VPOS="2521" WC="1" WIDTH="120"/>
            <SP HPOS="2653" ID="PAG_00000056_SP000312" VPOS="2533" WIDTH="23"/>
            <String CONTENT="sur" HEIGHT="21" HPOS="2676" ID="PAG_00000056_ST000386" STYLEREFS="TXT_1" VPOS="2533" WC="1" WIDTH="57"/>
            <SP HPOS="2733" ID="PAG_00000056_SP000313" VPOS="2522" WIDTH="22"/>
            <String CONTENT="les" HEIGHT="33" HPOS="2755" ID="PAG_00000056_ST000387" STYLEREFS="TXT_1" VPOS="2522" WC="1" WIDTH="46"/>
          </TextLine>
          <TextLine HEIGHT="42" HPOS="2028" ID="PAG_00000056_TL000075" STYLEREFS="TXT_1" VPOS="2564" WIDTH="774">
            <String CONTENT="hauteurs" HEIGHT="34" HPOS="2028" ID="PAG_00000056_ST000388" STYLEREFS="TXT_1" VPOS="2564" WC="1" WIDTH="167"/>
            <SP HPOS="2195" ID="PAG_00000056_SP000314" VPOS="2565" WIDTH="28"/>
            <String CONTENT="de" HEIGHT="34" HPOS="2223" ID="PAG_00000056_ST000389" STYLEREFS="TXT_1" VPOS="2565" WC="1" WIDTH="43"/>
            <SP HPOS="2266" ID="PAG_00000056_SP000315" VPOS="2566" WIDTH="27"/>
            <String CONTENT="la" HEIGHT="33" HPOS="2293" ID="PAG_00000056_ST000390" STYLEREFS="TXT_1" VPOS="2566" WC="1" WIDTH="33"/>
            <SP HPOS="2326" ID="PAG_00000056_SP000316" VPOS="2566" WIDTH="28"/>
            <String CONTENT="Croix-Rousse," HEIGHT="40" HPOS="2354" ID="PAG_00000056_ST000391" STYLEREFS="TXT_1" VPOS="2566" WC="1" WIDTH="268"/>
            <SP HPOS="2622" ID="PAG_00000056_SP000317" VPOS="2565" WIDTH="28"/>
            <String CONTENT="dans" HEIGHT="34" HPOS="2650" ID="PAG_00000056_ST000392" STYLEREFS="TXT_1" VPOS="2565" WC="1" WIDTH="87"/>
            <SP HPOS="2737" ID="PAG_00000056_SP000318" VPOS="2579" WIDTH="27"/>
            <String CONTENT="ce" HEIGHT="20" HPOS="2764" ID="PAG_00000056_ST000393" STYLEREFS="TXT_1" VPOS="2579" WC="1" WIDTH="38"/>
          </TextLine>
          <TextLine HEIGHT="42" HPOS="2027" ID="PAG_00000056_TL000076" STYLEREFS="TXT_1" VPOS="2609" WIDTH="775">
            <String CONTENT="quartier" HEIGHT="41" HPOS="2027" ID="PAG_00000056_ST000394" STYLEREFS="TXT_1" VPOS="2609" WC="1" WIDTH="157"/>
            <SP HPOS="2184" ID="PAG_00000056_SP000319" VPOS="2609" WIDTH="15"/>
            <String CONTENT="industriel" HEIGHT="35" HPOS="2199" ID="PAG_00000056_ST000395" STYLEREFS="TXT_1" VPOS="2609" WC="1" WIDTH="183"/>
            <SP HPOS="2382" ID="PAG_00000056_SP000320" VPOS="2620" WIDTH="17"/>
            <String CONTENT="et" HEIGHT="24" HPOS="2399" ID="PAG_00000056_ST000396" STYLEREFS="TXT_1" VPOS="2620" WC="1" WIDTH="35"/>
            <SP HPOS="2434" ID="PAG_00000056_SP000321" VPOS="2611" WIDTH="14"/>
            <String CONTENT="ouvrier," HEIGHT="40" HPOS="2448" ID="PAG_00000056_ST000397" STYLEREFS="TXT_1" VPOS="2611" WC="1" WIDTH="147"/>
            <SP HPOS="2595" ID="PAG_00000056_SP000322" VPOS="2610" WIDTH="16"/>
            <String CONTENT="l'intérieur" HEIGHT="34" HPOS="2611" ID="PAG_00000056_ST000398" STYLEREFS="TXT_1" VPOS="2610" WC="1" WIDTH="191"/>
          </TextLine>
          <TextLine HEIGHT="45" HPOS="2028" ID="PAG_00000056_TL000077" STYLEREFS="TXT_1" VPOS="2653" WIDTH="773">
            <String CONTENT="de" HEIGHT="33" HPOS="2028" ID="PAG_00000056_ST000399" STYLEREFS="TXT_1" VPOS="2653" WC="1" WIDTH="42"/>
            <SP HPOS="2070" ID="PAG_00000056_SP000323" VPOS="2654" WIDTH="44"/>
            <String CONTENT="quelques" HEIGHT="43" HPOS="2114" ID="PAG_00000056_ST000400" STYLEREFS="TXT_1" VPOS="2654" WC="1" WIDTH="168"/>
            <SP HPOS="2282" ID="PAG_00000056_SP000324" VPOS="2664" WIDTH="45"/>
            <String CONTENT="canuts" HEIGHT="24" HPOS="2327" ID="PAG_00000056_ST000401" STYLEREFS="TXT_1" VPOS="2664" WC="1" WIDTH="126"/>
            <SP HPOS="2453" ID="PAG_00000056_SP000325" VPOS="2655" WIDTH="44"/>
            <String CONTENT="qui" HEIGHT="43" HPOS="2497" ID="PAG_00000056_ST000402" STYLEREFS="TXT_1" VPOS="2655" WC="1" WIDTH="58"/>
            <SP HPOS="2555" ID="PAG_00000056_SP000326" VPOS="2655" WIDTH="44"/>
            <String CONTENT="travaillent" HEIGHT="33" HPOS="2599" ID="PAG_00000056_ST000403" STYLEREFS="TXT_1" VPOS="2655" WC="1" WIDTH="202"/>
          </TextLine>
          <TextLine HEIGHT="34" HPOS="2027" ID="PAG_00000056_TL000078" STYLEREFS="TXT_1" VPOS="2699" WIDTH="604">
            <String CONTENT="encore" HEIGHT="21" HPOS="2027" ID="PAG_00000056_ST000404" STYLEREFS="TXT_1" VPOS="2710" WC="1" WIDTH="123"/>
            <SP HPOS="2150" ID="PAG_00000056_SP000327" VPOS="2710" WIDTH="20"/>
            <String CONTENT="sur" HEIGHT="21" HPOS="2170" ID="PAG_00000056_ST000405" STYLEREFS="TXT_1" VPOS="2710" WC="1" WIDTH="58"/>
            <SP HPOS="2228" ID="PAG_00000056_SP000328" VPOS="2699" WIDTH="19"/>
            <String CONTENT="des" HEIGHT="33" HPOS="2247" ID="PAG_00000056_ST000406" STYLEREFS="TXT_1" VPOS="2699" WC="1" WIDTH="59"/>
            <SP HPOS="2306" ID="PAG_00000056_SP000329" VPOS="2700" WIDTH="21"/>
            <String CONTENT="métiers" HEIGHT="33" HPOS="2327" ID="PAG_00000056_ST000407" STYLEREFS="TXT_1" VPOS="2700" WC="1" WIDTH="141"/>
            <SP HPOS="2468" ID="PAG_00000056_SP000330" VPOS="2700" WIDTH="20"/>
            <String CONTENT="à" HEIGHT="33" HPOS="2488" ID="PAG_00000056_ST000408" STYLEREFS="TXT_1" VPOS="2700" WC="1" WIDTH="18"/>
            <SP HPOS="2506" ID="PAG_00000056_SP000331" VPOS="2699" WIDTH="21"/>
            <String CONTENT="main." HEIGHT="33" HPOS="2527" ID="PAG_00000056_ST000409" STYLEREFS="TXT_1" VPOS="2699" WC="1" WIDTH="104"/>
          </TextLine>
        </TextBlock>
        <TextBlock HEIGHT="1378" HPOS="2019" ID="PAG_00000056_TB000013" STYLEREFS="TXT_1" VPOS="2742" WIDTH="783" language="fr">
          <TextLine HEIGHT="44" HPOS="2074" ID="PAG_00000056_TL000079" STYLEREFS="TXT_1" VPOS="2742" WIDTH="727">
            <String CONTENT="Il" HEIGHT="32" HPOS="2074" ID="PAG_00000056_ST000410" STYLEREFS="TXT_1" VPOS="2742" WC="1" WIDTH="28"/>
            <SP HPOS="2102" ID="PAG_00000056_SP000332" VPOS="2742" WIDTH="24"/>
            <String CONTENT="fait" HEIGHT="34" HPOS="2126" ID="PAG_00000056_ST000411" STYLEREFS="TXT_1" VPOS="2742" WC="1" WIDTH="67"/>
            <SP HPOS="2193" ID="PAG_00000056_SP000333" VPOS="2756" WIDTH="23"/>
            <String CONTENT="presque" HEIGHT="30" HPOS="2216" ID="PAG_00000056_ST000412" STYLEREFS="TXT_1" VPOS="2756" WC="1" WIDTH="148"/>
            <SP HPOS="2364" ID="PAG_00000056_SP000334" VPOS="2745" WIDTH="25"/>
            <String CONTENT="noir," HEIGHT="39" HPOS="2389" ID="PAG_00000056_ST000413" STYLEREFS="TXT_1" VPOS="2745" WC="1" WIDTH="86"/>
            <SP HPOS="2475" ID="PAG_00000056_SP000335" VPOS="2756" WIDTH="25"/>
            <String CONTENT="sous" HEIGHT="21" HPOS="2500" ID="PAG_00000056_ST000414" STYLEREFS="TXT_1" VPOS="2756" WC="1" WIDTH="77"/>
            <SP HPOS="2577" ID="PAG_00000056_SP000336" VPOS="2756" WIDTH="24"/>
            <String CONTENT="un" HEIGHT="20" HPOS="2601" ID="PAG_00000056_ST000415" STYLEREFS="TXT_1" VPOS="2756" WC="1" WIDTH="47"/>
            <SP HPOS="2648" ID="PAG_00000056_SP000337" VPOS="2743" WIDTH="25"/>
            <String CONTENT="ciel" HEIGHT="33" HPOS="2673" ID="PAG_00000056_ST000416" STYLEREFS="TXT_1" VPOS="2743" WC="1" WIDTH="62"/>
            <SP HPOS="2735" ID="PAG_00000056_SP000338" VPOS="2744" WIDTH="24"/>
            <String CONTENT="de" HEIGHT="33" HPOS="2759" ID="PAG_00000056_ST000417" STYLEREFS="TXT_1" VPOS="2744" WC="1" WIDTH="42"/>
          </TextLine>
          <TextLine HEIGHT="41" HPOS="2028" ID="PAG_00000056_TL000080" STYLEREFS="TXT_1" VPOS="2787" WIDTH="774">
            <String CONTENT="tempête;" HEIGHT="41" HPOS="2028" ID="PAG_00000056_ST000418" STYLEREFS="TXT_1" VPOS="2787" WC="1" WIDTH="174"/>
            <SP HPOS="2202" ID="PAG_00000056_SP000339" VPOS="2800" WIDTH="19"/>
            <String CONTENT="aucune" HEIGHT="22" HPOS="2221" ID="PAG_00000056_ST000419" STYLEREFS="TXT_1" VPOS="2800" WC="1" WIDTH="135"/>
            <SP HPOS="2356" ID="PAG_00000056_SP000340" VPOS="2789" WIDTH="15"/>
            <String CONTENT="voiture" HEIGHT="33" HPOS="2371" ID="PAG_00000056_ST000420" STYLEREFS="TXT_1" VPOS="2789" WC="1" WIDTH="138"/>
            <SP HPOS="2509" ID="PAG_00000056_SP000341" VPOS="2801" WIDTH="19"/>
            <String CONTENT="ne" HEIGHT="21" HPOS="2528" ID="PAG_00000056_ST000421" STYLEREFS="TXT_1" VPOS="2801" WC="1" WIDTH="41"/>
            <SP HPOS="2569" ID="PAG_00000056_SP000342" VPOS="2800" WIDTH="17"/>
            <String CONTENT="nous" HEIGHT="21" HPOS="2586" ID="PAG_00000056_ST000422" STYLEREFS="TXT_1" VPOS="2800" WC="1" WIDTH="87"/>
            <SP HPOS="2673" ID="PAG_00000056_SP000343" VPOS="2796" WIDTH="16"/>
            <String CONTENT="trans-" HEIGHT="25" HPOS="2689" ID="PAG_00000056_ST000423" STYLEREFS="TXT_1" SUBS_CONTENT="transporte" SUBS_TYPE="HypPart1" VPOS="2796" WC="1" WIDTH="113"/>
            <HYP CONTENT="-" HPOS="2802" VPOS="2821" WIDTH="30"/>
          </TextLine>
          <TextLine HEIGHT="44" HPOS="2029" ID="PAG_00000056_TL000081" STYLEREFS="TXT_1" VPOS="2831" WIDTH="769">
            <String CONTENT="porte" HEIGHT="32" HPOS="2029" ID="PAG_00000056_ST000424" STYLEREFS="TXT_1" SUBS_CONTENT="transporte" SUBS_TYPE="HypPart2" VPOS="2840" WC="1" WIDTH="99"/>
            <SP HPOS="2128" ID="PAG_00000056_SP000344" VPOS="2831" WIDTH="23"/>
            <String CONTENT="d'un" HEIGHT="34" HPOS="2151" ID="PAG_00000056_ST000425" STYLEREFS="TXT_1" VPOS="2831" WC="1" WIDTH="84"/>
            <SP HPOS="2235" ID="PAG_00000056_SP000345" VPOS="2833" WIDTH="24"/>
            <String CONTENT="point" HEIGHT="42" HPOS="2259" ID="PAG_00000056_ST000426" STYLEREFS="TXT_1" VPOS="2833" WC="1" WIDTH="101"/>
            <SP HPOS="2360" ID="PAG_00000056_SP000346" VPOS="2834" WIDTH="27"/>
            <String CONTENT="à" HEIGHT="33" HPOS="2387" ID="PAG_00000056_ST000427" STYLEREFS="TXT_1" VPOS="2834" WC="1" WIDTH="19"/>
            <SP HPOS="2406" ID="PAG_00000056_SP000347" VPOS="2846" WIDTH="26"/>
            <String CONTENT="un" HEIGHT="20" HPOS="2432" ID="PAG_00000056_ST000428" STYLEREFS="TXT_1" VPOS="2846" WC="1" WIDTH="46"/>
            <SP HPOS="2478" ID="PAG_00000056_SP000348" VPOS="2842" WIDTH="24"/>
            <String CONTENT="autre," HEIGHT="31" HPOS="2502" ID="PAG_00000056_ST000429" STYLEREFS="TXT_1" VPOS="2842" WC="1" WIDTH="109"/>
            <SP HPOS="2611" ID="PAG_00000056_SP000349" VPOS="2841" WIDTH="20"/>
            <String CONTENT="et," HEIGHT="32" HPOS="2631" ID="PAG_00000056_ST000430" STYLEREFS="TXT_1" VPOS="2841" WC="1" WIDTH="47"/>
            <SP HPOS="2678" ID="PAG_00000056_SP000350" VPOS="2833" WIDTH="26"/>
            <String CONTENT="c'est," HEIGHT="41" HPOS="2704" ID="PAG_00000056_ST000431" STYLEREFS="TXT_1" VPOS="2833" WC="1" WIDTH="94"/>
          </TextLine>
          <TextLine HEIGHT="44" HPOS="2028" ID="PAG_00000056_TL000082" STYLEREFS="TXT_1" VPOS="2875" WIDTH="771">
            <String CONTENT="battus" HEIGHT="33" HPOS="2028" ID="PAG_00000056_ST000432" STYLEREFS="TXT_1" VPOS="2875" WC="1" WIDTH="121"/>
            <SP HPOS="2149" ID="PAG_00000056_SP000351" VPOS="2888" WIDTH="20"/>
            <String CONTENT="par" HEIGHT="30" HPOS="2169" ID="PAG_00000056_ST000433" STYLEREFS="TXT_1" VPOS="2888" WC="1" WIDTH="63"/>
            <SP HPOS="2232" ID="PAG_00000056_SP000352" VPOS="2877" WIDTH="18"/>
            <String CONTENT="la" HEIGHT="33" HPOS="2250" ID="PAG_00000056_ST000434" STYLEREFS="TXT_1" VPOS="2877" WC="1" WIDTH="32"/>
            <SP HPOS="2282" ID="PAG_00000056_SP000353" VPOS="2877" WIDTH="19"/>
            <String CONTENT="pluie" HEIGHT="42" HPOS="2301" ID="PAG_00000056_ST000435" STYLEREFS="TXT_1" VPOS="2877" WC="1" WIDTH="94"/>
            <SP HPOS="2395" ID="PAG_00000056_SP000354" VPOS="2886" WIDTH="19"/>
            <String CONTENT="et" HEIGHT="25" HPOS="2414" ID="PAG_00000056_ST000436" STYLEREFS="TXT_1" VPOS="2886" WC="1" WIDTH="35"/>
            <SP HPOS="2449" ID="PAG_00000056_SP000355" VPOS="2878" WIDTH="18"/>
            <String CONTENT="le" HEIGHT="33" HPOS="2467" ID="PAG_00000056_ST000437" STYLEREFS="TXT_1" VPOS="2878" WC="1" WIDTH="30"/>
            <SP HPOS="2497" ID="PAG_00000056_SP000356" VPOS="2886" WIDTH="18"/>
            <String CONTENT="vent" HEIGHT="24" HPOS="2515" ID="PAG_00000056_ST000438" STYLEREFS="TXT_1" VPOS="2886" WC="1" WIDTH="85"/>
            <SP HPOS="2600" ID="PAG_00000056_SP000357" VPOS="2890" WIDTH="20"/>
            <String CONTENT="que" HEIGHT="29" HPOS="2620" ID="PAG_00000056_ST000439" STYLEREFS="TXT_1" VPOS="2890" WC="1" WIDTH="69"/>
            <SP HPOS="2689" ID="PAG_00000056_SP000358" VPOS="2890" WIDTH="25"/>
            <String CONTENT="nous" HEIGHT="21" HPOS="2714" ID="PAG_00000056_ST000440" STYLEREFS="TXT_1" VPOS="2890" WC="1" WIDTH="85"/>
          </TextLine>
          <TextLine HEIGHT="41" HPOS="2029" ID="PAG_00000056_TL000083" STYLEREFS="TXT_1" VPOS="2921" WIDTH="771">
            <String CONTENT="nous" HEIGHT="20" HPOS="2029" ID="PAG_00000056_ST000441" STYLEREFS="TXT_1" VPOS="2932" WC="1" WIDTH="86"/>
            <SP HPOS="2115" ID="PAG_00000056_SP000359" VPOS="2921" WIDTH="17"/>
            <String CONTENT="engouffrons" HEIGHT="41" HPOS="2132" ID="PAG_00000056_ST000442" STYLEREFS="TXT_1" VPOS="2921" WC="1" WIDTH="224"/>
            <SP HPOS="2356" ID="PAG_00000056_SP000360" VPOS="2922" WIDTH="18"/>
            <String CONTENT="dans" HEIGHT="33" HPOS="2374" ID="PAG_00000056_ST000443" STYLEREFS="TXT_1" VPOS="2922" WC="1" WIDTH="86"/>
            <SP HPOS="2460" ID="PAG_00000056_SP000361" VPOS="2934" WIDTH="22"/>
            <String CONTENT="une" HEIGHT="21" HPOS="2482" ID="PAG_00000056_ST000444" STYLEREFS="TXT_1" VPOS="2934" WC="1" WIDTH="67"/>
            <SP HPOS="2549" ID="PAG_00000056_SP000362" VPOS="2922" WIDTH="22"/>
            <String CONTENT="maison" HEIGHT="33" HPOS="2571" ID="PAG_00000056_ST000445" STYLEREFS="TXT_1" VPOS="2922" WC="1" WIDTH="135"/>
            <SP HPOS="2706" ID="PAG_00000056_SP000363" VPOS="2935" WIDTH="25"/>
            <String CONTENT="sor-" HEIGHT="20" HPOS="2731" ID="PAG_00000056_ST000446" STYLEREFS="TXT_1" SUBS_CONTENT="sordide" SUBS_TYPE="HypPart1" VPOS="2935" WC="1" WIDTH="69"/>
            <HYP CONTENT="-" HPOS="2800" VPOS="2955" WIDTH="30"/>
          </TextLine>
          <TextLine HEIGHT="44" HPOS="2027" ID="PAG_00000056_TL000084" STYLEREFS="TXT_1" VPOS="2963" WIDTH="773">
            <String CONTENT="dide" HEIGHT="34" HPOS="2027" ID="PAG_00000056_ST000447" STYLEREFS="TXT_1" SUBS_CONTENT="sordide" SUBS_TYPE="HypPart2" VPOS="2963" WC="1" WIDTH="81"/>
            <SP HPOS="2108" ID="PAG_00000056_SP000364" VPOS="2964" WIDTH="15"/>
            <String CONTENT="d'aspect," HEIGHT="43" HPOS="2123" ID="PAG_00000056_ST000448" STYLEREFS="TXT_1" VPOS="2964" WC="1" WIDTH="169"/>
            <SP HPOS="2292" ID="PAG_00000056_SP000365" VPOS="2979" WIDTH="20"/>
            <String CONTENT="aux" HEIGHT="21" HPOS="2312" ID="PAG_00000056_ST000449" STYLEREFS="TXT_1" VPOS="2979" WC="1" WIDTH="68"/>
            <SP HPOS="2380" ID="PAG_00000056_SP000366" VPOS="2979" WIDTH="17"/>
            <String CONTENT="murs" HEIGHT="20" HPOS="2397" ID="PAG_00000056_ST000450" STYLEREFS="TXT_1" VPOS="2979" WC="1" WIDTH="94"/>
            <SP HPOS="2491" ID="PAG_00000056_SP000367" VPOS="2966" WIDTH="18"/>
            <String CONTENT="suintants," HEIGHT="40" HPOS="2509" ID="PAG_00000056_ST000451" STYLEREFS="TXT_1" VPOS="2966" WC="1" WIDTH="199"/>
            <SP HPOS="2708" ID="PAG_00000056_SP000368" VPOS="2966" WIDTH="1"/>
            <String CONTENT="mai-" HEIGHT="40" HPOS="2708" ID="PAG_00000056_ST000452" STYLEREFS="TXT_1" SUBS_CONTENT="maison" SUBS_TYPE="HypPart1" VPOS="2966" WC="1" WIDTH="92"/>
            <HYP CONTENT="-" HPOS="2800" VPOS="3006" WIDTH="30"/>
          </TextLine>
          <TextLine HEIGHT="44" HPOS="2027" ID="PAG_00000056_TL000085" STYLEREFS="TXT_1" VPOS="3009" WIDTH="772">
            <String CONTENT="son" HEIGHT="21" HPOS="2027" ID="PAG_00000056_ST000453" STYLEREFS="TXT_1" SUBS_CONTENT="maison" SUBS_TYPE="HypPart2" VPOS="3020" WC="1" WIDTH="61"/>
            <SP HPOS="2088" ID="PAG_00000056_SP000369" VPOS="3009" WIDTH="12"/>
            <String CONTENT="vieille" HEIGHT="34" HPOS="2100" ID="PAG_00000056_ST000454" STYLEREFS="TXT_1" VPOS="3009" WC="1" WIDTH="115"/>
            <SP HPOS="2215" ID="PAG_00000056_SP000370" VPOS="3010" WIDTH="11"/>
            <String CONTENT="de" HEIGHT="34" HPOS="2226" ID="PAG_00000056_ST000455" STYLEREFS="TXT_1" VPOS="3010" WC="1" WIDTH="43"/>
            <SP HPOS="2269" ID="PAG_00000056_SP000371" VPOS="3011" WIDTH="13"/>
            <String CONTENT="plusieurs" HEIGHT="42" HPOS="2282" ID="PAG_00000056_ST000456" STYLEREFS="TXT_1" VPOS="3011" WC="1" WIDTH="171"/>
            <SP HPOS="2453" ID="PAG_00000056_SP000372" VPOS="3011" WIDTH="15"/>
            <String CONTENT="siècles," HEIGHT="41" HPOS="2468" ID="PAG_00000056_ST000457" STYLEREFS="TXT_1" VPOS="3011" WC="1" WIDTH="127"/>
            <SP HPOS="2595" ID="PAG_00000056_SP000373" VPOS="3011" WIDTH="15"/>
            <String CONTENT="où," HEIGHT="40" HPOS="2610" ID="PAG_00000056_ST000458" STYLEREFS="TXT_1" VPOS="3011" WC="1" WIDTH="57"/>
            <SP HPOS="2667" ID="PAG_00000056_SP000374" VPOS="3011" WIDTH="14"/>
            <String CONTENT="les" HEIGHT="33" HPOS="2681" ID="PAG_00000056_ST000459" STYLEREFS="TXT_1" VPOS="3011" WC="1" WIDTH="46"/>
            <SP HPOS="2727" ID="PAG_00000056_SP000375" VPOS="3024" WIDTH="13"/>
            <String CONTENT="an-" HEIGHT="20" HPOS="2740" ID="PAG_00000056_ST000460" STYLEREFS="TXT_1" SUBS_CONTENT="ancêtres" SUBS_TYPE="HypPart1" VPOS="3024" WC="1" WIDTH="59"/>
            <HYP CONTENT="-" HPOS="2799" VPOS="3044" WIDTH="30"/>
          </TextLine>
          <TextLine HEIGHT="45" HPOS="2025" ID="PAG_00000056_TL000086" STYLEREFS="TXT_1" VPOS="3053" WIDTH="773">
            <String CONTENT="cêtres" HEIGHT="33" HPOS="2025" ID="PAG_00000056_ST000461" STYLEREFS="TXT_1" SUBS_CONTENT="ancêtres" SUBS_TYPE="HypPart2" VPOS="3053" WC="1" WIDTH="110"/>
            <SP HPOS="2135" ID="PAG_00000056_SP000376" VPOS="3053" WIDTH="17"/>
            <String CONTENT="des" HEIGHT="34" HPOS="2152" ID="PAG_00000056_ST000462" STYLEREFS="TXT_1" VPOS="3053" WC="1" WIDTH="60"/>
            <SP HPOS="2212" ID="PAG_00000056_SP000377" VPOS="3056" WIDTH="15"/>
            <String CONTENT="ouvriers" HEIGHT="33" HPOS="2227" ID="PAG_00000056_ST000463" STYLEREFS="TXT_1" VPOS="3056" WC="1" WIDTH="157"/>
            <SP HPOS="2384" ID="PAG_00000056_SP000378" VPOS="3068" WIDTH="17"/>
            <String CONTENT="que" HEIGHT="30" HPOS="2401" ID="PAG_00000056_ST000464" STYLEREFS="TXT_1" VPOS="3068" WC="1" WIDTH="68"/>
            <SP HPOS="2469" ID="PAG_00000056_SP000379" VPOS="3068" WIDTH="16"/>
            <String CONTENT="nous" HEIGHT="21" HPOS="2485" ID="PAG_00000056_ST000465" STYLEREFS="TXT_1" VPOS="3068" WC="1" WIDTH="85"/>
            <SP HPOS="2570" ID="PAG_00000056_SP000380" VPOS="3055" WIDTH="17"/>
            <String CONTENT="allons" HEIGHT="33" HPOS="2587" ID="PAG_00000056_ST000466" STYLEREFS="TXT_1" VPOS="3055" WC="1" WIDTH="108"/>
            <SP HPOS="2695" ID="PAG_00000056_SP000381" VPOS="3056" WIDTH="16"/>
            <String CONTENT="voir," HEIGHT="40" HPOS="2711" ID="PAG_00000056_ST000467" STYLEREFS="TXT_1" VPOS="3056" WC="1" WIDTH="87"/>
          </TextLine>
          <TextLine HEIGHT="44" HPOS="2026" ID="PAG_00000056_TL000087" STYLEREFS="TXT_1" VPOS="3097" WIDTH="773">
            <String CONTENT="tissaient" HEIGHT="34" HPOS="2026" ID="PAG_00000056_ST000468" STYLEREFS="TXT_1" VPOS="3097" WC="1" WIDTH="161"/>
            <SP HPOS="2187" ID="PAG_00000056_SP000382" VPOS="3099" WIDTH="27"/>
            <String CONTENT="déjà" HEIGHT="42" HPOS="2214" ID="PAG_00000056_ST000469" STYLEREFS="TXT_1" VPOS="3099" WC="1" WIDTH="79"/>
            <SP HPOS="2293" ID="PAG_00000056_SP000383" VPOS="3100" WIDTH="28"/>
            <String CONTENT="certainement." HEIGHT="33" HPOS="2321" ID="PAG_00000056_ST000470" STYLEREFS="TXT_1" VPOS="3100" WC="1" WIDTH="263"/>
            <SP HPOS="2584" ID="PAG_00000056_SP000384" VPOS="3099" WIDTH="50"/>
            <String CONTENT="Au" HEIGHT="33" HPOS="2634" ID="PAG_00000056_ST000471" STYLEREFS="TXT_1" VPOS="3099" WC="1" WIDTH="54"/>
            <SP HPOS="2688" ID="PAG_00000056_SP000385" VPOS="3100" WIDTH="29"/>
            <String CONTENT="troi-" HEIGHT="33" HPOS="2717" ID="PAG_00000056_ST000472" STYLEREFS="TXT_1" SUBS_CONTENT="troisième" SUBS_TYPE="HypPart1" VPOS="3100" WC="1" WIDTH="82"/>
            <HYP CONTENT="-" HPOS="2799" VPOS="3133" WIDTH="30"/>
          </TextLine>
          <TextLine HEIGHT="44" HPOS="2025" ID="PAG_00000056_TL000088" STYLEREFS="TXT_1" VPOS="3141" WIDTH="773">
            <String CONTENT="sième" HEIGHT="34" HPOS="2025" ID="PAG_00000056_ST000473" STYLEREFS="TXT_1" SUBS_CONTENT="troisième" SUBS_TYPE="HypPart2" VPOS="3141" WC="1" WIDTH="105"/>
            <SP HPOS="2130" ID="PAG_00000056_SP000386" VPOS="3142" WIDTH="21"/>
            <String CONTENT="étage" HEIGHT="43" HPOS="2151" ID="PAG_00000056_ST000474" STYLEREFS="TXT_1" VPOS="3142" WC="1" WIDTH="102"/>
            <SP HPOS="2253" ID="PAG_00000056_SP000387" VPOS="3143" WIDTH="22"/>
            <String CONTENT="de" HEIGHT="34" HPOS="2275" ID="PAG_00000056_ST000475" STYLEREFS="TXT_1" VPOS="3143" WC="1" WIDTH="42"/>
            <SP HPOS="2317" ID="PAG_00000056_SP000388" VPOS="3152" WIDTH="23"/>
            <String CONTENT="cette" HEIGHT="26" HPOS="2340" ID="PAG_00000056_ST000476" STYLEREFS="TXT_1" VPOS="3152" WC="1" WIDTH="93"/>
            <SP HPOS="2433" ID="PAG_00000056_SP000389" VPOS="3144" WIDTH="22"/>
            <String CONTENT="maison," HEIGHT="40" HPOS="2455" ID="PAG_00000056_ST000477" STYLEREFS="TXT_1" VPOS="3144" WC="1" WIDTH="144"/>
            <SP HPOS="2599" ID="PAG_00000056_SP000390" VPOS="3144" WIDTH="23"/>
            <String CONTENT="dans" HEIGHT="33" HPOS="2622" ID="PAG_00000056_ST000478" STYLEREFS="TXT_1" VPOS="3144" WC="1" WIDTH="86"/>
            <SP HPOS="2708" ID="PAG_00000056_SP000391" VPOS="3157" WIDTH="23"/>
            <String CONTENT="une" HEIGHT="21" HPOS="2731" ID="PAG_00000056_ST000479" STYLEREFS="TXT_1" VPOS="3157" WC="1" WIDTH="67"/>
          </TextLine>
          <TextLine HEIGHT="44" HPOS="2025" ID="PAG_00000056_TL000089" STYLEREFS="TXT_1" VPOS="3187" WIDTH="772">
            <String CONTENT="vaste" HEIGHT="25" HPOS="2025" ID="PAG_00000056_ST000480" STYLEREFS="TXT_1" VPOS="3194" WC="1" WIDTH="100"/>
            <SP HPOS="2125" ID="PAG_00000056_SP000392" VPOS="3187" WIDTH="16"/>
            <String CONTENT="pièce" HEIGHT="41" HPOS="2141" ID="PAG_00000056_ST000481" STYLEREFS="TXT_1" VPOS="3187" WC="1" WIDTH="96"/>
            <SP HPOS="2237" ID="PAG_00000056_SP000393" VPOS="3200" WIDTH="17"/>
            <String CONTENT="au" HEIGHT="21" HPOS="2254" ID="PAG_00000056_ST000482" STYLEREFS="TXT_1" VPOS="3200" WC="1" WIDTH="43"/>
            <SP HPOS="2297" ID="PAG_00000056_SP000394" VPOS="3189" WIDTH="18"/>
            <String CONTENT="vitrage" HEIGHT="42" HPOS="2315" ID="PAG_00000056_ST000483" STYLEREFS="TXT_1" VPOS="3189" WC="1" WIDTH="137"/>
            <SP HPOS="2452" ID="PAG_00000056_SP000395" VPOS="3189" WIDTH="16"/>
            <String CONTENT="vertical" HEIGHT="33" HPOS="2468" ID="PAG_00000056_ST000484" STYLEREFS="TXT_1" VPOS="3189" WC="1" WIDTH="143"/>
            <SP HPOS="2611" ID="PAG_00000056_SP000396" VPOS="3188" WIDTH="17"/>
            <String CONTENT="d'atelier," HEIGHT="42" HPOS="2628" ID="PAG_00000056_ST000485" STYLEREFS="TXT_1" VPOS="3188" WC="1" WIDTH="169"/>
          </TextLine>
          <TextLine HEIGHT="45" HPOS="2025" ID="PAG_00000056_TL000090" STYLEREFS="TXT_1" VPOS="3230" WIDTH="771">
            <String CONTENT="trois," HEIGHT="41" HPOS="2025" ID="PAG_00000056_ST000486" STYLEREFS="TXT_1" VPOS="3230" WC="1" WIDTH="96"/>
            <SP HPOS="2121" ID="PAG_00000056_SP000397" VPOS="3231" WIDTH="29"/>
            <String CONTENT="métiers" HEIGHT="34" HPOS="2150" ID="PAG_00000056_ST000487" STYLEREFS="TXT_1" VPOS="3231" WC="1" WIDTH="141"/>
            <SP HPOS="2291" ID="PAG_00000056_SP000398" VPOS="3242" WIDTH="30"/>
            <String CONTENT="sont" HEIGHT="24" HPOS="2321" ID="PAG_00000056_ST000488" STYLEREFS="TXT_1" VPOS="3242" WC="1" WIDTH="81"/>
            <SP HPOS="2402" ID="PAG_00000056_SP000399" VPOS="3233" WIDTH="28"/>
            <String CONTENT="placés." HEIGHT="42" HPOS="2430" ID="PAG_00000056_ST000489" STYLEREFS="TXT_1" VPOS="3233" WC="1" WIDTH="125"/>
            <SP HPOS="2555" ID="PAG_00000056_SP000400" VPOS="3234" WIDTH="52"/>
            <String CONTENT="Le" HEIGHT="32" HPOS="2607" ID="PAG_00000056_ST000490" STYLEREFS="TXT_1" VPOS="3234" WC="1" WIDTH="47"/>
            <SP HPOS="2654" ID="PAG_00000056_SP000401" VPOS="3233" WIDTH="28"/>
            <String CONTENT="lit" HEIGHT="33" HPOS="2682" ID="PAG_00000056_ST000491" STYLEREFS="TXT_1" VPOS="3233" WC="1" WIDTH="41"/>
            <SP HPOS="2723" ID="PAG_00000056_SP000402" VPOS="3234" WIDTH="27"/>
            <String CONTENT="du" HEIGHT="32" HPOS="2750" ID="PAG_00000056_ST000492" STYLEREFS="TXT_1" VPOS="3234" WC="1" WIDTH="46"/>
          </TextLine>
          <TextLine HEIGHT="41" HPOS="2025" ID="PAG_00000056_TL000091" STYLEREFS="TXT_1" VPOS="3275" WIDTH="773">
            <String CONTENT="ménage" HEIGHT="41" HPOS="2025" ID="PAG_00000056_ST000493" STYLEREFS="TXT_1" VPOS="3275" WC="1" WIDTH="144"/>
            <SP HPOS="2169" ID="PAG_00000056_SP000403" VPOS="3277" WIDTH="27"/>
            <String CONTENT="ouvrier" HEIGHT="33" HPOS="2196" ID="PAG_00000056_ST000494" STYLEREFS="TXT_1" VPOS="3277" WC="1" WIDTH="141"/>
            <SP HPOS="2337" ID="PAG_00000056_SP000404" VPOS="3286" WIDTH="28"/>
            <String CONTENT="est" HEIGHT="24" HPOS="2365" ID="PAG_00000056_ST000495" STYLEREFS="TXT_1" VPOS="3286" WC="0.99" WIDTH="54"/>
            <SP HPOS="2419" ID="PAG_00000056_SP000405" VPOS="3277" WIDTH="28"/>
            <String CONTENT="dissimulé" HEIGHT="34" HPOS="2447" ID="PAG_00000056_ST000496" STYLEREFS="TXT_1" VPOS="3277" WC="1" WIDTH="175"/>
            <SP HPOS="2622" ID="PAG_00000056_SP000406" VPOS="3277" WIDTH="28"/>
            <String CONTENT="derrière" HEIGHT="34" HPOS="2650" ID="PAG_00000056_ST000497" STYLEREFS="TXT_1" VPOS="3277" WC="1" WIDTH="148"/>
          </TextLine>
          <TextLine HEIGHT="39" HPOS="2024" ID="PAG_00000056_TL000092" STYLEREFS="TXT_1" VPOS="3321" WIDTH="774">
            <String CONTENT="un" HEIGHT="20" HPOS="2024" ID="PAG_00000056_ST000498" STYLEREFS="TXT_1" VPOS="3331" WC="1" WIDTH="46"/>
            <SP HPOS="2070" ID="PAG_00000056_SP000407" VPOS="3331" WIDTH="26"/>
            <String CONTENT="pauvre" HEIGHT="29" HPOS="2096" ID="PAG_00000056_ST000499" STYLEREFS="TXT_1" VPOS="3331" WC="1" WIDTH="133"/>
            <SP HPOS="2229" ID="PAG_00000056_SP000408" VPOS="3321" WIDTH="25"/>
            <String CONTENT="rideau" HEIGHT="34" HPOS="2254" ID="PAG_00000056_ST000500" STYLEREFS="TXT_1" VPOS="3321" WC="1" WIDTH="103"/>
            <SP HPOS="2357" ID="PAG_00000056_SP000409" VPOS="3321" WIDTH="1"/>
            <String CONTENT=":" HEIGHT="34" HPOS="2357" ID="PAG_00000056_ST000501" STYLEREFS="TXT_1" VPOS="3321" WC="1" WIDTH="45"/>
            <SP HPOS="2402" ID="PAG_00000056_SP000410" VPOS="3322" WIDTH="27"/>
            <String CONTENT="la" HEIGHT="33" HPOS="2429" ID="PAG_00000056_ST000502" STYLEREFS="TXT_1" VPOS="3322" WC="1" WIDTH="31"/>
            <SP HPOS="2460" ID="PAG_00000056_SP000411" VPOS="3322" WIDTH="27"/>
            <String CONTENT="batterie" HEIGHT="33" HPOS="2487" ID="PAG_00000056_ST000503" STYLEREFS="TXT_1" VPOS="3322" WC="1" WIDTH="148"/>
            <SP HPOS="2635" ID="PAG_00000056_SP000412" VPOS="3321" WIDTH="25"/>
            <String CONTENT="de" HEIGHT="34" HPOS="2660" ID="PAG_00000056_ST000504" STYLEREFS="TXT_1" VPOS="3321" WC="1" WIDTH="42"/>
            <SP HPOS="2702" ID="PAG_00000056_SP000413" VPOS="3323" WIDTH="25"/>
            <String CONTENT="cui-" HEIGHT="32" HPOS="2727" ID="PAG_00000056_ST000505" STYLEREFS="TXT_1" SUBS_CONTENT="cuisine," SUBS_TYPE="HypPart1" VPOS="3323" WC="1" WIDTH="71"/>
            <HYP CONTENT="-" HPOS="2798" VPOS="3355" WIDTH="30"/>
          </TextLine>
          <TextLine HEIGHT="45" HPOS="2023" ID="PAG_00000056_TL000093" STYLEREFS="TXT_1" VPOS="3363" WIDTH="775">
            <String CONTENT="sine," HEIGHT="40" HPOS="2023" ID="PAG_00000056_ST000506" STYLEREFS="TXT_1" SUBS_CONTENT="cuisine," SUBS_TYPE="HypPart2" VPOS="3363" WC="1" WIDTH="83"/>
            <SP HPOS="2106" ID="PAG_00000056_SP000414" VPOS="3376" WIDTH="19"/>
            <String CONTENT="non" HEIGHT="21" HPOS="2125" ID="PAG_00000056_ST000507" STYLEREFS="TXT_1" VPOS="3376" WC="1" WIDTH="68"/>
            <SP HPOS="2193" ID="PAG_00000056_SP000415" VPOS="3365" WIDTH="18"/>
            <String CONTENT="moins" HEIGHT="33" HPOS="2211" ID="PAG_00000056_ST000508" STYLEREFS="TXT_1" VPOS="3365" WC="1" WIDTH="112"/>
            <SP HPOS="2323" ID="PAG_00000056_SP000416" VPOS="3378" WIDTH="17"/>
            <String CONTENT="pauvre," HEIGHT="30" HPOS="2340" ID="PAG_00000056_ST000509" STYLEREFS="TXT_1" VPOS="3378" WC="1" WIDTH="145"/>
            <SP HPOS="2485" ID="PAG_00000056_SP000417" VPOS="3367" WIDTH="18"/>
            <String CONTENT="s'égrène" HEIGHT="41" HPOS="2503" ID="PAG_00000056_ST000510" STYLEREFS="TXT_1" VPOS="3367" WC="1" WIDTH="151"/>
            <SP HPOS="2654" ID="PAG_00000056_SP000418" VPOS="3375" WIDTH="16"/>
            <String CONTENT="autour" HEIGHT="25" HPOS="2670" ID="PAG_00000056_ST000511" STYLEREFS="TXT_1" VPOS="3375" WC="1" WIDTH="128"/>
          </TextLine>
          <TextLine HEIGHT="45" HPOS="2024" ID="PAG_00000056_TL000094" STYLEREFS="TXT_1" VPOS="3407" WIDTH="773">
            <String CONTENT="d'un" HEIGHT="33" HPOS="2024" ID="PAG_00000056_ST000512" STYLEREFS="TXT_1" VPOS="3407" WC="1" WIDTH="83"/>
            <SP HPOS="2107" ID="PAG_00000056_SP000419" VPOS="3409" WIDTH="17"/>
            <String CONTENT="petit" HEIGHT="41" HPOS="2124" ID="PAG_00000056_ST000513" STYLEREFS="TXT_1" VPOS="3409" WC="1" WIDTH="90"/>
            <SP HPOS="2214" ID="PAG_00000056_SP000420" VPOS="3409" WIDTH="16"/>
            <String CONTENT="fourneau" HEIGHT="43" HPOS="2230" ID="PAG_00000056_ST000514" STYLEREFS="TXT_1" VPOS="3409" WC="1" WIDTH="143"/>
            <SP HPOS="2373" ID="PAG_00000056_SP000421" VPOS="3409" WIDTH="1"/>
            <String CONTENT=";" HEIGHT="43" HPOS="2373" ID="PAG_00000056_ST000515" STYLEREFS="TXT_1" VPOS="3409" WC="1" WIDTH="48"/>
            <SP HPOS="2421" ID="PAG_00000056_SP000422" VPOS="3419" WIDTH="18"/>
            <String CONTENT="tout" HEIGHT="25" HPOS="2439" ID="PAG_00000056_ST000516" STYLEREFS="TXT_1" VPOS="3419" WC="1" WIDTH="79"/>
            <SP HPOS="2518" ID="PAG_00000056_SP000423" VPOS="3419" WIDTH="16"/>
            <String CONTENT="sent" HEIGHT="25" HPOS="2534" ID="PAG_00000056_ST000517" STYLEREFS="TXT_1" VPOS="3419" WC="1" WIDTH="77"/>
            <SP HPOS="2611" ID="PAG_00000056_SP000424" VPOS="3411" WIDTH="16"/>
            <String CONTENT="la" HEIGHT="33" HPOS="2627" ID="PAG_00000056_ST000518" STYLEREFS="TXT_1" VPOS="3411" WC="1" WIDTH="31"/>
            <SP HPOS="2658" ID="PAG_00000056_SP000425" VPOS="3411" WIDTH="17"/>
            <String CONTENT="misère" HEIGHT="34" HPOS="2675" ID="PAG_00000056_ST000519" STYLEREFS="TXT_1" VPOS="3411" WC="1" WIDTH="122"/>
          </TextLine>
          <TextLine HEIGHT="45" HPOS="2023" ID="PAG_00000056_TL000095" STYLEREFS="TXT_1" VPOS="3452" WIDTH="772">
            <String CONTENT="et" HEIGHT="24" HPOS="2023" ID="PAG_00000056_ST000520" STYLEREFS="TXT_1" VPOS="3461" WC="1" WIDTH="35"/>
            <SP HPOS="2058" ID="PAG_00000056_SP000426" VPOS="3452" WIDTH="21"/>
            <String CONTENT="la" HEIGHT="33" HPOS="2079" ID="PAG_00000056_ST000521" STYLEREFS="TXT_1" VPOS="3452" WC="1" WIDTH="31"/>
            <SP HPOS="2110" ID="PAG_00000056_SP000427" VPOS="3452" WIDTH="22"/>
            <String CONTENT="tristesse" HEIGHT="35" HPOS="2132" ID="PAG_00000056_ST000522" STYLEREFS="TXT_1" VPOS="3452" WC="1" WIDTH="156"/>
            <SP HPOS="2288" ID="PAG_00000056_SP000428" VPOS="3454" WIDTH="22"/>
            <String CONTENT="dans" HEIGHT="34" HPOS="2310" ID="PAG_00000056_ST000523" STYLEREFS="TXT_1" VPOS="3454" WC="1" WIDTH="87"/>
            <SP HPOS="2397" ID="PAG_00000056_SP000429" VPOS="3467" WIDTH="23"/>
            <String CONTENT="ce" HEIGHT="21" HPOS="2420" ID="PAG_00000056_ST000524" STYLEREFS="TXT_1" VPOS="3467" WC="1" WIDTH="37"/>
            <SP HPOS="2457" ID="PAG_00000056_SP000430" VPOS="3455" WIDTH="22"/>
            <String CONTENT="logis" HEIGHT="42" HPOS="2479" ID="PAG_00000056_ST000525" STYLEREFS="TXT_1" VPOS="3455" WC="1" WIDTH="83"/>
            <SP HPOS="2562" ID="PAG_00000056_SP000431" VPOS="3455" WIDTH="21"/>
            <String CONTENT="où" HEIGHT="34" HPOS="2583" ID="PAG_00000056_ST000526" STYLEREFS="TXT_1" VPOS="3455" WC="1" WIDTH="44"/>
            <SP HPOS="2627" ID="PAG_00000056_SP000432" VPOS="3455" WIDTH="22"/>
            <String CONTENT="chacun," HEIGHT="41" HPOS="2649" ID="PAG_00000056_ST000527" STYLEREFS="TXT_1" VPOS="3455" WC="1" WIDTH="146"/>
          </TextLine>
          <TextLine HEIGHT="45" HPOS="2023" ID="PAG_00000056_TL000096" STYLEREFS="TXT_1" VPOS="3496" WIDTH="772">
            <String CONTENT="derrière" HEIGHT="34" HPOS="2023" ID="PAG_00000056_ST000528" STYLEREFS="TXT_1" VPOS="3496" WC="1" WIDTH="146"/>
            <SP HPOS="2169" ID="PAG_00000056_SP000433" VPOS="3509" WIDTH="17"/>
            <String CONTENT="son" HEIGHT="22" HPOS="2186" ID="PAG_00000056_ST000529" STYLEREFS="TXT_1" VPOS="3509" WC="1" WIDTH="61"/>
            <SP HPOS="2247" ID="PAG_00000056_SP000434" VPOS="3499" WIDTH="17"/>
            <String CONTENT="métier," HEIGHT="41" HPOS="2264" ID="PAG_00000056_ST000530" STYLEREFS="TXT_1" VPOS="3499" WC="1" WIDTH="135"/>
            <SP HPOS="2399" ID="PAG_00000056_SP000435" VPOS="3499" WIDTH="17"/>
            <String CONTENT="l'homme," HEIGHT="42" HPOS="2416" ID="PAG_00000056_ST000531" STYLEREFS="TXT_1" VPOS="3499" WC="1" WIDTH="176"/>
            <SP HPOS="2592" ID="PAG_00000056_SP000436" VPOS="3500" WIDTH="17"/>
            <String CONTENT="la" HEIGHT="33" HPOS="2609" ID="PAG_00000056_ST000532" STYLEREFS="TXT_1" VPOS="3500" WC="1" WIDTH="32"/>
            <SP HPOS="2641" ID="PAG_00000056_SP000437" VPOS="3499" WIDTH="16"/>
            <String CONTENT="femme," HEIGHT="42" HPOS="2657" ID="PAG_00000056_ST000533" STYLEREFS="TXT_1" VPOS="3499" WC="1" WIDTH="138"/>
          </TextLine>
          <TextLine HEIGHT="42" HPOS="2023" ID="PAG_00000056_TL000097" STYLEREFS="TXT_1" VPOS="3542" WIDTH="772">
            <String CONTENT="et" HEIGHT="24" HPOS="2023" ID="PAG_00000056_ST000534" STYLEREFS="TXT_1" VPOS="3549" WC="1" WIDTH="34"/>
            <SP HPOS="2057" ID="PAG_00000056_SP000438" VPOS="3553" WIDTH="17"/>
            <String CONTENT="un" HEIGHT="20" HPOS="2074" ID="PAG_00000056_ST000535" STYLEREFS="TXT_1" VPOS="3553" WC="1" WIDTH="46"/>
            <SP HPOS="2120" ID="PAG_00000056_SP000439" VPOS="3542" WIDTH="17"/>
            <String CONTENT="troisième" HEIGHT="34" HPOS="2137" ID="PAG_00000056_ST000536" STYLEREFS="TXT_1" VPOS="3542" WC="1" WIDTH="176"/>
            <SP HPOS="2313" ID="PAG_00000056_SP000440" VPOS="3544" WIDTH="16"/>
            <String CONTENT="ouvrier," HEIGHT="40" HPOS="2329" ID="PAG_00000056_ST000537" STYLEREFS="TXT_1" VPOS="3544" WC="1" WIDTH="151"/>
            <SP HPOS="2480" ID="PAG_00000056_SP000441" VPOS="3544" WIDTH="17"/>
            <String CONTENT="font" HEIGHT="33" HPOS="2497" ID="PAG_00000056_ST000538" STYLEREFS="TXT_1" VPOS="3544" WC="1" WIDTH="78"/>
            <SP HPOS="2575" ID="PAG_00000056_SP000442" VPOS="3544" WIDTH="15"/>
            <String CONTENT="éclore" HEIGHT="33" HPOS="2590" ID="PAG_00000056_ST000539" STYLEREFS="TXT_1" VPOS="3544" WC="1" WIDTH="110"/>
            <SP HPOS="2700" ID="PAG_00000056_SP000443" VPOS="3557" WIDTH="17"/>
            <String CONTENT="sous" HEIGHT="21" HPOS="2717" ID="PAG_00000056_ST000540" STYLEREFS="TXT_1" VPOS="3557" WC="1" WIDTH="78"/>
          </TextLine>
          <TextLine HEIGHT="46" HPOS="2022" ID="PAG_00000056_TL000098" STYLEREFS="TXT_1" VPOS="3585" WIDTH="773">
            <String CONTENT="leurs" HEIGHT="33" HPOS="2022" ID="PAG_00000056_ST000541" STYLEREFS="TXT_1" VPOS="3585" WC="1" WIDTH="88"/>
            <SP HPOS="2110" ID="PAG_00000056_SP000444" VPOS="3585" WIDTH="54"/>
            <String CONTENT="doigts" HEIGHT="43" HPOS="2164" ID="PAG_00000056_ST000542" STYLEREFS="TXT_1" VPOS="3585" WC="1" WIDTH="116"/>
            <SP HPOS="2280" ID="PAG_00000056_SP000445" VPOS="3588" WIDTH="55"/>
            <String CONTENT="les" HEIGHT="33" HPOS="2335" ID="PAG_00000056_ST000543" STYLEREFS="TXT_1" VPOS="3588" WC="1" WIDTH="46"/>
            <SP HPOS="2381" ID="PAG_00000056_SP000446" VPOS="3589" WIDTH="56"/>
            <String CONTENT="plus" HEIGHT="41" HPOS="2437" ID="PAG_00000056_ST000544" STYLEREFS="TXT_1" VPOS="3589" WC="1" WIDTH="76"/>
            <SP HPOS="2513" ID="PAG_00000056_SP000447" VPOS="3588" WIDTH="54"/>
            <String CONTENT="magnifiques" HEIGHT="43" HPOS="2567" ID="PAG_00000056_ST000545" STYLEREFS="TXT_1" VPOS="3588" WC="1" WIDTH="228"/>
          </TextLine>
          <TextLine HEIGHT="43" HPOS="2022" ID="PAG_00000056_TL000099" STYLEREFS="TXT_1" VPOS="3629" WIDTH="772">
            <String CONTENT="soieries" HEIGHT="33" HPOS="2022" ID="PAG_00000056_ST000546" STYLEREFS="TXT_1" VPOS="3629" WC="1" WIDTH="135"/>
            <SP HPOS="2157" ID="PAG_00000056_SP000448" VPOS="3643" WIDTH="19"/>
            <String CONTENT="que" HEIGHT="29" HPOS="2176" ID="PAG_00000056_ST000547" STYLEREFS="TXT_1" VPOS="3643" WC="1" WIDTH="68"/>
            <SP HPOS="2244" ID="PAG_00000056_SP000449" VPOS="3644" WIDTH="17"/>
            <String CONTENT="ces" HEIGHT="21" HPOS="2261" ID="PAG_00000056_ST000548" STYLEREFS="TXT_1" VPOS="3644" WC="1" WIDTH="55"/>
            <SP HPOS="2316" ID="PAG_00000056_SP000450" VPOS="3632" WIDTH="18"/>
            <String CONTENT="dernières" HEIGHT="34" HPOS="2334" ID="PAG_00000056_ST000549" STYLEREFS="TXT_1" VPOS="3632" WC="0.98" WIDTH="173"/>
            <SP HPOS="2507" ID="PAG_00000056_SP000451" VPOS="3633" WIDTH="18"/>
            <String CONTENT="années" HEIGHT="33" HPOS="2525" ID="PAG_00000056_ST000550" STYLEREFS="TXT_1" VPOS="3633" WC="1" WIDTH="126"/>
            <SP HPOS="2651" ID="PAG_00000056_SP000452" VPOS="3642" WIDTH="17"/>
            <String CONTENT="ont" HEIGHT="24" HPOS="2668" ID="PAG_00000056_ST000551" STYLEREFS="TXT_1" VPOS="3642" WC="1" WIDTH="64"/>
            <SP HPOS="2732" ID="PAG_00000056_SP000453" VPOS="3646" WIDTH="17"/>
            <String CONTENT="vu" HEIGHT="21" HPOS="2749" ID="PAG_00000056_ST000552" STYLEREFS="TXT_1" VPOS="3646" WC="1" WIDTH="45"/>
          </TextLine>
          <TextLine HEIGHT="45" HPOS="2021" ID="PAG_00000056_TL000100" STYLEREFS="TXT_1" VPOS="3674" WIDTH="774">
            <String CONTENT="créer" HEIGHT="32" HPOS="2021" ID="PAG_00000056_ST000553" STYLEREFS="TXT_1" VPOS="3674" WC="1" WIDTH="78"/>
            <SP HPOS="2099" ID="PAG_00000056_SP000454" VPOS="3674" WIDTH="1"/>
            <String CONTENT=":" HEIGHT="32" HPOS="2099" ID="PAG_00000056_ST000554" STYLEREFS="TXT_1" VPOS="3674" WC="1" WIDTH="40"/>
            <SP HPOS="2139" ID="PAG_00000056_SP000455" VPOS="3675" WIDTH="24"/>
            <String CONTENT="c'est" HEIGHT="33" HPOS="2163" ID="PAG_00000056_ST000555" STYLEREFS="TXT_1" VPOS="3675" WC="1" WIDTH="86"/>
            <SP HPOS="2249" ID="PAG_00000056_SP000456" VPOS="3676" WIDTH="23"/>
            <String CONTENT="l'or" HEIGHT="32" HPOS="2272" ID="PAG_00000056_ST000556" STYLEREFS="TXT_1" VPOS="3676" WC="1" WIDTH="64"/>
            <SP HPOS="2336" ID="PAG_00000056_SP000457" VPOS="3685" WIDTH="22"/>
            <String CONTENT="et" HEIGHT="25" HPOS="2358" ID="PAG_00000056_ST000557" STYLEREFS="TXT_1" VPOS="3685" WC="1" WIDTH="35"/>
            <SP HPOS="2393" ID="PAG_00000056_SP000458" VPOS="3677" WIDTH="23"/>
            <String CONTENT="l'argent," HEIGHT="42" HPOS="2416" ID="PAG_00000056_ST000558" STYLEREFS="TXT_1" VPOS="3677" WC="1" WIDTH="159"/>
            <SP HPOS="2575" ID="PAG_00000056_SP000459" VPOS="3678" WIDTH="24"/>
            <String CONTENT="le" HEIGHT="32" HPOS="2599" ID="PAG_00000056_ST000559" STYLEREFS="TXT_1" VPOS="3678" WC="1" WIDTH="29"/>
            <SP HPOS="2628" ID="PAG_00000056_SP000460" VPOS="3678" WIDTH="24"/>
            <String CONTENT="bleu" HEIGHT="33" HPOS="2652" ID="PAG_00000056_ST000560" STYLEREFS="TXT_1" VPOS="3678" WC="1" WIDTH="77"/>
            <SP HPOS="2729" ID="PAG_00000056_SP000461" VPOS="3678" WIDTH="25"/>
            <String CONTENT="de" HEIGHT="33" HPOS="2754" ID="PAG_00000056_ST000561" STYLEREFS="TXT_1" VPOS="3678" WC="1" WIDTH="41"/>
          </TextLine>
          <TextLine HEIGHT="47" HPOS="2021" ID="PAG_00000056_TL000101" STYLEREFS="TXT_1" VPOS="3717" WIDTH="775">
            <String CONTENT="la" HEIGHT="33" HPOS="2021" ID="PAG_00000056_ST000562" STYLEREFS="TXT_1" VPOS="3717" WC="1" WIDTH="31"/>
            <SP HPOS="2052" ID="PAG_00000056_SP000462" VPOS="3730" WIDTH="21"/>
            <String CONTENT="mer" HEIGHT="21" HPOS="2073" ID="PAG_00000056_ST000563" STYLEREFS="TXT_1" VPOS="3730" WC="1" WIDTH="71"/>
            <SP HPOS="2144" ID="PAG_00000056_SP000463" VPOS="3728" WIDTH="19"/>
            <String CONTENT="et" HEIGHT="24" HPOS="2163" ID="PAG_00000056_ST000564" STYLEREFS="TXT_1" VPOS="3728" WC="1" WIDTH="34"/>
            <SP HPOS="2197" ID="PAG_00000056_SP000464" VPOS="3719" WIDTH="20"/>
            <String CONTENT="du" HEIGHT="33" HPOS="2217" ID="PAG_00000056_ST000565" STYLEREFS="TXT_1" VPOS="3719" WC="1" WIDTH="46"/>
            <SP HPOS="2263" ID="PAG_00000056_SP000465" VPOS="3720" WIDTH="21"/>
            <String CONTENT="ciel," HEIGHT="41" HPOS="2284" ID="PAG_00000056_ST000566" STYLEREFS="TXT_1" VPOS="3720" WC="1" WIDTH="75"/>
            <SP HPOS="2359" ID="PAG_00000056_SP000466" VPOS="3721" WIDTH="21"/>
            <String CONTENT="qui" HEIGHT="42" HPOS="2380" ID="PAG_00000056_ST000567" STYLEREFS="TXT_1" VPOS="3721" WC="1" WIDTH="60"/>
            <SP HPOS="2440" ID="PAG_00000056_SP000467" VPOS="3722" WIDTH="20"/>
            <String CONTENT="apparaissent" HEIGHT="42" HPOS="2460" ID="PAG_00000056_ST000568" STYLEREFS="TXT_1" VPOS="3722" WC="1" WIDTH="242"/>
            <SP HPOS="2702" ID="PAG_00000056_SP000468" VPOS="3722" WIDTH="19"/>
            <String CONTENT="der-" HEIGHT="34" HPOS="2721" ID="PAG_00000056_ST000569" STYLEREFS="TXT_1" SUBS_CONTENT="derrière" SUBS_TYPE="HypPart1" VPOS="3722" WC="1" WIDTH="75"/>
            <HYP CONTENT="-" HPOS="2796" VPOS="3756" WIDTH="30"/>
          </TextLine>
          <TextLine HEIGHT="45" HPOS="2021" ID="PAG_00000056_TL000102" STYLEREFS="TXT_1" VPOS="3762" WIDTH="774">
            <String CONTENT="rière" HEIGHT="33" HPOS="2021" ID="PAG_00000056_ST000570" STYLEREFS="TXT_1" SUBS_CONTENT="derrière" SUBS_TYPE="HypPart2" VPOS="3762" WC="1" WIDTH="84"/>
            <SP HPOS="2105" ID="PAG_00000056_SP000469" VPOS="3762" WIDTH="19"/>
            <String CONTENT="les" HEIGHT="33" HPOS="2124" ID="PAG_00000056_ST000571" STYLEREFS="TXT_1" VPOS="3762" WC="1" WIDTH="45"/>
            <SP HPOS="2169" ID="PAG_00000056_SP000470" VPOS="3764" WIDTH="25"/>
            <String CONTENT="16.000" HEIGHT="33" HPOS="2194" ID="PAG_00000056_ST000572" STYLEREFS="TXT_1" VPOS="3764" WC="1" WIDTH="120"/>
            <SP HPOS="2314" ID="PAG_00000056_SP000471" VPOS="3765" WIDTH="18"/>
            <String CONTENT="fils" HEIGHT="33" HPOS="2332" ID="PAG_00000056_ST000573" STYLEREFS="TXT_1" VPOS="3765" WC="1" WIDTH="52"/>
            <SP HPOS="2384" ID="PAG_00000056_SP000472" VPOS="3766" WIDTH="20"/>
            <String CONTENT="du" HEIGHT="32" HPOS="2404" ID="PAG_00000056_ST000574" STYLEREFS="TXT_1" VPOS="3766" WC="1" WIDTH="46"/>
            <SP HPOS="2450" ID="PAG_00000056_SP000473" VPOS="3766" WIDTH="20"/>
            <String CONTENT="métier," HEIGHT="41" HPOS="2470" ID="PAG_00000056_ST000575" STYLEREFS="TXT_1" VPOS="3766" WC="1" WIDTH="132"/>
            <SP HPOS="2602" ID="PAG_00000056_SP000474" VPOS="3766" WIDTH="20"/>
            <String CONTENT="à" HEIGHT="33" HPOS="2622" ID="PAG_00000056_ST000576" STYLEREFS="TXT_1" VPOS="3766" WC="1" WIDTH="18"/>
            <SP HPOS="2640" ID="PAG_00000056_SP000475" VPOS="3778" WIDTH="21"/>
            <String CONTENT="mesure" HEIGHT="22" HPOS="2661" ID="PAG_00000056_ST000577" STYLEREFS="TXT_1" VPOS="3778" WC="1" WIDTH="134"/>
          </TextLine>
          <TextLine HEIGHT="46" HPOS="2020" ID="PAG_00000056_TL000103" STYLEREFS="TXT_1" VPOS="3806" WIDTH="772">
            <String CONTENT="que" HEIGHT="29" HPOS="2020" ID="PAG_00000056_ST000578" STYLEREFS="TXT_1" VPOS="3819" WC="1" WIDTH="67"/>
            <SP HPOS="2087" ID="PAG_00000056_SP000476" VPOS="3806" WIDTH="40"/>
            <String CONTENT="des" HEIGHT="34" HPOS="2127" ID="PAG_00000056_ST000579" STYLEREFS="TXT_1" VPOS="3806" WC="1" WIDTH="58"/>
            <SP HPOS="2185" ID="PAG_00000056_SP000477" VPOS="3808" WIDTH="41"/>
            <String CONTENT="pieds" HEIGHT="42" HPOS="2226" ID="PAG_00000056_ST000580" STYLEREFS="TXT_1" VPOS="3808" WC="1" WIDTH="98"/>
            <SP HPOS="2324" ID="PAG_00000056_SP000478" VPOS="3818" WIDTH="42"/>
            <String CONTENT="et" HEIGHT="25" HPOS="2366" ID="PAG_00000056_ST000581" STYLEREFS="TXT_1" VPOS="3818" WC="1" WIDTH="35"/>
            <SP HPOS="2401" ID="PAG_00000056_SP000479" VPOS="3810" WIDTH="40"/>
            <String CONTENT="des" HEIGHT="34" HPOS="2441" ID="PAG_00000056_ST000582" STYLEREFS="TXT_1" VPOS="3810" WC="1" WIDTH="59"/>
            <SP HPOS="2500" ID="PAG_00000056_SP000480" VPOS="3810" WIDTH="40"/>
            <String CONTENT="deux" HEIGHT="34" HPOS="2540" ID="PAG_00000056_ST000583" STYLEREFS="TXT_1" VPOS="3810" WC="1" WIDTH="89"/>
            <SP HPOS="2629" ID="PAG_00000056_SP000481" VPOS="3812" WIDTH="41"/>
            <String CONTENT="mains," HEIGHT="40" HPOS="2670" ID="PAG_00000056_ST000584" STYLEREFS="TXT_1" VPOS="3812" WC="1" WIDTH="122"/>
          </TextLine>
          <TextLine HEIGHT="46" HPOS="2020" ID="PAG_00000056_TL000104" STYLEREFS="TXT_1" VPOS="3851" WIDTH="773">
            <String CONTENT="l'ouvrier" HEIGHT="33" HPOS="2020" ID="PAG_00000056_ST000585" STYLEREFS="TXT_1" VPOS="3851" WC="1" WIDTH="162"/>
            <SP HPOS="2182" ID="PAG_00000056_SP000482" VPOS="3853" WIDTH="24"/>
            <String CONTENT="travaille." HEIGHT="34" HPOS="2206" ID="PAG_00000056_ST000586" STYLEREFS="TXT_1" VPOS="3853" WC="1" WIDTH="172"/>
            <SP HPOS="2378" ID="PAG_00000056_SP000483" VPOS="3855" WIDTH="49"/>
            <String CONTENT="Chaque" HEIGHT="42" HPOS="2427" ID="PAG_00000056_ST000587" STYLEREFS="TXT_1" VPOS="3855" WC="1" WIDTH="147"/>
            <SP HPOS="2574" ID="PAG_00000056_SP000484" VPOS="3855" WIDTH="23"/>
            <String CONTENT="métier" HEIGHT="33" HPOS="2597" ID="PAG_00000056_ST000588" STYLEREFS="TXT_1" VPOS="3855" WC="1" WIDTH="122"/>
            <SP HPOS="2719" ID="PAG_00000056_SP000485" VPOS="3865" WIDTH="22"/>
            <String CONTENT="est" HEIGHT="24" HPOS="2741" ID="PAG_00000056_ST000589" STYLEREFS="TXT_1" VPOS="3865" WC="1" WIDTH="52"/>
          </TextLine>
          <TextLine HEIGHT="44" HPOS="2020" ID="PAG_00000056_TL000105" STYLEREFS="TXT_1" VPOS="3897" WIDTH="772">
            <String CONTENT="comme" HEIGHT="21" HPOS="2020" ID="PAG_00000056_ST000590" STYLEREFS="TXT_1" VPOS="3907" WC="1" WIDTH="134"/>
            <SP HPOS="2154" ID="PAG_00000056_SP000486" VPOS="3908" WIDTH="15"/>
            <String CONTENT="une" HEIGHT="22" HPOS="2169" ID="PAG_00000056_ST000591" STYLEREFS="TXT_1" VPOS="3908" WC="1" WIDTH="68"/>
            <SP HPOS="2237" ID="PAG_00000056_SP000487" VPOS="3897" WIDTH="16"/>
            <String CONTENT="pièce" HEIGHT="42" HPOS="2253" ID="PAG_00000056_ST000592" STYLEREFS="TXT_1" VPOS="3897" WC="1" WIDTH="96"/>
            <SP HPOS="2349" ID="PAG_00000056_SP000488" VPOS="3898" WIDTH="16"/>
            <String CONTENT="d'horlogerie" HEIGHT="43" HPOS="2365" ID="PAG_00000056_ST000593" STYLEREFS="TXT_1" VPOS="3898" WC="1" WIDTH="228"/>
            <SP HPOS="2593" ID="PAG_00000056_SP000489" VPOS="3908" WIDTH="15"/>
            <String CONTENT="et" HEIGHT="25" HPOS="2608" ID="PAG_00000056_ST000594" STYLEREFS="TXT_1" VPOS="3908" WC="1" WIDTH="35"/>
            <SP HPOS="2643" ID="PAG_00000056_SP000490" VPOS="3900" WIDTH="16"/>
            <String CONTENT="chacun" HEIGHT="33" HPOS="2659" ID="PAG_00000056_ST000595" STYLEREFS="TXT_1" VPOS="3900" WC="1" WIDTH="133"/>
          </TextLine>
          <TextLine HEIGHT="48" HPOS="2020" ID="PAG_00000056_TL000106" STYLEREFS="TXT_1" VPOS="3939" WIDTH="774">
            <String CONTENT="des" HEIGHT="34" HPOS="2020" ID="PAG_00000056_ST000596" STYLEREFS="TXT_1" VPOS="3939" WC="1" WIDTH="58"/>
            <SP HPOS="2078" ID="PAG_00000056_SP000491" VPOS="3940" WIDTH="24"/>
            <String CONTENT="ouvriers" HEIGHT="34" HPOS="2102" ID="PAG_00000056_ST000597" STYLEREFS="TXT_1" VPOS="3940" WC="1" WIDTH="155"/>
            <SP HPOS="2257" ID="PAG_00000056_SP000492" VPOS="3954" WIDTH="26"/>
            <String CONTENT="ne" HEIGHT="21" HPOS="2283" ID="PAG_00000056_ST000598" STYLEREFS="TXT_1" VPOS="3954" WC="1" WIDTH="43"/>
            <SP HPOS="2326" ID="PAG_00000056_SP000493" VPOS="3952" WIDTH="24"/>
            <String CONTENT="peut" HEIGHT="33" HPOS="2350" ID="PAG_00000056_ST000599" STYLEREFS="TXT_1" VPOS="3952" WC="1" WIDTH="87"/>
            <SP HPOS="2437" ID="PAG_00000056_SP000494" VPOS="3944" WIDTH="24"/>
            <String CONTENT="tisser" HEIGHT="33" HPOS="2461" ID="PAG_00000056_ST000600" STYLEREFS="TXT_1" VPOS="3944" WC="1" WIDTH="99"/>
            <SP HPOS="2560" ID="PAG_00000056_SP000495" VPOS="3944" WIDTH="23"/>
            <String CONTENT="plus" HEIGHT="42" HPOS="2583" ID="PAG_00000056_ST000601" STYLEREFS="TXT_1" VPOS="3944" WC="1" WIDTH="77"/>
            <SP HPOS="2660" ID="PAG_00000056_SP000496" VPOS="3944" WIDTH="25"/>
            <String CONTENT="de" HEIGHT="33" HPOS="2685" ID="PAG_00000056_ST000602" STYLEREFS="TXT_1" VPOS="3944" WC="1" WIDTH="42"/>
            <SP HPOS="2727" ID="PAG_00000056_SP000497" VPOS="3955" WIDTH="25"/>
            <String CONTENT="50" HEIGHT="32" HPOS="2752" ID="PAG_00000056_ST000603" STYLEREFS="TXT_1" VPOS="3955" WC="0.83" WIDTH="42"/>
          </TextLine>
          <TextLine HEIGHT="45" HPOS="2020" ID="PAG_00000056_TL000107" STYLEREFS="TXT_1" VPOS="3984" WIDTH="773">
            <String CONTENT="centimètres" HEIGHT="34" HPOS="2020" ID="PAG_00000056_ST000604" STYLEREFS="TXT_1" VPOS="3984" WC="1" WIDTH="219"/>
            <SP HPOS="2239" ID="PAG_00000056_SP000498" VPOS="3999" WIDTH="23"/>
            <String CONTENT="par" HEIGHT="29" HPOS="2262" ID="PAG_00000056_ST000605" STYLEREFS="TXT_1" VPOS="3999" WC="1" WIDTH="64"/>
            <SP HPOS="2326" ID="PAG_00000056_SP000499" VPOS="3988" WIDTH="19"/>
            <String CONTENT="jour," HEIGHT="41" HPOS="2345" ID="PAG_00000056_ST000606" STYLEREFS="TXT_1" VPOS="3988" WC="1" WIDTH="92"/>
            <SP HPOS="2437" ID="PAG_00000056_SP000500" VPOS="3988" WIDTH="23"/>
            <String CONTENT="de" HEIGHT="34" HPOS="2460" ID="PAG_00000056_ST000607" STYLEREFS="TXT_1" VPOS="3988" WC="1" WIDTH="43"/>
            <SP HPOS="2503" ID="PAG_00000056_SP000501" VPOS="4000" WIDTH="21"/>
            <String CONTENT="ces" HEIGHT="22" HPOS="2524" ID="PAG_00000056_ST000608" STYLEREFS="TXT_1" VPOS="4000" WC="1" WIDTH="53"/>
            <SP HPOS="2577" ID="PAG_00000056_SP000502" VPOS="3989" WIDTH="22"/>
            <String CONTENT="velours" HEIGHT="33" HPOS="2599" ID="PAG_00000056_ST000609" STYLEREFS="TXT_1" VPOS="3989" WC="1" WIDTH="137"/>
            <SP HPOS="2736" ID="PAG_00000056_SP000503" VPOS="3998" WIDTH="22"/>
            <String CONTENT="et" HEIGHT="25" HPOS="2758" ID="PAG_00000056_ST000610" STYLEREFS="TXT_1" VPOS="3998" WC="1" WIDTH="35"/>
          </TextLine>
          <TextLine HEIGHT="46" HPOS="2019" ID="PAG_00000056_TL000108" STYLEREFS="TXT_1" VPOS="4028" WIDTH="774">
            <String CONTENT="de" HEIGHT="33" HPOS="2019" ID="PAG_00000056_ST000611" STYLEREFS="TXT_1" VPOS="4028" WC="1" WIDTH="42"/>
            <SP HPOS="2061" ID="PAG_00000056_SP000504" VPOS="4041" WIDTH="22"/>
            <String CONTENT="ces" HEIGHT="21" HPOS="2083" ID="PAG_00000056_ST000612" STYLEREFS="TXT_1" VPOS="4041" WC="1" WIDTH="53"/>
            <SP HPOS="2136" ID="PAG_00000056_SP000505" VPOS="4029" WIDTH="22"/>
            <String CONTENT="soies" HEIGHT="34" HPOS="2158" ID="PAG_00000056_ST000613" STYLEREFS="TXT_1" VPOS="4029" WC="1" WIDTH="87"/>
            <SP HPOS="2245" ID="PAG_00000056_SP000506" VPOS="4030" WIDTH="23"/>
            <String CONTENT="destinés" HEIGHT="35" HPOS="2268" ID="PAG_00000056_ST000614" STYLEREFS="TXT_1" VPOS="4030" WC="1" WIDTH="154"/>
            <SP HPOS="2422" ID="PAG_00000056_SP000507" VPOS="4045" WIDTH="24"/>
            <String CONTENT="aux" HEIGHT="21" HPOS="2446" ID="PAG_00000056_ST000615" STYLEREFS="TXT_1" VPOS="4045" WC="1" WIDTH="67"/>
            <SP HPOS="2513" ID="PAG_00000056_SP000508" VPOS="4033" WIDTH="22"/>
            <String CONTENT="girandoles" HEIGHT="41" HPOS="2535" ID="PAG_00000056_ST000616" STYLEREFS="TXT_1" VPOS="4033" WC="1" WIDTH="193"/>
            <SP HPOS="2728" ID="PAG_00000056_SP000509" VPOS="4034" WIDTH="22"/>
            <String CONTENT="de" HEIGHT="34" HPOS="2750" ID="PAG_00000056_ST000617" STYLEREFS="TXT_1" VPOS="4034" WC="1" WIDTH="43"/>
          </TextLine>
          <TextLine HEIGHT="47" HPOS="2019" ID="PAG_00000056_TL000109" STYLEREFS="TXT_1" VPOS="4073" WIDTH="771">
            <String CONTENT="lumière" HEIGHT="33" HPOS="2019" ID="PAG_00000056_ST000618" STYLEREFS="TXT_1" VPOS="4073" WC="1" WIDTH="140"/>
            <SP HPOS="2159" ID="PAG_00000056_SP000510" VPOS="4073" WIDTH="28"/>
            <String CONTENT="des" HEIGHT="34" HPOS="2187" ID="PAG_00000056_ST000619" STYLEREFS="TXT_1" VPOS="4073" WC="1" WIDTH="60"/>
            <SP HPOS="2247" ID="PAG_00000056_SP000511" VPOS="4076" WIDTH="30"/>
            <String CONTENT="salles" HEIGHT="33" HPOS="2277" ID="PAG_00000056_ST000620" STYLEREFS="TXT_1" VPOS="4076" WC="1" WIDTH="100"/>
            <SP HPOS="2377" ID="PAG_00000056_SP000512" VPOS="4077" WIDTH="30"/>
            <String CONTENT="de" HEIGHT="33" HPOS="2407" ID="PAG_00000056_ST000621" STYLEREFS="TXT_1" VPOS="4077" WC="1" WIDTH="44"/>
            <SP HPOS="2451" ID="PAG_00000056_SP000513" VPOS="4077" WIDTH="29"/>
            <String CONTENT="bal" HEIGHT="33" HPOS="2480" ID="PAG_00000056_ST000622" STYLEREFS="TXT_1" VPOS="4077" WC="1" WIDTH="55"/>
            <SP HPOS="2535" ID="PAG_00000056_SP000514" VPOS="4086" WIDTH="29"/>
            <String CONTENT="et" HEIGHT="25" HPOS="2564" ID="PAG_00000056_ST000623" STYLEREFS="TXT_1" VPOS="4086" WC="1" WIDTH="35"/>
            <SP HPOS="2599" ID="PAG_00000056_SP000515" VPOS="4078" WIDTH="28"/>
            <String CONTENT="d'Opéra." HEIGHT="42" HPOS="2627" ID="PAG_00000056_ST000624" STYLEREFS="TXT_1" VPOS="4078" WC="1" WIDTH="163"/>
          </TextLine>
        </TextBlock>
        <TextBlock HEIGHT="669" HPOS="2008" ID="PAG_00000056_TB000014" STYLEREFS="TXT_1" VPOS="4117" WIDTH="783" language="fr">
          <TextLine HEIGHT="48" HPOS="2020" ID="PAG_00000056_TL000110" STYLEREFS="TXT_1" VPOS="4117" WIDTH="770">
            <String CONTENT="Il" HEIGHT="32" HPOS="2020" ID="PAG_00000056_ST000625" STYLEREFS="TXT_1" VPOS="4117" WC="0.99" WIDTH="26"/>
            <SP HPOS="2046" ID="PAG_00000056_SP000516" VPOS="4126" WIDTH="26"/>
            <String CONTENT="est" HEIGHT="24" HPOS="2072" ID="PAG_00000056_ST000626" STYLEREFS="TXT_1" VPOS="4126" WC="1" WIDTH="52"/>
            <SP HPOS="2124" ID="PAG_00000056_SP000517" VPOS="4117" WIDTH="26"/>
            <String CONTENT="invraisemblable" HEIGHT="37" HPOS="2150" ID="PAG_00000056_ST000627" STYLEREFS="TXT_1" VPOS="4117" WC="1" WIDTH="308"/>
            <SP HPOS="2458" ID="PAG_00000056_SP000518" VPOS="4121" WIDTH="25"/>
            <String CONTENT="de" HEIGHT="34" HPOS="2483" ID="PAG_00000056_ST000628" STYLEREFS="TXT_1" VPOS="4121" WC="1" WIDTH="42"/>
            <SP HPOS="2525" ID="PAG_00000056_SP000519" VPOS="4135" WIDTH="25"/>
            <String CONTENT="penser," HEIGHT="28" HPOS="2550" ID="PAG_00000056_ST000629" STYLEREFS="TXT_1" VPOS="4135" WC="1" WIDTH="133"/>
            <SP HPOS="2683" ID="PAG_00000056_SP000520" VPOS="4124" WIDTH="27"/>
            <String CONTENT="qu'à" HEIGHT="41" HPOS="2710" ID="PAG_00000056_ST000630" STYLEREFS="TXT_1" VPOS="4124" WC="1" WIDTH="80"/>
          </TextLine>
          <TextLine HEIGHT="49" HPOS="2018" ID="PAG_00000056_TL000111" STYLEREFS="TXT_1" VPOS="4161" WIDTH="773">
            <String CONTENT="peine" HEIGHT="42" HPOS="2018" ID="PAG_00000056_ST000631" STYLEREFS="TXT_1" VPOS="4161" WC="1" WIDTH="98"/>
            <SP HPOS="2116" ID="PAG_00000056_SP000521" VPOS="4162" WIDTH="38"/>
            <String CONTENT="éclairé" HEIGHT="34" HPOS="2154" ID="PAG_00000056_ST000632" STYLEREFS="TXT_1" VPOS="4162" WC="1" WIDTH="124"/>
            <SP HPOS="2278" ID="PAG_00000056_SP000522" VPOS="4177" WIDTH="40"/>
            <String CONTENT="par" HEIGHT="29" HPOS="2318" ID="PAG_00000056_ST000633" STYLEREFS="TXT_1" VPOS="4177" WC="1" WIDTH="64"/>
            <SP HPOS="2382" ID="PAG_00000056_SP000523" VPOS="4178" WIDTH="39"/>
            <String CONTENT="une" HEIGHT="21" HPOS="2421" ID="PAG_00000056_ST000634" STYLEREFS="TXT_1" VPOS="4178" WC="1" WIDTH="68"/>
            <SP HPOS="2489" ID="PAG_00000056_SP000524" VPOS="4167" WIDTH="39"/>
            <String CONTENT="petite" HEIGHT="41" HPOS="2528" ID="PAG_00000056_ST000635" STYLEREFS="TXT_1" VPOS="4167" WC="1" WIDTH="110"/>
            <SP HPOS="2638" ID="PAG_00000056_SP000525" VPOS="4167" WIDTH="39"/>
            <String CONTENT="lampe" HEIGHT="43" HPOS="2677" ID="PAG_00000056_ST000636" STYLEREFS="TXT_1" VPOS="4167" WC="1" WIDTH="114"/>
          </TextLine>
          <TextLine HEIGHT="46" HPOS="2016" ID="PAG_00000056_TL000112" STYLEREFS="TXT_1" VPOS="4206" WIDTH="775">
            <String CONTENT="électrique," HEIGHT="42" HPOS="2016" ID="PAG_00000056_ST000637" STYLEREFS="TXT_1" VPOS="4206" WC="1" WIDTH="198"/>
            <SP HPOS="2214" ID="PAG_00000056_SP000526" VPOS="4208" WIDTH="38"/>
            <String CONTENT="fixée" HEIGHT="34" HPOS="2252" ID="PAG_00000056_ST000638" STYLEREFS="TXT_1" VPOS="4208" WC="1" WIDTH="87"/>
            <SP HPOS="2339" ID="PAG_00000056_SP000527" VPOS="4222" WIDTH="37"/>
            <String CONTENT="au" HEIGHT="21" HPOS="2376" ID="PAG_00000056_ST000639" STYLEREFS="TXT_1" VPOS="4222" WC="1" WIDTH="44"/>
            <SP HPOS="2420" ID="PAG_00000056_SP000528" VPOS="4211" WIDTH="38"/>
            <String CONTENT="métier," HEIGHT="41" HPOS="2458" ID="PAG_00000056_ST000640" STYLEREFS="TXT_1" VPOS="4211" WC="1" WIDTH="133"/>
            <SP HPOS="2591" ID="PAG_00000056_SP000529" VPOS="4211" WIDTH="37"/>
            <String CONTENT="l'ouvrier" HEIGHT="35" HPOS="2628" ID="PAG_00000056_ST000641" STYLEREFS="TXT_1" VPOS="4211" WC="1" WIDTH="163"/>
          </TextLine>
          <TextLine HEIGHT="48" HPOS="2016" ID="PAG_00000056_TL000113" STYLEREFS="TXT_1" VPOS="4250" WIDTH="774">
            <String CONTENT="puisse" HEIGHT="41" HPOS="2016" ID="PAG_00000056_ST000642" STYLEREFS="TXT_1" VPOS="4250" WC="1" WIDTH="114"/>
            <SP HPOS="2130" ID="PAG_00000056_SP000530" VPOS="4250" WIDTH="31"/>
            <String CONTENT="dans" HEIGHT="34" HPOS="2161" ID="PAG_00000056_ST000643" STYLEREFS="TXT_1" VPOS="4250" WC="1" WIDTH="88"/>
            <SP HPOS="2249" ID="PAG_00000056_SP000531" VPOS="4265" WIDTH="32"/>
            <String CONTENT="ce" HEIGHT="21" HPOS="2281" ID="PAG_00000056_ST000644" STYLEREFS="TXT_1" VPOS="4265" WC="1" WIDTH="38"/>
            <SP HPOS="2319" ID="PAG_00000056_SP000532" VPOS="4254" WIDTH="32"/>
            <String CONTENT="cadre" HEIGHT="33" HPOS="2351" ID="PAG_00000056_ST000645" STYLEREFS="TXT_1" VPOS="4254" WC="1" WIDTH="104"/>
            <SP HPOS="2455" ID="PAG_00000056_SP000533" VPOS="4255" WIDTH="32"/>
            <String CONTENT="misérable," HEIGHT="41" HPOS="2487" ID="PAG_00000056_ST000646" STYLEREFS="TXT_1" VPOS="4255" WC="1" WIDTH="193"/>
            <SP HPOS="2680" ID="PAG_00000056_SP000534" VPOS="4269" WIDTH="33"/>
            <String CONTENT="pro-" HEIGHT="29" HPOS="2713" ID="PAG_00000056_ST000647" STYLEREFS="TXT_1" SUBS_CONTENT="produire" SUBS_TYPE="HypPart1" VPOS="4269" WC="1" WIDTH="77"/>
            <HYP CONTENT="-" HPOS="2790" VPOS="4298" WIDTH="30"/>
          </TextLine>
          <TextLine HEIGHT="47" HPOS="2014" ID="PAG_00000056_TL000114" STYLEREFS="TXT_1" VPOS="4294" WIDTH="773">
            <String CONTENT="duire" HEIGHT="34" HPOS="2014" ID="PAG_00000056_ST000648" STYLEREFS="TXT_1" SUBS_CONTENT="produire" SUBS_TYPE="HypPart2" VPOS="4294" WC="1" WIDTH="98"/>
            <SP HPOS="2112" ID="PAG_00000056_SP000535" VPOS="4307" WIDTH="24"/>
            <String CONTENT="un" HEIGHT="21" HPOS="2136" ID="PAG_00000056_ST000649" STYLEREFS="TXT_1" VPOS="4307" WC="1" WIDTH="47"/>
            <SP HPOS="2183" ID="PAG_00000056_SP000536" VPOS="4298" WIDTH="26"/>
            <String CONTENT="travail" HEIGHT="32" HPOS="2209" ID="PAG_00000056_ST000650" STYLEREFS="TXT_1" VPOS="4298" WC="1" WIDTH="128"/>
            <SP HPOS="2337" ID="PAG_00000056_SP000537" VPOS="4299" WIDTH="26"/>
            <String CONTENT="aussi" HEIGHT="33" HPOS="2363" ID="PAG_00000056_ST000651" STYLEREFS="TXT_1" VPOS="4299" WC="1" WIDTH="93"/>
            <SP HPOS="2456" ID="PAG_00000056_SP000538" VPOS="4300" WIDTH="25"/>
            <String CONTENT="précieux." HEIGHT="41" HPOS="2481" ID="PAG_00000056_ST000652" STYLEREFS="TXT_1" VPOS="4300" WC="1" WIDTH="170"/>
            <SP HPOS="2651" ID="PAG_00000056_SP000539" VPOS="4301" WIDTH="50"/>
            <String CONTENT="L'un" HEIGHT="33" HPOS="2701" ID="PAG_00000056_ST000653" STYLEREFS="TXT_1" VPOS="4301" WC="1" WIDTH="86"/>
          </TextLine>
          <TextLine HEIGHT="43" HPOS="2014" ID="PAG_00000056_TL000115" STYLEREFS="TXT_1" VPOS="4338" WIDTH="776">
            <String CONTENT="des" HEIGHT="33" HPOS="2014" ID="PAG_00000056_ST000654" STYLEREFS="TXT_1" VPOS="4338" WC="1" WIDTH="59"/>
            <SP HPOS="2073" ID="PAG_00000056_SP000540" VPOS="4339" WIDTH="25"/>
            <String CONTENT="hommes," HEIGHT="42" HPOS="2098" ID="PAG_00000056_ST000655" STYLEREFS="TXT_1" VPOS="4339" WC="1" WIDTH="169"/>
            <SP HPOS="2267" ID="PAG_00000056_SP000541" VPOS="4341" WIDTH="26"/>
            <String CONTENT="dans" HEIGHT="34" HPOS="2293" ID="PAG_00000056_ST000656" STYLEREFS="TXT_1" VPOS="4341" WC="1" WIDTH="87"/>
            <SP HPOS="2380" ID="PAG_00000056_SP000542" VPOS="4356" WIDTH="25"/>
            <String CONTENT="un" HEIGHT="20" HPOS="2405" ID="PAG_00000056_ST000657" STYLEREFS="TXT_1" VPOS="4356" WC="1" WIDTH="47"/>
            <SP HPOS="2452" ID="PAG_00000056_SP000543" VPOS="4344" WIDTH="25"/>
            <String CONTENT="coin" HEIGHT="33" HPOS="2477" ID="PAG_00000056_ST000658" STYLEREFS="TXT_1" VPOS="4344" WC="1" WIDTH="77"/>
            <SP HPOS="2554" ID="PAG_00000056_SP000544" VPOS="4344" WIDTH="24"/>
            <String CONTENT="de" HEIGHT="34" HPOS="2578" ID="PAG_00000056_ST000659" STYLEREFS="TXT_1" VPOS="4344" WC="1" WIDTH="42"/>
            <SP HPOS="2620" ID="PAG_00000056_SP000545" VPOS="4345" WIDTH="24"/>
            <String CONTENT="l'atelier" HEIGHT="34" HPOS="2644" ID="PAG_00000056_ST000660" STYLEREFS="TXT_1" VPOS="4345" WC="1" WIDTH="146"/>
          </TextLine>
          <TextLine HEIGHT="50" HPOS="2013" ID="PAG_00000056_TL000116" STYLEREFS="TXT_1" VPOS="4382" WIDTH="775">
            <String CONTENT="fait" HEIGHT="34" HPOS="2013" ID="PAG_00000056_ST000661" STYLEREFS="TXT_1" VPOS="4382" WC="1" WIDTH="65"/>
            <SP HPOS="2078" ID="PAG_00000056_SP000546" VPOS="4384" WIDTH="39"/>
            <String CONTENT="sortir" HEIGHT="33" HPOS="2117" ID="PAG_00000056_ST000662" STYLEREFS="TXT_1" VPOS="4384" WC="1" WIDTH="103"/>
            <SP HPOS="2220" ID="PAG_00000056_SP000547" VPOS="4386" WIDTH="38"/>
            <String CONTENT="de" HEIGHT="33" HPOS="2258" ID="PAG_00000056_ST000663" STYLEREFS="TXT_1" VPOS="4386" WC="1" WIDTH="43"/>
            <SP HPOS="2301" ID="PAG_00000056_SP000548" VPOS="4387" WIDTH="38"/>
            <String CONTENT="la" HEIGHT="33" HPOS="2339" ID="PAG_00000056_ST000664" STYLEREFS="TXT_1" VPOS="4387" WC="1" WIDTH="32"/>
            <SP HPOS="2371" ID="PAG_00000056_SP000549" VPOS="4388" WIDTH="41"/>
            <String CONTENT="chaîne" HEIGHT="34" HPOS="2444" ID="PAG_00000056_ST000665" STYLEREFS="TXT_1" VPOS="4388" WC="0.97" WIDTH="113"/>
            <SP HPOS="2557" ID="PAG_00000056_SP000550" VPOS="4388" WIDTH="39"/>
            <String CONTENT="qu'il" HEIGHT="42" HPOS="2646" ID="PAG_00000056_ST000666" STYLEREFS="TXT_1" VPOS="4390" WC="1" WIDTH="85"/>
            <SP HPOS="2731" ID="PAG_00000056_SP000551" VPOS="4403" WIDTH="39"/>
            <String CONTENT="a" HEIGHT="21" HPOS="2770" ID="PAG_00000056_ST000667" STYLEREFS="TXT_1" VPOS="4403" WC="1" WIDTH="18"/>
          </TextLine>
          <TextLine HEIGHT="50" HPOS="2012" ID="PAG_00000056_TL000117" STYLEREFS="TXT_1" VPOS="4426" WIDTH="774">
            <String CONTENT="devant" HEIGHT="35" HPOS="2012" ID="PAG_00000056_ST000668" STYLEREFS="TXT_1" VPOS="4426" WC="1" WIDTH="133"/>
            <SP HPOS="2145" ID="PAG_00000056_SP000552" VPOS="4428" WIDTH="16"/>
            <String CONTENT="lui," HEIGHT="42" HPOS="2161" ID="PAG_00000056_ST000669" STYLEREFS="TXT_1" VPOS="4428" WC="1" WIDTH="59"/>
            <SP HPOS="2220" ID="PAG_00000056_SP000553" VPOS="4442" WIDTH="18"/>
            <String CONTENT="un" HEIGHT="21" HPOS="2238" ID="PAG_00000056_ST000670" STYLEREFS="TXT_1" VPOS="4442" WC="1" WIDTH="47"/>
            <SP HPOS="2285" ID="PAG_00000056_SP000554" VPOS="4432" WIDTH="18"/>
            <String CONTENT="ruban" HEIGHT="33" HPOS="2303" ID="PAG_00000056_ST000671" STYLEREFS="TXT_1" VPOS="4432" WC="1" WIDTH="113"/>
            <SP HPOS="2416" ID="PAG_00000056_SP000555" VPOS="4432" WIDTH="17"/>
            <String CONTENT="du" HEIGHT="33" HPOS="2433" ID="PAG_00000056_ST000672" STYLEREFS="TXT_1" VPOS="4432" WC="1" WIDTH="46"/>
            <SP HPOS="2479" ID="PAG_00000056_SP000556" VPOS="4433" WIDTH="18"/>
            <String CONTENT="plus" HEIGHT="42" HPOS="2497" ID="PAG_00000056_ST000673" STYLEREFS="TXT_1" VPOS="4433" WC="1" WIDTH="76"/>
            <SP HPOS="2573" ID="PAG_00000056_SP000557" VPOS="4433" WIDTH="18"/>
            <String CONTENT="beau" HEIGHT="34" HPOS="2591" ID="PAG_00000056_ST000674" STYLEREFS="TXT_1" VPOS="4433" WC="1" WIDTH="87"/>
            <SP HPOS="2678" ID="PAG_00000056_SP000558" VPOS="4434" WIDTH="19"/>
            <String CONTENT="bleu," HEIGHT="42" HPOS="2697" ID="PAG_00000056_ST000675" STYLEREFS="TXT_1" VPOS="4434" WC="1" WIDTH="89"/>
          </TextLine>
          <TextLine HEIGHT="47" HPOS="2012" ID="PAG_00000056_TL000118" STYLEREFS="TXT_1" VPOS="4472" WIDTH="776">
            <String CONTENT="sur" HEIGHT="21" HPOS="2012" ID="PAG_00000056_ST000676" STYLEREFS="TXT_1" VPOS="4483" WC="1" WIDTH="58"/>
            <SP HPOS="2070" ID="PAG_00000056_SP000559" VPOS="4472" WIDTH="19"/>
            <String CONTENT="lequel" HEIGHT="43" HPOS="2089" ID="PAG_00000056_ST000677" STYLEREFS="TXT_1" VPOS="4472" WC="1" WIDTH="112"/>
            <SP HPOS="2201" ID="PAG_00000056_SP000560" VPOS="4474" WIDTH="21"/>
            <String CONTENT="les" HEIGHT="33" HPOS="2222" ID="PAG_00000056_ST000678" STYLEREFS="TXT_1" VPOS="4474" WC="1" WIDTH="47"/>
            <SP HPOS="2269" ID="PAG_00000056_SP000561" VPOS="4475" WIDTH="21"/>
            <String CONTENT="fleurs" HEIGHT="34" HPOS="2290" ID="PAG_00000056_ST000679" STYLEREFS="TXT_1" VPOS="4475" WC="1" WIDTH="103"/>
            <SP HPOS="2393" ID="PAG_00000056_SP000562" VPOS="4477" WIDTH="20"/>
            <String CONTENT="d'argent" HEIGHT="42" HPOS="2413" ID="PAG_00000056_ST000680" STYLEREFS="TXT_1" VPOS="4477" WC="1" WIDTH="161"/>
            <SP HPOS="2574" ID="PAG_00000056_SP000563" VPOS="4486" WIDTH="18"/>
            <String CONTENT="et" HEIGHT="25" HPOS="2592" ID="PAG_00000056_ST000681" STYLEREFS="TXT_1" VPOS="4486" WC="1" WIDTH="36"/>
            <SP HPOS="2628" ID="PAG_00000056_SP000564" VPOS="4478" WIDTH="19"/>
            <String CONTENT="du" HEIGHT="33" HPOS="2647" ID="PAG_00000056_ST000682" STYLEREFS="TXT_1" VPOS="4478" WC="1" WIDTH="46"/>
            <SP HPOS="2693" ID="PAG_00000056_SP000565" VPOS="4492" WIDTH="21"/>
            <String CONTENT="rose" HEIGHT="21" HPOS="2714" ID="PAG_00000056_ST000683" STYLEREFS="TXT_1" VPOS="4492" WC="1" WIDTH="74"/>
          </TextLine>
          <TextLine HEIGHT="49" HPOS="2012" ID="PAG_00000056_TL000119" STYLEREFS="TXT_1" VPOS="4516" WIDTH="774">
            <String CONTENT="le" HEIGHT="33" HPOS="2012" ID="PAG_00000056_ST000684" STYLEREFS="TXT_1" VPOS="4516" WC="1" WIDTH="29"/>
            <SP HPOS="2041" ID="PAG_00000056_SP000566" VPOS="4516" WIDTH="27"/>
            <String CONTENT="plus" HEIGHT="42" HPOS="2068" ID="PAG_00000056_ST000685" STYLEREFS="TXT_1" VPOS="4516" WC="1" WIDTH="77"/>
            <SP HPOS="2145" ID="PAG_00000056_SP000567" VPOS="4519" WIDTH="28"/>
            <String CONTENT="tendre," HEIGHT="41" HPOS="2173" ID="PAG_00000056_ST000686" STYLEREFS="TXT_1" VPOS="4519" WC="1" WIDTH="135"/>
            <SP HPOS="2308" ID="PAG_00000056_SP000568" VPOS="4521" WIDTH="29"/>
            <String CONTENT="semblent" HEIGHT="34" HPOS="2337" ID="PAG_00000056_ST000687" STYLEREFS="TXT_1" VPOS="4521" WC="1" WIDTH="174"/>
            <SP HPOS="2511" ID="PAG_00000056_SP000569" VPOS="4522" WIDTH="26"/>
            <String CONTENT="éclore" HEIGHT="34" HPOS="2537" ID="PAG_00000056_ST000688" STYLEREFS="TXT_1" VPOS="4522" WC="1" WIDTH="110"/>
            <SP HPOS="2647" ID="PAG_00000056_SP000570" VPOS="4535" WIDTH="27"/>
            <String CONTENT="peu" HEIGHT="30" HPOS="2674" ID="PAG_00000056_ST000689" STYLEREFS="TXT_1" VPOS="4535" WC="1" WIDTH="66"/>
            <SP HPOS="2740" ID="PAG_00000056_SP000571" VPOS="4525" WIDTH="28"/>
            <String CONTENT="à" HEIGHT="32" HPOS="2768" ID="PAG_00000056_ST000690" STYLEREFS="TXT_1" VPOS="4525" WC="1" WIDTH="18"/>
          </TextLine>
          <TextLine HEIGHT="44" HPOS="2011" ID="PAG_00000056_TL000120" STYLEREFS="TXT_1" VPOS="4561" WIDTH="776">
            <String CONTENT="peu." HEIGHT="29" HPOS="2011" ID="PAG_00000056_ST000691" STYLEREFS="TXT_1" VPOS="4573" WC="1" WIDTH="79"/>
            <SP HPOS="2090" ID="PAG_00000056_SP000572" VPOS="4561" WIDTH="48"/>
            <String CONTENT="Trois" HEIGHT="34" HPOS="2138" ID="PAG_00000056_ST000692" STYLEREFS="TXT_1" VPOS="4561" WC="1" WIDTH="101"/>
            <SP HPOS="2239" ID="PAG_00000056_SP000573" VPOS="4564" WIDTH="26"/>
            <String CONTENT="petites" HEIGHT="41" HPOS="2265" ID="PAG_00000056_ST000693" STYLEREFS="TXT_1" VPOS="4564" WC="1" WIDTH="129"/>
            <SP HPOS="2394" ID="PAG_00000056_SP000574" VPOS="4574" WIDTH="28"/>
            <String CONTENT="navettes" HEIGHT="25" HPOS="2422" ID="PAG_00000056_ST000694" STYLEREFS="TXT_1" VPOS="4574" WC="1" WIDTH="161"/>
            <SP HPOS="2583" ID="PAG_00000056_SP000575" VPOS="4580" WIDTH="26"/>
            <String CONTENT="en" HEIGHT="20" HPOS="2609" ID="PAG_00000056_ST000695" STYLEREFS="TXT_1" VPOS="4580" WC="1" WIDTH="42"/>
            <SP HPOS="2651" ID="PAG_00000056_SP000576" VPOS="4567" WIDTH="26"/>
            <String CONTENT="forme" HEIGHT="35" HPOS="2677" ID="PAG_00000056_ST000696" STYLEREFS="TXT_1" VPOS="4567" WC="1" WIDTH="110"/>
          </TextLine>
          <TextLine HEIGHT="48" HPOS="2010" ID="PAG_00000056_TL000121" STYLEREFS="TXT_1" VPOS="4601" WIDTH="776">
            <String CONTENT="de" HEIGHT="42" HPOS="2010" ID="PAG_00000056_ST000697" STYLEREFS="TXT_1" VPOS="4601" WC="1" WIDTH="51"/>
            <SP HPOS="2061" ID="PAG_00000056_SP000577" VPOS="4605" WIDTH="18"/>
            <String CONTENT="gondole," HEIGHT="43" HPOS="2079" ID="PAG_00000056_ST000698" STYLEREFS="TXT_1" VPOS="4605" WC="1" WIDTH="157"/>
            <SP HPOS="2236" ID="PAG_00000056_SP000578" VPOS="4608" WIDTH="27"/>
            <String CONTENT="glissent" HEIGHT="41" HPOS="2263" ID="PAG_00000056_ST000699" STYLEREFS="TXT_1" VPOS="4608" WC="1" WIDTH="145"/>
            <SP HPOS="2408" ID="PAG_00000056_SP000579" VPOS="4623" WIDTH="24"/>
            <String CONTENT="sans" HEIGHT="20" HPOS="2432" ID="PAG_00000056_ST000700" STYLEREFS="TXT_1" VPOS="4623" WC="1" WIDTH="79"/>
            <SP HPOS="2511" ID="PAG_00000056_SP000580" VPOS="4623" WIDTH="25"/>
            <String CONTENT="cesse" HEIGHT="22" HPOS="2536" ID="PAG_00000056_ST000701" STYLEREFS="TXT_1" VPOS="4623" WC="1" WIDTH="92"/>
            <SP HPOS="2628" ID="PAG_00000056_SP000581" VPOS="4624" WIDTH="25"/>
            <String CONTENT="sous" HEIGHT="21" HPOS="2653" ID="PAG_00000056_ST000702" STYLEREFS="TXT_1" VPOS="4624" WC="1" WIDTH="78"/>
            <SP HPOS="2731" ID="PAG_00000056_SP000582" VPOS="4613" WIDTH="26"/>
            <String CONTENT="le" HEIGHT="34" HPOS="2757" ID="PAG_00000056_ST000703" STYLEREFS="TXT_1" VPOS="4613" WC="1" WIDTH="29"/>
          </TextLine>
          <TextLine HEIGHT="44" HPOS="2009" ID="PAG_00000056_TL000122" STYLEREFS="TXT_1" VPOS="4649" WIDTH="776">
            <String CONTENT="fil" HEIGHT="33" HPOS="2009" ID="PAG_00000056_ST000704" STYLEREFS="TXT_1" VPOS="4649" WC="1" WIDTH="36"/>
            <SP HPOS="2045" ID="PAG_00000056_SP000583" VPOS="4649" WIDTH="18"/>
            <String CONTENT="de" HEIGHT="34" HPOS="2063" ID="PAG_00000056_ST000705" STYLEREFS="TXT_1" VPOS="4649" WC="1" WIDTH="43"/>
            <SP HPOS="2106" ID="PAG_00000056_SP000584" VPOS="4650" WIDTH="17"/>
            <String CONTENT="la" HEIGHT="33" HPOS="2123" ID="PAG_00000056_ST000706" STYLEREFS="TXT_1" VPOS="4650" WC="1" WIDTH="31"/>
            <SP HPOS="2154" ID="PAG_00000056_SP000585" VPOS="4651" WIDTH="18"/>
            <String CONTENT="chaîne," HEIGHT="42" HPOS="2172" ID="PAG_00000056_ST000707" STYLEREFS="TXT_1" VPOS="4651" WC="1" WIDTH="134"/>
            <SP HPOS="2306" ID="PAG_00000056_SP000586" VPOS="4653" WIDTH="19"/>
            <String CONTENT="il" HEIGHT="33" HPOS="2325" ID="PAG_00000056_ST000708" STYLEREFS="TXT_1" VPOS="4653" WC="1" WIDTH="22"/>
            <SP HPOS="2347" ID="PAG_00000056_SP000587" VPOS="4654" WIDTH="18"/>
            <String CONTENT="les" HEIGHT="33" HPOS="2365" ID="PAG_00000056_ST000709" STYLEREFS="TXT_1" VPOS="4654" WC="1" WIDTH="47"/>
            <SP HPOS="2412" ID="PAG_00000056_SP000588" VPOS="4655" WIDTH="18"/>
            <String CONTENT="envoie" HEIGHT="33" HPOS="2430" ID="PAG_00000056_ST000710" STYLEREFS="TXT_1" VPOS="4655" WC="1" WIDTH="123"/>
            <SP HPOS="2553" ID="PAG_00000056_SP000589" VPOS="4655" WIDTH="17"/>
            <String CONTENT="d'une" HEIGHT="35" HPOS="2570" ID="PAG_00000056_ST000711" STYLEREFS="TXT_1" VPOS="4655" WC="1" WIDTH="105"/>
            <SP HPOS="2675" ID="PAG_00000056_SP000590" VPOS="4658" WIDTH="17"/>
            <String CONTENT="main" HEIGHT="33" HPOS="2692" ID="PAG_00000056_ST000712" STYLEREFS="TXT_1" VPOS="4658" WC="1" WIDTH="93"/>
          </TextLine>
          <TextLine HEIGHT="43" HPOS="2009" ID="PAG_00000056_TL000123" STYLEREFS="TXT_1" VPOS="4693" WIDTH="777">
            <String CONTENT="à" HEIGHT="33" HPOS="2009" ID="PAG_00000056_ST000713" STYLEREFS="TXT_1" VPOS="4693" WC="1" WIDTH="18"/>
            <SP HPOS="2027" ID="PAG_00000056_SP000591" VPOS="4694" WIDTH="37"/>
            <String CONTENT="l'autre" HEIGHT="35" HPOS="2064" ID="PAG_00000056_ST000714" STYLEREFS="TXT_1" VPOS="4694" WC="1" WIDTH="125"/>
            <SP HPOS="2189" ID="PAG_00000056_SP000592" VPOS="4708" WIDTH="35"/>
            <String CONTENT="avec" HEIGHT="22" HPOS="2224" ID="PAG_00000056_ST000715" STYLEREFS="TXT_1" VPOS="4708" WC="1" WIDTH="84"/>
            <SP HPOS="2308" ID="PAG_00000056_SP000593" VPOS="4710" WIDTH="34"/>
            <String CONTENT="une" HEIGHT="22" HPOS="2342" ID="PAG_00000056_ST000716" STYLEREFS="TXT_1" VPOS="4710" WC="1" WIDTH="69"/>
            <SP HPOS="2411" ID="PAG_00000056_SP000594" VPOS="4699" WIDTH="34"/>
            <String CONTENT="dextérité" HEIGHT="34" HPOS="2445" ID="PAG_00000056_ST000717" STYLEREFS="TXT_1" VPOS="4699" WC="1" WIDTH="170"/>
            <SP HPOS="2615" ID="PAG_00000056_SP000595" VPOS="4710" WIDTH="35"/>
            <String CONTENT="et" HEIGHT="24" HPOS="2650" ID="PAG_00000056_ST000718" STYLEREFS="TXT_1" VPOS="4710" WC="1" WIDTH="36"/>
            <SP HPOS="2686" ID="PAG_00000056_SP000596" VPOS="4715" WIDTH="33"/>
            <String CONTENT="une" HEIGHT="21" HPOS="2719" ID="PAG_00000056_ST000719" STYLEREFS="TXT_1" VPOS="4715" WC="1" WIDTH="67"/>
          </TextLine>
          <TextLine HEIGHT="48" HPOS="2008" ID="PAG_00000056_TL000124" STYLEREFS="TXT_1" VPOS="4738" WIDTH="776">
            <String CONTENT="élégance" HEIGHT="42" HPOS="2008" ID="PAG_00000056_ST000720" STYLEREFS="TXT_1" VPOS="4738" WC="1" WIDTH="161"/>
            <SP HPOS="2169" ID="PAG_00000056_SP000597" VPOS="4740" WIDTH="26"/>
            <String CONTENT="si" HEIGHT="33" HPOS="2195" ID="PAG_00000056_ST000721" STYLEREFS="TXT_1" VPOS="4740" WC="1" WIDTH="26"/>
            <SP HPOS="2221" ID="PAG_00000056_SP000598" VPOS="4741" WIDTH="25"/>
            <String CONTENT="parfaites," HEIGHT="43" HPOS="2246" ID="PAG_00000056_ST000722" STYLEREFS="TXT_1" VPOS="4741" WC="1" WIDTH="180"/>
            <SP HPOS="2426" ID="PAG_00000056_SP000599" VPOS="4756" WIDTH="26"/>
            <String CONTENT="que" HEIGHT="30" HPOS="2452" ID="PAG_00000056_ST000723" STYLEREFS="TXT_1" VPOS="4756" WC="1" WIDTH="68"/>
            <SP HPOS="2520" ID="PAG_00000056_SP000600" VPOS="4757" WIDTH="24"/>
            <String CONTENT="ces" HEIGHT="21" HPOS="2544" ID="PAG_00000056_ST000724" STYLEREFS="TXT_1" VPOS="4757" WC="1" WIDTH="53"/>
            <SP HPOS="2597" ID="PAG_00000056_SP000601" VPOS="4755" WIDTH="26"/>
            <String CONTENT="navettes" HEIGHT="26" HPOS="2623" ID="PAG_00000056_ST000725" STYLEREFS="TXT_1" VPOS="4755" WC="1" WIDTH="161"/>
          </TextLine>
        </TextBlock>
        <TextBlock HEIGHT="978" HPOS="2876" ID="PAG_00000056_TB000015" STYLEREFS="TXT_1" VPOS="657" WIDTH="684" language="fr">
          <TextLine HEIGHT="42" HPOS="2880" ID="PAG_00000056_TL000125" STYLEREFS="TXT_1" VPOS="657" WIDTH="679">
            <String CONTENT="en" HEIGHT="21" HPOS="2880" ID="PAG_00000056_ST000726" STYLEREFS="TXT_1" VPOS="669" WC="1" WIDTH="41"/>
            <SP HPOS="2921" ID="PAG_00000056_SP000602" VPOS="657" WIDTH="19"/>
            <String CONTENT="bois" HEIGHT="33" HPOS="2940" ID="PAG_00000056_ST000727" STYLEREFS="TXT_1" VPOS="657" WC="1" WIDTH="73"/>
            <SP HPOS="3013" ID="PAG_00000056_SP000603" VPOS="657" WIDTH="18"/>
            <String CONTENT="clair," HEIGHT="41" HPOS="3031" ID="PAG_00000056_ST000728" STYLEREFS="TXT_1" VPOS="657" WC="1" WIDTH="94"/>
            <SP HPOS="3125" ID="PAG_00000056_SP000604" VPOS="658" WIDTH="19"/>
            <String CONTENT="glissant" HEIGHT="41" HPOS="3144" ID="PAG_00000056_ST000729" STYLEREFS="TXT_1" VPOS="658" WC="1" WIDTH="144"/>
            <SP HPOS="3288" ID="PAG_00000056_SP000605" VPOS="671" WIDTH="17"/>
            <String CONTENT="sur" HEIGHT="21" HPOS="3305" ID="PAG_00000056_ST000730" STYLEREFS="TXT_1" VPOS="671" WC="1" WIDTH="56"/>
            <SP HPOS="3361" ID="PAG_00000056_SP000606" VPOS="671" WIDTH="16"/>
            <String CONTENT="ce" HEIGHT="21" HPOS="3377" ID="PAG_00000056_ST000731" STYLEREFS="TXT_1" VPOS="671" WC="1" WIDTH="35"/>
            <SP HPOS="3412" ID="PAG_00000056_SP000607" VPOS="658" WIDTH="16"/>
            <String CONTENT="fond" HEIGHT="35" HPOS="3428" ID="PAG_00000056_ST000732" STYLEREFS="TXT_1" VPOS="658" WC="1" WIDTH="72"/>
            <SP HPOS="3500" ID="PAG_00000056_SP000608" VPOS="658" WIDTH="1"/>
            <String CONTENT="&quot;bl" HEIGHT="35" HPOS="3500" ID="PAG_00000056_ST000733" STYLEREFS="TXT_1" VPOS="658" WC="1" WIDTH="59"/>
          </TextLine>
          <TextLine HEIGHT="43" HPOS="2880" ID="PAG_00000056_TL000126" STYLEREFS="TXT_1" VPOS="702" WIDTH="680">
            <String CONTENT="de" HEIGHT="33" HPOS="2880" ID="PAG_00000056_ST000734" STYLEREFS="TXT_1" VPOS="702" WC="1" WIDTH="42"/>
            <SP HPOS="2922" ID="PAG_00000056_SP000609" VPOS="702" WIDTH="15"/>
            <String CONTENT="la" HEIGHT="32" HPOS="2937" ID="PAG_00000056_ST000735" STYLEREFS="TXT_1" VPOS="702" WC="1" WIDTH="31"/>
            <SP HPOS="2968" ID="PAG_00000056_SP000610" VPOS="703" WIDTH="17"/>
            <String CONTENT="mer" HEIGHT="32" HPOS="2985" ID="PAG_00000056_ST000736" STYLEREFS="TXT_1" VPOS="703" WC="1" WIDTH="61"/>
            <SP HPOS="3046" ID="PAG_00000056_SP000611" VPOS="703" WIDTH="16"/>
            <String CONTENT="ont" HEIGHT="23" HPOS="3109" ID="PAG_00000056_ST000737" STYLEREFS="TXT_1" VPOS="712" WC="1" WIDTH="63"/>
            <SP HPOS="3172" ID="PAG_00000056_SP000612" VPOS="703" WIDTH="15"/>
            <String CONTENT="l'air" HEIGHT="33" HPOS="3187" ID="PAG_00000056_ST000738" STYLEREFS="TXT_1" VPOS="703" WC="1" WIDTH="75"/>
            <SP HPOS="3262" ID="PAG_00000056_SP000613" VPOS="703" WIDTH="15"/>
            <String CONTENT="de" HEIGHT="34" HPOS="3277" ID="PAG_00000056_ST000739" STYLEREFS="TXT_1" VPOS="703" WC="1" WIDTH="42"/>
            <SP HPOS="3319" ID="PAG_00000056_SP000614" VPOS="703" WIDTH="16"/>
            <String CONTENT="gondoles" HEIGHT="42" HPOS="3335" ID="PAG_00000056_ST000740" STYLEREFS="TXT_1" VPOS="703" WC="1" WIDTH="152"/>
            <SP HPOS="3487" ID="PAG_00000056_SP000615" VPOS="715" WIDTH="12"/>
            <String CONTENT="sema" HEIGHT="23" HPOS="3499" ID="PAG_00000056_ST000741" STYLEREFS="TXT_1" VPOS="715" WC="1" WIDTH="61"/>
          </TextLine>
          <TextLine HEIGHT="44" HPOS="2880" ID="PAG_00000056_TL000127" STYLEREFS="TXT_1" VPOS="746" WIDTH="680">
            <String CONTENT="à" HEIGHT="33" HPOS="2880" ID="PAG_00000056_ST000742" STYLEREFS="TXT_1" VPOS="746" WC="1" WIDTH="17"/>
            <SP HPOS="2897" ID="PAG_00000056_SP000616" VPOS="759" WIDTH="19"/>
            <String CONTENT="mesure," HEIGHT="28" HPOS="2916" ID="PAG_00000056_ST000743" STYLEREFS="TXT_1" VPOS="759" WC="1" WIDTH="144"/>
            <SP HPOS="3060" ID="PAG_00000056_SP000617" VPOS="760" WIDTH="18"/>
            <String CONTENT="sur" HEIGHT="20" HPOS="3078" ID="PAG_00000056_ST000744" STYLEREFS="TXT_1" VPOS="760" WC="1" WIDTH="58"/>
            <SP HPOS="3136" ID="PAG_00000056_SP000618" VPOS="747" WIDTH="16"/>
            <String CONTENT="l'onde" HEIGHT="34" HPOS="3152" ID="PAG_00000056_ST000745" STYLEREFS="TXT_1" VPOS="747" WC="1" WIDTH="114"/>
            <SP HPOS="3266" ID="PAG_00000056_SP000619" VPOS="748" WIDTH="16"/>
            <String CONTENT="qu'elles" HEIGHT="42" HPOS="3282" ID="PAG_00000056_ST000746" STYLEREFS="TXT_1" VPOS="748" WC="1" WIDTH="137"/>
            <SP HPOS="3419" ID="PAG_00000056_SP000620" VPOS="756" WIDTH="17"/>
            <String CONTENT="traverseï" HEIGHT="26" HPOS="3436" ID="PAG_00000056_ST000747" STYLEREFS="TXT_1" VPOS="756" WC="0.94" WIDTH="124"/>
          </TextLine>
          <TextLine HEIGHT="44" HPOS="2879" ID="PAG_00000056_TL000128" STYLEREFS="TXT_1" VPOS="791" WIDTH="681">
            <String CONTENT="les" HEIGHT="33" HPOS="2879" ID="PAG_00000056_ST000748" STYLEREFS="TXT_1" VPOS="791" WC="1" WIDTH="47"/>
            <SP HPOS="2926" ID="PAG_00000056_SP000621" VPOS="791" WIDTH="23"/>
            <String CONTENT="mille" HEIGHT="33" HPOS="2949" ID="PAG_00000056_ST000749" STYLEREFS="TXT_1" VPOS="791" WC="1" WIDTH="91"/>
            <SP HPOS="3040" ID="PAG_00000056_SP000622" VPOS="792" WIDTH="21"/>
            <String CONTENT="fleurs" HEIGHT="33" HPOS="3061" ID="PAG_00000056_ST000750" STYLEREFS="TXT_1" VPOS="792" WC="1" WIDTH="102"/>
            <SP HPOS="3163" ID="PAG_00000056_SP000623" VPOS="792" WIDTH="23"/>
            <String CONTENT="d'un" HEIGHT="33" HPOS="3186" ID="PAG_00000056_ST000751" STYLEREFS="TXT_1" VPOS="792" WC="1" WIDTH="83"/>
            <SP HPOS="3269" ID="PAG_00000056_SP000624" VPOS="793" WIDTH="24"/>
            <String CONTENT="printemps" HEIGHT="42" HPOS="3293" ID="PAG_00000056_ST000752" STYLEREFS="TXT_1" VPOS="793" WC="1" WIDTH="183"/>
            <SP HPOS="3476" ID="PAG_00000056_SP000625" VPOS="793" WIDTH="19"/>
            <String CONTENT="radie" HEIGHT="34" HPOS="3495" ID="PAG_00000056_ST000753" STYLEREFS="TXT_1" VPOS="793" WC="1" WIDTH="65"/>
          </TextLine>
          <TextLine HEIGHT="43" HPOS="2880" ID="PAG_00000056_TL000129" STYLEREFS="TXT_1" VPOS="836" WIDTH="680">
            <String CONTENT="La" HEIGHT="33" HPOS="2999" ID="PAG_00000056_ST000754" STYLEREFS="TXT_1" VPOS="836" WC="1" WIDTH="47"/>
            <SP HPOS="3046" ID="PAG_00000056_SP000626" VPOS="836" WIDTH="18"/>
            <String CONTENT="femme," HEIGHT="41" HPOS="3064" ID="PAG_00000056_ST000755" STYLEREFS="TXT_1" VPOS="836" WC="1" WIDTH="138"/>
            <SP HPOS="3202" ID="PAG_00000056_SP000627" VPOS="837" WIDTH="18"/>
            <String CONTENT="petite" HEIGHT="42" HPOS="3220" ID="PAG_00000056_ST000756" STYLEREFS="TXT_1" VPOS="837" WC="1" WIDTH="110"/>
            <SP HPOS="3330" ID="PAG_00000056_SP000628" VPOS="837" WIDTH="15"/>
            <String CONTENT="vieille," HEIGHT="40" HPOS="3345" ID="PAG_00000056_ST000757" STYLEREFS="TXT_1" VPOS="837" WC="1" WIDTH="118"/>
            <SP HPOS="3463" ID="PAG_00000056_SP000629" VPOS="840" WIDTH="15"/>
            <String CONTENT="occupi" HEIGHT="39" HPOS="3478" ID="PAG_00000056_ST000758" STYLEREFS="TXT_1" VPOS="840" WC="0.92" WIDTH="82"/>
          </TextLine>
          <TextLine HEIGHT="44" HPOS="2878" ID="PAG_00000056_TL000130" STYLEREFS="TXT_1" VPOS="880" WIDTH="682">
            <String CONTENT="on" HEIGHT="20" HPOS="2878" ID="PAG_00000056_ST000759" STYLEREFS="TXT_1" VPOS="893" WC="1" WIDTH="45"/>
            <SP HPOS="2923" ID="PAG_00000056_SP000630" VPOS="880" WIDTH="18"/>
            <String CONTENT="le" HEIGHT="33" HPOS="2941" ID="PAG_00000056_ST000760" STYLEREFS="TXT_1" VPOS="880" WC="1" WIDTH="29"/>
            <SP HPOS="2970" ID="PAG_00000056_SP000631" VPOS="889" WIDTH="16"/>
            <String CONTENT="sent," HEIGHT="32" HPOS="2986" ID="PAG_00000056_ST000761" STYLEREFS="TXT_1" VPOS="889" WC="1" WIDTH="88"/>
            <SP HPOS="3074" ID="PAG_00000056_SP000632" VPOS="881" WIDTH="25"/>
            <String CONTENT="depuis" HEIGHT="42" HPOS="3099" ID="PAG_00000056_ST000762" STYLEREFS="TXT_1" VPOS="881" WC="1" WIDTH="121"/>
            <SP HPOS="3220" ID="PAG_00000056_SP000633" VPOS="882" WIDTH="17"/>
            <String CONTENT="l'aube" HEIGHT="33" HPOS="3237" ID="PAG_00000056_ST000763" STYLEREFS="TXT_1" VPOS="882" WC="1" WIDTH="114"/>
            <SP HPOS="3351" ID="PAG_00000056_SP000634" VPOS="881" WIDTH="14"/>
            <String CONTENT="jusqu'à" HEIGHT="43" HPOS="3365" ID="PAG_00000056_ST000764" STYLEREFS="TXT_1" VPOS="881" WC="1" WIDTH="128"/>
            <SP HPOS="3493" ID="PAG_00000056_SP000635" VPOS="882" WIDTH="14"/>
            <String CONTENT="la" HEIGHT="32" HPOS="3507" ID="PAG_00000056_ST000765" STYLEREFS="TXT_1" VPOS="882" WC="1" WIDTH="22"/>
            <SP HPOS="3529" ID="PAG_00000056_SP000636" VPOS="894" WIDTH="12"/>
            <String CONTENT="m" HEIGHT="21" HPOS="3541" ID="PAG_00000056_ST000766" STYLEREFS="TXT_1" TYPE="illegible" VPOS="894" WC="0.37" WIDTH="19"/>
          </TextLine>
          <TextLine HEIGHT="43" HPOS="2879" ID="PAG_00000056_TL000131" STYLEREFS="TXT_1" VPOS="925" WIDTH="681">
            <String CONTENT="et" HEIGHT="25" HPOS="2879" ID="PAG_00000056_ST000767" STYLEREFS="TXT_1" VPOS="933" WC="1" WIDTH="34"/>
            <SP HPOS="2913" ID="PAG_00000056_SP000637" VPOS="925" WIDTH="21"/>
            <String CONTENT="de" HEIGHT="33" HPOS="2934" ID="PAG_00000056_ST000768" STYLEREFS="TXT_1" VPOS="925" WC="1" WIDTH="42"/>
            <SP HPOS="2976" ID="PAG_00000056_SP000638" VPOS="925" WIDTH="20"/>
            <String CONTENT="la" HEIGHT="33" HPOS="2996" ID="PAG_00000056_ST000769" STYLEREFS="TXT_1" VPOS="925" WC="1" WIDTH="30"/>
            <SP HPOS="3026" ID="PAG_00000056_SP000639" VPOS="926" WIDTH="22"/>
            <String CONTENT="nuit" HEIGHT="33" HPOS="3048" ID="PAG_00000056_ST000770" STYLEREFS="TXT_1" VPOS="926" WC="1" WIDTH="76"/>
            <SP HPOS="3124" ID="PAG_00000056_SP000640" VPOS="926" WIDTH="18"/>
            <String CONTENT="jusqu'à" HEIGHT="42" HPOS="3142" ID="PAG_00000056_ST000771" STYLEREFS="TXT_1" VPOS="926" WC="1" WIDTH="140"/>
            <SP HPOS="3282" ID="PAG_00000056_SP000641" VPOS="926" WIDTH="20"/>
            <String CONTENT="l'aube" HEIGHT="33" HPOS="3302" ID="PAG_00000056_ST000772" STYLEREFS="TXT_1" VPOS="926" WC="1" WIDTH="113"/>
            <SP HPOS="3415" ID="PAG_00000056_SP000642" VPOS="925" WIDTH="18"/>
            <String CONTENT="de" HEIGHT="34" HPOS="3433" ID="PAG_00000056_ST000773" STYLEREFS="TXT_1" VPOS="925" WC="1" WIDTH="39"/>
            <SP HPOS="3472" ID="PAG_00000056_SP000643" VPOS="935" WIDTH="16"/>
            <String CONTENT="son" HEIGHT="24" HPOS="3488" ID="PAG_00000056_ST000774" STYLEREFS="TXT_1" VPOS="935" WC="0.87" WIDTH="41"/>
            <SP HPOS="3529" ID="PAG_00000056_SP000644" VPOS="935" WIDTH="1"/>
            <String CONTENT="il" HEIGHT="24" HPOS="3529" ID="PAG_00000056_ST000775" STYLEREFS="TXT_1" VPOS="935" WC="0.87" WIDTH="31"/>
          </TextLine>
          <TextLine HEIGHT="44" HPOS="2878" ID="PAG_00000056_TL000132" STYLEREFS="TXT_1" VPOS="969" WIDTH="681">
            <String CONTENT="vail" HEIGHT="33" HPOS="2878" ID="PAG_00000056_ST000776" STYLEREFS="TXT_1" VPOS="969" WC="1" WIDTH="70"/>
            <SP HPOS="2948" ID="PAG_00000056_SP000645" VPOS="978" WIDTH="15"/>
            <String CONTENT="et" HEIGHT="25" HPOS="2963" ID="PAG_00000056_ST000777" STYLEREFS="TXT_1" VPOS="978" WC="1" WIDTH="34"/>
            <SP HPOS="2997" ID="PAG_00000056_SP000646" VPOS="969" WIDTH="14"/>
            <String CONTENT="de" HEIGHT="34" HPOS="3011" ID="PAG_00000056_ST000778" STYLEREFS="TXT_1" VPOS="969" WC="1" WIDTH="43"/>
            <SP HPOS="3054" ID="PAG_00000056_SP000647" VPOS="983" WIDTH="14"/>
            <String CONTENT="son" HEIGHT="20" HPOS="3068" ID="PAG_00000056_ST000779" STYLEREFS="TXT_1" VPOS="983" WC="1" WIDTH="60"/>
            <SP HPOS="3128" ID="PAG_00000056_SP000648" VPOS="971" WIDTH="16"/>
            <String CONTENT="ménage," HEIGHT="42" HPOS="3144" ID="PAG_00000056_ST000780" STYLEREFS="TXT_1" VPOS="971" WC="1" WIDTH="155"/>
            <SP HPOS="3299" ID="PAG_00000056_SP000649" VPOS="971" WIDTH="15"/>
            <String CONTENT="tisse" HEIGHT="33" HPOS="3314" ID="PAG_00000056_ST000781" STYLEREFS="TXT_1" VPOS="971" WC="1" WIDTH="81"/>
            <SP HPOS="3395" ID="PAG_00000056_SP000650" VPOS="983" WIDTH="13"/>
            <String CONTENT="un" HEIGHT="20" HPOS="3408" ID="PAG_00000056_ST000782" STYLEREFS="TXT_1" VPOS="983" WC="1" WIDTH="43"/>
            <SP HPOS="3451" ID="PAG_00000056_SP000651" VPOS="970" WIDTH="14"/>
            <String CONTENT="splendi" HEIGHT="42" HPOS="3465" ID="PAG_00000056_ST000783" STYLEREFS="TXT_1" VPOS="970" WC="1" WIDTH="94"/>
          </TextLine>
          <TextLine HEIGHT="42" HPOS="2876" ID="PAG_00000056_TL000133" STYLEREFS="TXT_1" VPOS="1014" WIDTH="684">
            <String CONTENT="velours" HEIGHT="33" HPOS="2876" ID="PAG_00000056_ST000784" STYLEREFS="TXT_1" VPOS="1014" WC="1" WIDTH="139"/>
            <SP HPOS="3015" ID="PAG_00000056_SP000652" VPOS="1014" WIDTH="25"/>
            <String CONTENT="de" HEIGHT="34" HPOS="3040" ID="PAG_00000056_ST000785" STYLEREFS="TXT_1" VPOS="1014" WC="1" WIDTH="43"/>
            <SP HPOS="3083" ID="PAG_00000056_SP000653" VPOS="1015" WIDTH="22"/>
            <String CONTENT="Gênes," HEIGHT="41" HPOS="3105" ID="PAG_00000056_ST000786" STYLEREFS="TXT_1" VPOS="1015" WC="1" WIDTH="127"/>
            <SP HPOS="3232" ID="PAG_00000056_SP000654" VPOS="1015" WIDTH="26"/>
            <String CONTENT="à" HEIGHT="33" HPOS="3258" ID="PAG_00000056_ST000787" STYLEREFS="TXT_1" VPOS="1015" WC="1" WIDTH="18"/>
            <SP HPOS="3276" ID="PAG_00000056_SP000655" VPOS="1015" WIDTH="25"/>
            <String CONTENT="larges" HEIGHT="41" HPOS="3301" ID="PAG_00000056_ST000788" STYLEREFS="TXT_1" VPOS="1015" WC="1" WIDTH="107"/>
            <SP HPOS="3408" ID="PAG_00000056_SP000656" VPOS="1015" WIDTH="23"/>
            <String CONTENT="fleurs" HEIGHT="33" HPOS="3431" ID="PAG_00000056_ST000789" STYLEREFS="TXT_1" VPOS="1015" WC="0.88" WIDTH="86"/>
            <SP HPOS="3517" ID="PAG_00000056_SP000657" VPOS="1014" WIDTH="17"/>
            <String CONTENT="d'i" HEIGHT="34" HPOS="3534" ID="PAG_00000056_ST000790" STYLEREFS="TXT_1" VPOS="1014" WC="0.98" WIDTH="26"/>
          </TextLine>
          <TextLine HEIGHT="42" HPOS="2877" ID="PAG_00000056_TL000134" STYLEREFS="TXT_1" VPOS="1059" WIDTH="669">
            <String CONTENT="gent," HEIGHT="33" HPOS="2877" ID="PAG_00000056_ST000791" STYLEREFS="TXT_1" VPOS="1067" WC="1" WIDTH="94"/>
            <SP HPOS="2971" ID="PAG_00000056_SP000658" VPOS="1059" WIDTH="43"/>
            <String CONTENT="robe" HEIGHT="33" HPOS="3014" ID="PAG_00000056_ST000792" STYLEREFS="TXT_1" VPOS="1059" WC="1" WIDTH="83"/>
            <SP HPOS="3097" ID="PAG_00000056_SP000659" VPOS="1059" WIDTH="40"/>
            <String CONTENT="de" HEIGHT="34" HPOS="3137" ID="PAG_00000056_ST000793" STYLEREFS="TXT_1" VPOS="1059" WC="1" WIDTH="42"/>
            <SP HPOS="3179" ID="PAG_00000056_SP000660" VPOS="1060" WIDTH="40"/>
            <String CONTENT="mariée" HEIGHT="33" HPOS="3219" ID="PAG_00000056_ST000794" STYLEREFS="TXT_1" VPOS="1060" WC="1" WIDTH="127"/>
            <SP HPOS="3346" ID="PAG_00000056_SP000661" VPOS="1059" WIDTH="39"/>
            <String CONTENT="princière:" HEIGHT="42" HPOS="3385" ID="PAG_00000056_ST000795" STYLEREFS="TXT_1" VPOS="1059" WC="0.93" WIDTH="161"/>
          </TextLine>
          <TextLine HEIGHT="44" HPOS="2876" ID="PAG_00000056_TL000135" STYLEREFS="TXT_1" VPOS="1103" WIDTH="684">
            <String CONTENT="velours" HEIGHT="33" HPOS="2876" ID="PAG_00000056_ST000796" STYLEREFS="TXT_1" VPOS="1103" WC="1" WIDTH="138"/>
            <SP HPOS="3014" ID="PAG_00000056_SP000662" VPOS="1112" WIDTH="20"/>
            <String CONTENT="est" HEIGHT="25" HPOS="3034" ID="PAG_00000056_ST000797" STYLEREFS="TXT_1" VPOS="1112" WC="1" WIDTH="53"/>
            <SP HPOS="3087" ID="PAG_00000056_SP000663" VPOS="1104" WIDTH="18"/>
            <String CONTENT="bouclé" HEIGHT="33" HPOS="3105" ID="PAG_00000056_ST000798" STYLEREFS="TXT_1" VPOS="1104" WC="1" WIDTH="122"/>
            <SP HPOS="3227" ID="PAG_00000056_SP000664" VPOS="1117" WIDTH="18"/>
            <String CONTENT="par" HEIGHT="30" HPOS="3245" ID="PAG_00000056_ST000799" STYLEREFS="TXT_1" VPOS="1117" WC="1" WIDTH="63"/>
            <SP HPOS="3308" ID="PAG_00000056_SP000665" VPOS="1104" WIDTH="17"/>
            <String CONTENT="endroits," HEIGHT="40" HPOS="3325" ID="PAG_00000056_ST000800" STYLEREFS="TXT_1" VPOS="1104" WC="1" WIDTH="158"/>
            <SP HPOS="3483" ID="PAG_00000056_SP000666" VPOS="1112" WIDTH="15"/>
            <String CONTENT="etpo" HEIGHT="33" HPOS="3498" ID="PAG_00000056_ST000801" STYLEREFS="TXT_1" VPOS="1112" WC="0.93" WIDTH="62"/>
          </TextLine>
          <TextLine HEIGHT="42" HPOS="2877" ID="PAG_00000056_TL000136" STYLEREFS="TXT_1" VPOS="1147" WIDTH="679">
            <String CONTENT="ce" HEIGHT="21" HPOS="2877" ID="PAG_00000056_ST000802" STYLEREFS="TXT_1" VPOS="1160" WC="1" WIDTH="37"/>
            <SP HPOS="2914" ID="PAG_00000056_SP000667" VPOS="1148" WIDTH="39"/>
            <String CONTENT="travail," HEIGHT="41" HPOS="2953" ID="PAG_00000056_ST000803" STYLEREFS="TXT_1" VPOS="1148" WC="1" WIDTH="140"/>
            <SP HPOS="3093" ID="PAG_00000056_SP000668" VPOS="1148" WIDTH="40"/>
            <String CONTENT="elle" HEIGHT="34" HPOS="3133" ID="PAG_00000056_ST000804" STYLEREFS="TXT_1" VPOS="1148" WC="1" WIDTH="63"/>
            <SP HPOS="3196" ID="PAG_00000056_SP000669" VPOS="1161" WIDTH="38"/>
            <String CONTENT="se" HEIGHT="21" HPOS="3234" ID="PAG_00000056_ST000805" STYLEREFS="TXT_1" VPOS="1161" WC="1" WIDTH="35"/>
            <SP HPOS="3269" ID="PAG_00000056_SP000670" VPOS="1157" WIDTH="38"/>
            <String CONTENT="sert" HEIGHT="25" HPOS="3307" ID="PAG_00000056_ST000806" STYLEREFS="TXT_1" VPOS="1157" WC="1" WIDTH="70"/>
            <SP HPOS="3377" ID="PAG_00000056_SP000671" VPOS="1148" WIDTH="37"/>
            <String CONTENT="de" HEIGHT="34" HPOS="3414" ID="PAG_00000056_ST000807" STYLEREFS="TXT_1" VPOS="1148" WC="1" WIDTH="39"/>
            <SP HPOS="3453" ID="PAG_00000056_SP000672" VPOS="1147" WIDTH="34"/>
            <String CONTENT="&quot;fers" HEIGHT="34" HPOS="3487" ID="PAG_00000056_ST000808" STYLEREFS="TXT_1" VPOS="1147" WC="1" WIDTH="69"/>
          </TextLine>
          <TextLine HEIGHT="44" HPOS="2878" ID="PAG_00000056_TL000137" STYLEREFS="TXT_1" VPOS="1192" WIDTH="676">
            <String CONTENT="minces" HEIGHT="33" HPOS="2878" ID="PAG_00000056_ST000809" STYLEREFS="TXT_1" VPOS="1192" WC="1" WIDTH="128"/>
            <SP HPOS="3006" ID="PAG_00000056_SP000673" VPOS="1193" WIDTH="24"/>
            <String CONTENT="fils" HEIGHT="33" HPOS="3030" ID="PAG_00000056_ST000810" STYLEREFS="TXT_1" VPOS="1193" WC="1" WIDTH="53"/>
            <SP HPOS="3083" ID="PAG_00000056_SP000674" VPOS="1193" WIDTH="25"/>
            <String CONTENT="de" HEIGHT="33" HPOS="3108" ID="PAG_00000056_ST000811" STYLEREFS="TXT_1" VPOS="1193" WC="1" WIDTH="43"/>
            <SP HPOS="3151" ID="PAG_00000056_SP000675" VPOS="1193" WIDTH="23"/>
            <String CONTENT="cuivre" HEIGHT="34" HPOS="3174" ID="PAG_00000056_ST000812" STYLEREFS="TXT_1" VPOS="1193" WC="1" WIDTH="117"/>
            <SP HPOS="3291" ID="PAG_00000056_SP000676" VPOS="1193" WIDTH="24"/>
            <String CONTENT="qui" HEIGHT="43" HPOS="3315" ID="PAG_00000056_ST000813" STYLEREFS="TXT_1" VPOS="1193" WC="1" WIDTH="58"/>
            <SP HPOS="3373" ID="PAG_00000056_SP000677" VPOS="1193" WIDTH="24"/>
            <String CONTENT="retiennent" HEIGHT="33" HPOS="3397" ID="PAG_00000056_ST000814" STYLEREFS="TXT_1" VPOS="1193" WC="1" WIDTH="157"/>
          </TextLine>
          <TextLine HEIGHT="43" HPOS="2879" ID="PAG_00000056_TL000138" STYLEREFS="TXT_1" VPOS="1237" WIDTH="679">
            <String CONTENT="boucle" HEIGHT="33" HPOS="2879" ID="PAG_00000056_ST000815" STYLEREFS="TXT_1" VPOS="1237" WC="1" WIDTH="121"/>
            <SP HPOS="3000" ID="PAG_00000056_SP000678" VPOS="1237" WIDTH="29"/>
            <String CONTENT="de" HEIGHT="33" HPOS="3029" ID="PAG_00000056_ST000816" STYLEREFS="TXT_1" VPOS="1237" WC="1" WIDTH="43"/>
            <SP HPOS="3072" ID="PAG_00000056_SP000679" VPOS="1238" WIDTH="30"/>
            <String CONTENT="la" HEIGHT="32" HPOS="3102" ID="PAG_00000056_ST000817" STYLEREFS="TXT_1" VPOS="1238" WC="1" WIDTH="31"/>
            <SP HPOS="3133" ID="PAG_00000056_SP000680" VPOS="1238" WIDTH="31"/>
            <String CONTENT="soie," HEIGHT="40" HPOS="3164" ID="PAG_00000056_ST000818" STYLEREFS="TXT_1" VPOS="1238" WC="1" WIDTH="80"/>
            <SP HPOS="3244" ID="PAG_00000056_SP000681" VPOS="1246" WIDTH="31"/>
            <String CONTENT="et" HEIGHT="25" HPOS="3275" ID="PAG_00000056_ST000819" STYLEREFS="TXT_1" VPOS="1246" WC="1" WIDTH="34"/>
            <SP HPOS="3309" ID="PAG_00000056_SP000682" VPOS="1238" WIDTH="29"/>
            <String CONTENT="qu'elle" HEIGHT="42" HPOS="3338" ID="PAG_00000056_ST000820" STYLEREFS="TXT_1" VPOS="1238" WC="1" WIDTH="121"/>
            <SP HPOS="3459" ID="PAG_00000056_SP000683" VPOS="1248" WIDTH="25"/>
            <String CONTENT="coupe" HEIGHT="30" HPOS="3484" ID="PAG_00000056_ST000821" STYLEREFS="TXT_1" VPOS="1248" WC="1" WIDTH="74"/>
          </TextLine>
          <TextLine HEIGHT="43" HPOS="2880" ID="PAG_00000056_TL000139" STYLEREFS="TXT_1" VPOS="1281" WIDTH="680">
            <String CONTENT="mesure," HEIGHT="28" HPOS="2880" ID="PAG_00000056_ST000822" STYLEREFS="TXT_1" VPOS="1293" WC="1" WIDTH="144"/>
            <SP HPOS="3024" ID="PAG_00000056_SP000684" VPOS="1294" WIDTH="29"/>
            <String CONTENT="avec" HEIGHT="21" HPOS="3053" ID="PAG_00000056_ST000823" STYLEREFS="TXT_1" VPOS="1294" WC="1" WIDTH="84"/>
            <SP HPOS="3137" ID="PAG_00000056_SP000685" VPOS="1294" WIDTH="28"/>
            <String CONTENT="un" HEIGHT="21" HPOS="3165" ID="PAG_00000056_ST000824" STYLEREFS="TXT_1" VPOS="1294" WC="1" WIDTH="46"/>
            <SP HPOS="3211" ID="PAG_00000056_SP000686" VPOS="1282" WIDTH="27"/>
            <String CONTENT="outil" HEIGHT="33" HPOS="3238" ID="PAG_00000056_ST000825" STYLEREFS="TXT_1" VPOS="1282" WC="1" WIDTH="87"/>
            <SP HPOS="3325" ID="PAG_00000056_SP000687" VPOS="1281" WIDTH="27"/>
            <String CONTENT="spécial," HEIGHT="43" HPOS="3352" ID="PAG_00000056_ST000826" STYLEREFS="TXT_1" VPOS="1281" WC="1" WIDTH="131"/>
            <SP HPOS="3483" ID="PAG_00000056_SP000688" VPOS="1281" WIDTH="23"/>
            <String CONTENT="à" HEIGHT="33" HPOS="3506" ID="PAG_00000056_ST000827" STYLEREFS="TXT_1" VPOS="1281" WC="1" WIDTH="13"/>
            <SP HPOS="3519" ID="PAG_00000056_SP000689" VPOS="1281" WIDTH="19"/>
            <String CONTENT="l'a" HEIGHT="33" HPOS="3538" ID="PAG_00000056_ST000828" STYLEREFS="TXT_1" VPOS="1281" WC="1" WIDTH="22"/>
          </TextLine>
          <TextLine HEIGHT="43" HPOS="2880" ID="PAG_00000056_TL000140" STYLEREFS="TXT_1" VPOS="1326" WIDTH="673">
            <String CONTENT="parence" HEIGHT="29" HPOS="2880" ID="PAG_00000056_ST000829" STYLEREFS="TXT_1" VPOS="1338" WC="1" WIDTH="146"/>
            <SP HPOS="3026" ID="PAG_00000056_SP000690" VPOS="1326" WIDTH="23"/>
            <String CONTENT="d'une" HEIGHT="34" HPOS="3049" ID="PAG_00000056_ST000830" STYLEREFS="TXT_1" VPOS="1326" WC="1" WIDTH="106"/>
            <SP HPOS="3155" ID="PAG_00000056_SP000691" VPOS="1327" WIDTH="23"/>
            <String CONTENT="empreinte" HEIGHT="42" HPOS="3178" ID="PAG_00000056_ST000831" STYLEREFS="TXT_1" VPOS="1327" WC="1" WIDTH="192"/>
            <SP HPOS="3370" ID="PAG_00000056_SP000692" VPOS="1326" WIDTH="23"/>
            <String CONTENT="de" HEIGHT="34" HPOS="3393" ID="PAG_00000056_ST000832" STYLEREFS="TXT_1" VPOS="1326" WC="1" WIDTH="41"/>
            <SP HPOS="3434" ID="PAG_00000056_SP000693" VPOS="1337" WIDTH="22"/>
            <String CONTENT="serrure" HEIGHT="22" HPOS="3456" ID="PAG_00000056_ST000833" STYLEREFS="TXT_1" VPOS="1337" WC="1" WIDTH="97"/>
          </TextLine>
          <TextLine HEIGHT="43" HPOS="2880" ID="PAG_00000056_TL000141" STYLEREFS="TXT_1" VPOS="1369" WIDTH="659">
            <String CONTENT="qui" HEIGHT="41" HPOS="2880" ID="PAG_00000056_ST000834" STYLEREFS="TXT_1" VPOS="1371" WC="1" WIDTH="58"/>
            <SP HPOS="2938" ID="PAG_00000056_SP000694" VPOS="1379" WIDTH="35"/>
            <String CONTENT="est" HEIGHT="25" HPOS="2973" ID="PAG_00000056_ST000835" STYLEREFS="TXT_1" VPOS="1379" WC="1" WIDTH="53"/>
            <SP HPOS="3026" ID="PAG_00000056_SP000695" VPOS="1383" WIDTH="33"/>
            <String CONTENT="un" HEIGHT="21" HPOS="3059" ID="PAG_00000056_ST000836" STYLEREFS="TXT_1" VPOS="1383" WC="1" WIDTH="47"/>
            <SP HPOS="3106" ID="PAG_00000056_SP000696" VPOS="1371" WIDTH="36"/>
            <String CONTENT="rasoir." HEIGHT="33" HPOS="3142" ID="PAG_00000056_ST000837" STYLEREFS="TXT_1" VPOS="1371" WC="1" WIDTH="117"/>
            <SP HPOS="3259" ID="PAG_00000056_SP000697" VPOS="1371" WIDTH="59"/>
            <String CONTENT="Combien" HEIGHT="34" HPOS="3318" ID="PAG_00000056_ST000838" STYLEREFS="TXT_1" VPOS="1371" WC="1" WIDTH="164"/>
            <SP HPOS="3482" ID="PAG_00000056_SP000698" VPOS="1369" WIDTH="28"/>
            <String CONTENT="de" HEIGHT="34" HPOS="3510" ID="PAG_00000056_ST000839" STYLEREFS="TXT_1" VPOS="1369" WC="1" WIDTH="29"/>
          </TextLine>
          <TextLine HEIGHT="43" HPOS="2879" ID="PAG_00000056_TL000142" STYLEREFS="TXT_1" VPOS="1415" WIDTH="681">
            <String CONTENT="flexions" HEIGHT="33" HPOS="2879" ID="PAG_00000056_ST000840" STYLEREFS="TXT_1" VPOS="1415" WC="1" WIDTH="141"/>
            <SP HPOS="3020" ID="PAG_00000056_SP000699" VPOS="1415" WIDTH="23"/>
            <String CONTENT="surgissent" HEIGHT="43" HPOS="3043" ID="PAG_00000056_ST000841" STYLEREFS="TXT_1" VPOS="1415" WC="1" WIDTH="190"/>
            <SP HPOS="3233" ID="PAG_00000056_SP000700" VPOS="1416" WIDTH="21"/>
            <String CONTENT="à" HEIGHT="33" HPOS="3254" ID="PAG_00000056_ST000842" STYLEREFS="TXT_1" VPOS="1416" WC="1" WIDTH="18"/>
            <SP HPOS="3272" ID="PAG_00000056_SP000701" VPOS="1416" WIDTH="22"/>
            <String CONTENT="l'esprit" HEIGHT="42" HPOS="3294" ID="PAG_00000056_ST000843" STYLEREFS="TXT_1" VPOS="1416" WC="1" WIDTH="132"/>
            <SP HPOS="3426" ID="PAG_00000056_SP000702" VPOS="1415" WIDTH="20"/>
            <String CONTENT="devant" HEIGHT="33" HPOS="3446" ID="PAG_00000056_ST000844" STYLEREFS="TXT_1" VPOS="1415" WC="0.98" WIDTH="88"/>
            <SP HPOS="3534" ID="PAG_00000056_SP000703" VPOS="1415" WIDTH="1"/>
            <String CONTENT="1" HEIGHT="33" HPOS="3534" ID="PAG_00000056_ST000845" STYLEREFS="TXT_1" VPOS="1415" WC="0.98" WIDTH="26"/>
          </TextLine>
          <TextLine HEIGHT="45" HPOS="2880" ID="PAG_00000056_TL000143" STYLEREFS="TXT_1" VPOS="1458" WIDTH="680">
            <String CONTENT="semblable" HEIGHT="33" HPOS="2880" ID="PAG_00000056_ST000846" STYLEREFS="TXT_1" VPOS="1460" WC="1" WIDTH="189"/>
            <SP HPOS="3069" ID="PAG_00000056_SP000704" VPOS="1469" WIDTH="33"/>
            <String CONTENT="contraste" HEIGHT="25" HPOS="3102" ID="PAG_00000056_ST000847" STYLEREFS="TXT_1" VPOS="1469" WC="1" WIDTH="156"/>
            <SP HPOS="3258" ID="PAG_00000056_SP000705" VPOS="1469" WIDTH="1"/>
            <String CONTENT=":" HEIGHT="25" HPOS="3258" ID="PAG_00000056_ST000848" STYLEREFS="TXT_1" VPOS="1469" WC="1" WIDTH="48"/>
            <SP HPOS="3306" ID="PAG_00000056_SP000706" VPOS="1460" WIDTH="34"/>
            <String CONTENT="quel" HEIGHT="43" HPOS="3340" ID="PAG_00000056_ST000849" STYLEREFS="TXT_1" VPOS="1460" WC="1" WIDTH="79"/>
            <SP HPOS="3419" ID="PAG_00000056_SP000707" VPOS="1460" WIDTH="32"/>
            <String CONTENT="sujet" HEIGHT="41" HPOS="3451" ID="PAG_00000056_ST000850" STYLEREFS="TXT_1" VPOS="1460" WC="1" WIDTH="76"/>
            <SP HPOS="3527" ID="PAG_00000056_SP000708" VPOS="1458" WIDTH="20"/>
            <String CONTENT="il" HEIGHT="33" HPOS="3547" ID="PAG_00000056_ST000851" STYLEREFS="TXT_1" VPOS="1458" WC="1" WIDTH="13"/>
          </TextLine>
          <TextLine HEIGHT="43" HPOS="2881" ID="PAG_00000056_TL000144" STYLEREFS="TXT_1" VPOS="1504" WIDTH="679">
            <String CONTENT="puisable" HEIGHT="42" HPOS="2881" ID="PAG_00000056_ST000852" STYLEREFS="TXT_1" VPOS="1504" WC="1" WIDTH="156"/>
            <SP HPOS="3037" ID="PAG_00000056_SP000709" VPOS="1505" WIDTH="12"/>
            <String CONTENT="d'observations" HEIGHT="33" HPOS="3049" ID="PAG_00000056_ST000853" STYLEREFS="TXT_1" VPOS="1505" WC="1" WIDTH="279"/>
            <SP HPOS="3328" ID="PAG_00000056_SP000710" VPOS="1517" WIDTH="14"/>
            <String CONTENT="pour" HEIGHT="30" HPOS="3342" ID="PAG_00000056_ST000854" STYLEREFS="TXT_1" VPOS="1517" WC="1" WIDTH="86"/>
            <SP HPOS="3428" ID="PAG_00000056_SP000711" VPOS="1517" WIDTH="12"/>
            <String CONTENT="un" HEIGHT="20" HPOS="3440" ID="PAG_00000056_ST000855" STYLEREFS="TXT_1" VPOS="1517" WC="1" WIDTH="43"/>
            <SP HPOS="3483" ID="PAG_00000056_SP000712" VPOS="1515" WIDTH="11"/>
            <String CONTENT="cerve" HEIGHT="22" HPOS="3494" ID="PAG_00000056_ST000856" STYLEREFS="TXT_1" VPOS="1515" WC="0.95" WIDTH="66"/>
          </TextLine>
          <TextLine HEIGHT="43" HPOS="2880" ID="PAG_00000056_TL000145" STYLEREFS="TXT_1" VPOS="1548" WIDTH="674">
            <String CONTENT="philosophe." HEIGHT="42" HPOS="2880" ID="PAG_00000056_ST000857" STYLEREFS="TXT_1" VPOS="1549" WC="1" WIDTH="214"/>
            <SP HPOS="3094" ID="PAG_00000056_SP000713" VPOS="1550" WIDTH="48"/>
            <String CONTENT="Mais" HEIGHT="32" HPOS="3142" ID="PAG_00000056_ST000858" STYLEREFS="TXT_1" VPOS="1550" WC="1" WIDTH="94"/>
            <SP HPOS="3236" ID="PAG_00000056_SP000714" VPOS="1562" WIDTH="26"/>
            <String CONTENT="ce" HEIGHT="21" HPOS="3262" ID="PAG_00000056_ST000859" STYLEREFS="TXT_1" VPOS="1562" WC="1" WIDTH="37"/>
            <SP HPOS="3299" ID="PAG_00000056_SP000715" VPOS="1562" WIDTH="24"/>
            <String CONTENT="ne" HEIGHT="21" HPOS="3323" ID="PAG_00000056_ST000860" STYLEREFS="TXT_1" VPOS="1562" WC="1" WIDTH="42"/>
            <SP HPOS="3365" ID="PAG_00000056_SP000716" VPOS="1558" WIDTH="24"/>
            <String CONTENT="sont" HEIGHT="25" HPOS="3389" ID="PAG_00000056_ST000861" STYLEREFS="TXT_1" VPOS="1558" WC="1" WIDTH="77"/>
            <SP HPOS="3466" ID="PAG_00000056_SP000717" VPOS="1548" WIDTH="21"/>
            <String CONTENT="point" HEIGHT="42" HPOS="3487" ID="PAG_00000056_ST000862" STYLEREFS="TXT_1" VPOS="1548" WC="1" WIDTH="67"/>
          </TextLine>
          <TextLine HEIGHT="42" HPOS="2879" ID="PAG_00000056_TL000146" STYLEREFS="TXT_1" VPOS="1593" WIDTH="656">
            <String CONTENT="questions" HEIGHT="41" HPOS="2879" ID="PAG_00000056_ST000863" STYLEREFS="TXT_1" VPOS="1594" WC="1" WIDTH="178"/>
            <SP HPOS="3057" ID="PAG_00000056_SP000718" VPOS="1594" WIDTH="37"/>
            <String CONTENT="intéressant" HEIGHT="33" HPOS="3094" ID="PAG_00000056_ST000864" STYLEREFS="TXT_1" VPOS="1594" WC="1" WIDTH="209"/>
            <SP HPOS="3303" ID="PAG_00000056_SP000719" VPOS="1602" WIDTH="36"/>
            <String CONTENT="cet" HEIGHT="25" HPOS="3339" ID="PAG_00000056_ST000865" STYLEREFS="TXT_1" VPOS="1602" WC="1" WIDTH="54"/>
            <SP HPOS="3393" ID="PAG_00000056_SP000720" VPOS="1593" WIDTH="35"/>
            <String CONTENT="article." HEIGHT="34" HPOS="3428" ID="PAG_00000056_ST000866" STYLEREFS="TXT_1" VPOS="1593" WC="1" WIDTH="107"/>
          </TextLine>
        </TextBlock>
        <TextBlock HEIGHT="1425" HPOS="2870" ID="PAG_00000056_TB000016" STYLEREFS="TXT_1" VPOS="1636" WIDTH="690" language="fr">
          <TextLine HEIGHT="36" HPOS="2882" ID="PAG_00000056_TL000147" STYLEREFS="TXT_1" VPOS="1636" WIDTH="668">
            <String CONTENT="nous" HEIGHT="21" HPOS="2882" ID="PAG_00000056_ST000867" STYLEREFS="TXT_1" VPOS="1650" WC="1" WIDTH="83"/>
            <SP HPOS="2965" ID="PAG_00000056_SP000721" VPOS="1647" WIDTH="32"/>
            <String CONTENT="reste" HEIGHT="24" HPOS="2997" ID="PAG_00000056_ST000868" STYLEREFS="TXT_1" VPOS="1647" WC="1" WIDTH="89"/>
            <SP HPOS="3086" ID="PAG_00000056_SP000722" VPOS="1639" WIDTH="31"/>
            <String CONTENT="à" HEIGHT="32" HPOS="3117" ID="PAG_00000056_ST000869" STYLEREFS="TXT_1" VPOS="1639" WC="1" WIDTH="17"/>
            <SP HPOS="3134" ID="PAG_00000056_SP000723" VPOS="1639" WIDTH="32"/>
            <String CONTENT="voir" HEIGHT="33" HPOS="3166" ID="PAG_00000056_ST000870" STYLEREFS="TXT_1" VPOS="1639" WC="1" WIDTH="76"/>
            <SP HPOS="3242" ID="PAG_00000056_SP000724" VPOS="1638" WIDTH="29"/>
            <String CONTENT="l'installation" HEIGHT="33" HPOS="3271" ID="PAG_00000056_ST000871" STYLEREFS="TXT_1" VPOS="1638" WC="1" WIDTH="232"/>
            <SP HPOS="3503" ID="PAG_00000056_SP000725" VPOS="1636" WIDTH="22"/>
            <String CONTENT="de" HEIGHT="33" HPOS="3525" ID="PAG_00000056_ST000872" STYLEREFS="TXT_1" VPOS="1636" WC="1" WIDTH="25"/>
          </TextLine>
          <TextLine HEIGHT="43" HPOS="2880" ID="PAG_00000056_TL000148" STYLEREFS="TXT_1" VPOS="1680" WIDTH="675">
            <String CONTENT="Maison" HEIGHT="34" HPOS="2880" ID="PAG_00000056_ST000873" STYLEREFS="TXT_1" VPOS="1682" WC="1" WIDTH="139"/>
            <SP HPOS="3019" ID="PAG_00000056_SP000726" VPOS="1683" WIDTH="23"/>
            <String CONTENT="Bianchini" HEIGHT="33" HPOS="3042" ID="PAG_00000056_ST000874" STYLEREFS="TXT_1" VPOS="1683" WC="1" WIDTH="183"/>
            <SP HPOS="3225" ID="PAG_00000056_SP000727" VPOS="1692" WIDTH="20"/>
            <String CONTENT="et" HEIGHT="24" HPOS="3245" ID="PAG_00000056_ST000875" STYLEREFS="TXT_1" VPOS="1692" WC="1" WIDTH="35"/>
            <SP HPOS="3280" ID="PAG_00000056_SP000728" VPOS="1683" WIDTH="20"/>
            <String CONTENT="Périer," HEIGHT="40" HPOS="3300" ID="PAG_00000056_ST000876" STYLEREFS="TXT_1" VPOS="1683" WC="1" WIDTH="124"/>
            <SP HPOS="3424" ID="PAG_00000056_SP000729" VPOS="1681" WIDTH="21"/>
            <String CONTENT="située" HEIGHT="34" HPOS="3445" ID="PAG_00000056_ST000877" STYLEREFS="TXT_1" VPOS="1681" WC="1" WIDTH="89"/>
            <SP HPOS="3534" ID="PAG_00000056_SP000730" VPOS="1680" WIDTH="11"/>
            <String CONTENT="à" HEIGHT="33" HPOS="3545" ID="PAG_00000056_ST000878" STYLEREFS="TXT_1" VPOS="1680" WC="0.92" WIDTH="10"/>
          </TextLine>
          <TextLine HEIGHT="45" HPOS="2880" ID="PAG_00000056_TL000149" STYLEREFS="TXT_1" VPOS="1725" WIDTH="677">
            <String CONTENT="Croix-Rousse" HEIGHT="34" HPOS="2880" ID="PAG_00000056_ST000879" STYLEREFS="TXT_1" VPOS="1727" WC="1" WIDTH="256"/>
            <SP HPOS="3136" ID="PAG_00000056_SP000731" VPOS="1728" WIDTH="28"/>
            <String CONTENT="également," HEIGHT="41" HPOS="3164" ID="PAG_00000056_ST000880" STYLEREFS="TXT_1" VPOS="1728" WC="1" WIDTH="205"/>
            <SP HPOS="3369" ID="PAG_00000056_SP000732" VPOS="1727" WIDTH="30"/>
            <String CONTENT="qui" HEIGHT="43" HPOS="3399" ID="PAG_00000056_ST000881" STYLEREFS="TXT_1" VPOS="1727" WC="1" WIDTH="57"/>
            <SP HPOS="3456" ID="PAG_00000056_SP000733" VPOS="1739" WIDTH="27"/>
            <String CONTENT="a" HEIGHT="21" HPOS="3483" ID="PAG_00000056_ST000882" STYLEREFS="TXT_1" VPOS="1739" WC="1" WIDTH="15"/>
            <SP HPOS="3498" ID="PAG_00000056_SP000734" VPOS="1725" WIDTH="22"/>
            <String CONTENT="mis" HEIGHT="33" HPOS="3520" ID="PAG_00000056_ST000883" STYLEREFS="TXT_1" VPOS="1725" WC="1" WIDTH="37"/>
          </TextLine>
          <TextLine HEIGHT="44" HPOS="2880" ID="PAG_00000056_TL000150" STYLEREFS="TXT_1" VPOS="1770" WIDTH="680">
            <String CONTENT="ma" HEIGHT="21" HPOS="2880" ID="PAG_00000056_ST000884" STYLEREFS="TXT_1" VPOS="1784" WC="1" WIDTH="55"/>
            <SP HPOS="2935" ID="PAG_00000056_SP000735" VPOS="1772" WIDTH="32"/>
            <String CONTENT="disposition" HEIGHT="42" HPOS="2967" ID="PAG_00000056_ST000885" STYLEREFS="TXT_1" VPOS="1772" WC="1" WIDTH="206"/>
            <SP HPOS="3173" ID="PAG_00000056_SP000736" VPOS="1784" WIDTH="32"/>
            <String CONTENT="ce" HEIGHT="21" HPOS="3205" ID="PAG_00000056_ST000886" STYLEREFS="TXT_1" VPOS="1784" WC="1" WIDTH="37"/>
            <SP HPOS="3242" ID="PAG_00000056_SP000737" VPOS="1772" WIDTH="30"/>
            <String CONTENT="jour-là," HEIGHT="42" HPOS="3272" ID="PAG_00000056_ST000887" STYLEREFS="TXT_1" VPOS="1772" WC="1" WIDTH="139"/>
            <SP HPOS="3411" ID="PAG_00000056_SP000738" VPOS="1784" WIDTH="32"/>
            <String CONTENT="un" HEIGHT="20" HPOS="3443" ID="PAG_00000056_ST000888" STYLEREFS="TXT_1" VPOS="1784" WC="1" WIDTH="42"/>
            <SP HPOS="3485" ID="PAG_00000056_SP000739" VPOS="1770" WIDTH="26"/>
            <String CONTENT="de" HEIGHT="33" HPOS="3511" ID="PAG_00000056_ST000889" STYLEREFS="TXT_1" VPOS="1770" WC="0.86" WIDTH="29"/>
            <SP HPOS="3540" ID="PAG_00000056_SP000740" VPOS="1770" WIDTH="1"/>
            <String CONTENT="s" HEIGHT="33" HPOS="3540" ID="PAG_00000056_ST000890" STYLEREFS="TXT_1" VPOS="1770" WC="0.86" WIDTH="20"/>
          </TextLine>
          <TextLine HEIGHT="45" HPOS="2879" ID="PAG_00000056_TL000151" STYLEREFS="TXT_1" VPOS="1814" WIDTH="681">
            <String CONTENT="représentants" HEIGHT="41" HPOS="2879" ID="PAG_00000056_ST000891" STYLEREFS="TXT_1" VPOS="1817" WC="1" WIDTH="257"/>
            <SP HPOS="3136" ID="PAG_00000056_SP000741" VPOS="1817" WIDTH="22"/>
            <String CONTENT="auquel" HEIGHT="42" HPOS="3158" ID="PAG_00000056_ST000892" STYLEREFS="TXT_1" VPOS="1817" WC="1" WIDTH="126"/>
            <SP HPOS="3284" ID="PAG_00000056_SP000742" VPOS="1817" WIDTH="20"/>
            <String CONTENT="je" HEIGHT="42" HPOS="3304" ID="PAG_00000056_ST000893" STYLEREFS="TXT_1" VPOS="1817" WC="1" WIDTH="34"/>
            <SP HPOS="3338" ID="PAG_00000056_SP000743" VPOS="1817" WIDTH="20"/>
            <String CONTENT="dois" HEIGHT="33" HPOS="3358" ID="PAG_00000056_ST000894" STYLEREFS="TXT_1" VPOS="1817" WC="1" WIDTH="73"/>
            <SP HPOS="3431" ID="PAG_00000056_SP000744" VPOS="1816" WIDTH="21"/>
            <String CONTENT="de" HEIGHT="33" HPOS="3452" ID="PAG_00000056_ST000895" STYLEREFS="TXT_1" VPOS="1816" WC="1" WIDTH="38"/>
            <SP HPOS="3490" ID="PAG_00000056_SP000745" VPOS="1814" WIDTH="17"/>
            <String CONTENT="voir;" HEIGHT="34" HPOS="3507" ID="PAG_00000056_ST000896" STYLEREFS="TXT_1" VPOS="1814" WC="0.86" WIDTH="53"/>
          </TextLine>
          <TextLine HEIGHT="52" HPOS="2879" ID="PAG_00000056_TL000152" STYLEREFS="TXT_1" VPOS="1854" WIDTH="681">
            <String CONTENT="de" HEIGHT="33" HPOS="2879" ID="PAG_00000056_ST000897" STYLEREFS="TXT_1" VPOS="1861" WC="1" WIDTH="42"/>
            <SP HPOS="2921" ID="PAG_00000056_SP000746" VPOS="1861" WIDTH="18"/>
            <String CONTENT="visiter" HEIGHT="33" HPOS="2939" ID="PAG_00000056_ST000898" STYLEREFS="TXT_1" VPOS="1861" WC="1" WIDTH="121"/>
            <SP HPOS="3060" ID="PAG_00000056_SP000747" VPOS="1870" WIDTH="19"/>
            <String CONTENT="tout" HEIGHT="24" HPOS="3079" ID="PAG_00000056_ST000899" STYLEREFS="TXT_1" VPOS="1870" WC="1" WIDTH="79"/>
            <SP HPOS="3158" ID="PAG_00000056_SP000748" VPOS="1874" WIDTH="19"/>
            <String CONTENT="en" HEIGHT="20" HPOS="3177" ID="PAG_00000056_ST000900" STYLEREFS="TXT_1" VPOS="1874" WC="1" WIDTH="41"/>
            <SP HPOS="3218" ID="PAG_00000056_SP000749" VPOS="1861" WIDTH="20"/>
            <String CONTENT="détail." HEIGHT="33" HPOS="3238" ID="PAG_00000056_ST000901" STYLEREFS="TXT_1" VPOS="1861" WC="1" WIDTH="119"/>
            <SP HPOS="3357" ID="PAG_00000056_SP000750" VPOS="1854" WIDTH="195"/>
            <String CONTENT="|" HEIGHT="52" HPOS="3552" ID="PAG_00000056_ST000902" STYLEREFS="TXT_1" VPOS="1854" WC="1" WIDTH="8"/>
          </TextLine>
          <TextLine HEIGHT="45" HPOS="2923" ID="PAG_00000056_TL000153" STYLEREFS="TXT_1" VPOS="1902" WIDTH="637">
            <String CONTENT="Ces" HEIGHT="33" HPOS="2923" ID="PAG_00000056_ST000903" STYLEREFS="TXT_1" VPOS="1905" WC="1" WIDTH="65"/>
            <SP HPOS="2988" ID="PAG_00000056_SP000751" VPOS="1906" WIDTH="27"/>
            <String CONTENT="grandes" HEIGHT="41" HPOS="3015" ID="PAG_00000056_ST000904" STYLEREFS="TXT_1" VPOS="1906" WC="1" WIDTH="146"/>
            <SP HPOS="3161" ID="PAG_00000056_SP000752" VPOS="1905" WIDTH="27"/>
            <String CONTENT="manufactures" HEIGHT="34" HPOS="3188" ID="PAG_00000056_ST000905" STYLEREFS="TXT_1" VPOS="1905" WC="1" WIDTH="259"/>
            <SP HPOS="3447" ID="PAG_00000056_SP000753" VPOS="1904" WIDTH="25"/>
            <String CONTENT="de" HEIGHT="33" HPOS="3472" ID="PAG_00000056_ST000906" STYLEREFS="TXT_1" VPOS="1904" WC="1" WIDTH="36"/>
            <SP HPOS="3508" ID="PAG_00000056_SP000754" VPOS="1902" WIDTH="18"/>
            <String CONTENT="tiss" HEIGHT="33" HPOS="3526" ID="PAG_00000056_ST000907" STYLEREFS="TXT_1" VPOS="1902" WC="1" WIDTH="34"/>
          </TextLine>
          <TextLine HEIGHT="43" HPOS="2878" ID="PAG_00000056_TL000154" STYLEREFS="TXT_1" VPOS="1949" WIDTH="682">
            <String CONTENT="importantes" HEIGHT="43" HPOS="2878" ID="PAG_00000056_ST000908" STYLEREFS="TXT_1" VPOS="1949" WC="1" WIDTH="230"/>
            <SP HPOS="3108" ID="PAG_00000056_SP000755" VPOS="1962" WIDTH="24"/>
            <String CONTENT="par" HEIGHT="30" HPOS="3132" ID="PAG_00000056_ST000909" STYLEREFS="TXT_1" VPOS="1962" WC="1" WIDTH="63"/>
            <SP HPOS="3195" ID="PAG_00000056_SP000756" VPOS="1950" WIDTH="22"/>
            <String CONTENT="la" HEIGHT="33" HPOS="3217" ID="PAG_00000056_ST000910" STYLEREFS="TXT_1" VPOS="1950" WC="1" WIDTH="31"/>
            <SP HPOS="3248" ID="PAG_00000056_SP000757" VPOS="1962" WIDTH="25"/>
            <String CONTENT="masse" HEIGHT="22" HPOS="3273" ID="PAG_00000056_ST000911" STYLEREFS="TXT_1" VPOS="1962" WC="1" WIDTH="112"/>
            <SP HPOS="3385" ID="PAG_00000056_SP000758" VPOS="1949" WIDTH="23"/>
            <String CONTENT="de" HEIGHT="34" HPOS="3408" ID="PAG_00000056_ST000912" STYLEREFS="TXT_1" VPOS="1949" WC="1" WIDTH="40"/>
            <SP HPOS="3448" ID="PAG_00000056_SP000759" VPOS="1949" WIDTH="22"/>
            <String CONTENT="leur" HEIGHT="33" HPOS="3470" ID="PAG_00000056_ST000913" STYLEREFS="TXT_1" VPOS="1949" WC="1" WIDTH="57"/>
            <SP HPOS="3527" ID="PAG_00000056_SP000760" VPOS="1958" WIDTH="14"/>
            <String CONTENT="co" HEIGHT="21" HPOS="3541" ID="PAG_00000056_ST000914" STYLEREFS="TXT_1" VPOS="1958" WC="1" WIDTH="19"/>
          </TextLine>
          <TextLine HEIGHT="45" HPOS="2876" ID="PAG_00000056_TL000155" STYLEREFS="TXT_1" VPOS="1990" WIDTH="684">
            <String CONTENT="struction," HEIGHT="40" HPOS="2876" ID="PAG_00000056_ST000915" STYLEREFS="TXT_1" VPOS="1995" WC="1" WIDTH="183"/>
            <SP HPOS="3059" ID="PAG_00000056_SP000761" VPOS="1995" WIDTH="21"/>
            <String CONTENT="dont" HEIGHT="33" HPOS="3080" ID="PAG_00000056_ST000916" STYLEREFS="TXT_1" VPOS="1995" WC="1" WIDTH="88"/>
            <SP HPOS="3168" ID="PAG_00000056_SP000762" VPOS="1995" WIDTH="18"/>
            <String CONTENT="l'intérieur" HEIGHT="33" HPOS="3186" ID="PAG_00000056_ST000917" STYLEREFS="TXT_1" VPOS="1995" WC="1" WIDTH="190"/>
            <SP HPOS="3376" ID="PAG_00000056_SP000763" VPOS="2003" WIDTH="19"/>
            <String CONTENT="est" HEIGHT="24" HPOS="3395" ID="PAG_00000056_ST000918" STYLEREFS="TXT_1" VPOS="2003" WC="1" WIDTH="51"/>
            <SP HPOS="3446" ID="PAG_00000056_SP000764" VPOS="1990" WIDTH="18"/>
            <String CONTENT="séparéi" HEIGHT="45" HPOS="3464" ID="PAG_00000056_ST000919" STYLEREFS="TXT_1" VPOS="1990" WC="0.97" WIDTH="96"/>
          </TextLine>
          <TextLine HEIGHT="45" HPOS="2876" ID="PAG_00000056_TL000156" STYLEREFS="TXT_1" VPOS="2036" WIDTH="664">
            <String CONTENT="compartiments" HEIGHT="42" HPOS="2876" ID="PAG_00000056_ST000920" STYLEREFS="TXT_1" VPOS="2039" WC="1" WIDTH="288"/>
            <SP HPOS="3164" ID="PAG_00000056_SP000765" VPOS="2039" WIDTH="33"/>
            <String CONTENT="destinés" HEIGHT="34" HPOS="3197" ID="PAG_00000056_ST000921" STYLEREFS="TXT_1" VPOS="2039" WC="1" WIDTH="152"/>
            <SP HPOS="3349" ID="PAG_00000056_SP000766" VPOS="2039" WIDTH="32"/>
            <String CONTENT="chacun" HEIGHT="33" HPOS="3381" ID="PAG_00000056_ST000922" STYLEREFS="TXT_1" VPOS="2039" WC="1" WIDTH="125"/>
            <SP HPOS="3506" ID="PAG_00000056_SP000767" VPOS="2036" WIDTH="23"/>
            <String CONTENT="à" HEIGHT="33" HPOS="3529" ID="PAG_00000056_ST000923" STYLEREFS="TXT_1" VPOS="2036" WC="1" WIDTH="11"/>
          </TextLine>
          <TextLine HEIGHT="43" HPOS="2876" ID="PAG_00000056_TL000157" STYLEREFS="TXT_1" VPOS="2083" WIDTH="684">
            <String CONTENT="service" HEIGHT="34" HPOS="2876" ID="PAG_00000056_ST000924" STYLEREFS="TXT_1" VPOS="2083" WC="1" WIDTH="129"/>
            <SP HPOS="3005" ID="PAG_00000056_SP000768" VPOS="2083" WIDTH="33"/>
            <String CONTENT="spécial," HEIGHT="43" HPOS="3038" ID="PAG_00000056_ST000925" STYLEREFS="TXT_1" VPOS="2083" WC="1" WIDTH="138"/>
            <SP HPOS="3176" ID="PAG_00000056_SP000769" VPOS="2083" WIDTH="34"/>
            <String CONTENT="fonctionnent" HEIGHT="34" HPOS="3210" ID="PAG_00000056_ST000926" STYLEREFS="TXT_1" VPOS="2083" WC="1" WIDTH="244"/>
            <SP HPOS="3454" ID="PAG_00000056_SP000770" VPOS="2089" WIDTH="29"/>
            <String CONTENT="autom" HEIGHT="26" HPOS="3483" ID="PAG_00000056_ST000927" STYLEREFS="TXT_1" VPOS="2089" WC="1" WIDTH="77"/>
          </TextLine>
          <TextLine HEIGHT="43" HPOS="2876" ID="PAG_00000056_TL000158" STYLEREFS="TXT_1" VPOS="2127" WIDTH="668">
            <String CONTENT="tiquement," HEIGHT="43" HPOS="2876" ID="PAG_00000056_ST000928" STYLEREFS="TXT_1" VPOS="2127" WC="1" WIDTH="208"/>
            <SP HPOS="3084" ID="PAG_00000056_SP000771" VPOS="2128" WIDTH="42"/>
            <String CONTENT="pourrait-on" HEIGHT="42" HPOS="3126" ID="PAG_00000056_ST000929" STYLEREFS="TXT_1" VPOS="2128" WC="1" WIDTH="218"/>
            <SP HPOS="3344" ID="PAG_00000056_SP000772" VPOS="2127" WIDTH="42"/>
            <String CONTENT="dire," HEIGHT="40" HPOS="3386" ID="PAG_00000056_ST000930" STYLEREFS="TXT_1" VPOS="2127" WC="1" WIDTH="81"/>
            <SP HPOS="3467" ID="PAG_00000056_SP000773" VPOS="2136" WIDTH="36"/>
            <String CONTENT="par" HEIGHT="32" HPOS="3503" ID="PAG_00000056_ST000931" STYLEREFS="TXT_1" VPOS="2136" WC="1" WIDTH="41"/>
          </TextLine>
          <TextLine HEIGHT="92" HPOS="2876" ID="PAG_00000056_TL000159" STYLEREFS="TXT_1" VPOS="2171" WIDTH="684">
            <String CONTENT="régularité," HEIGHT="42" HPOS="2876" ID="PAG_00000056_ST000932" STYLEREFS="TXT_1" VPOS="2172" WC="1" WIDTH="195"/>
            <SP HPOS="3071" ID="PAG_00000056_SP000774" VPOS="2185" WIDTH="35"/>
            <String CONTENT="par" HEIGHT="30" HPOS="3106" ID="PAG_00000056_ST000933" STYLEREFS="TXT_1" VPOS="2185" WC="1" WIDTH="62"/>
            <SP HPOS="3168" ID="PAG_00000056_SP000775" VPOS="2173" WIDTH="33"/>
            <String CONTENT="la" HEIGHT="33" HPOS="3201" ID="PAG_00000056_ST000934" STYLEREFS="TXT_1" VPOS="2173" WC="1" WIDTH="31"/>
            <SP HPOS="3232" ID="PAG_00000056_SP000776" VPOS="2171" WIDTH="35"/>
            <String CONTENT="compréhension" HEIGHT="51" HPOS="3267" ID="PAG_00000056_ST000935" STYLEREFS="TXT_1" VPOS="2171" WC="1" WIDTH="265"/>
            <SP HPOS="3532" ID="PAG_00000056_SP000777" VPOS="2178" WIDTH="18"/>
            <String CONTENT="1" HEIGHT="85" HPOS="3550" ID="PAG_00000056_ST000936" STYLEREFS="TXT_1" TYPE="illegible" VPOS="2178" WC="0.00" WIDTH="10"/>
          </TextLine>
          <TextLine HEIGHT="57" HPOS="2875" ID="PAG_00000056_TL000160" STYLEREFS="TXT_1" VPOS="2206" WIDTH="685">
            <String CONTENT="mirable" HEIGHT="33" HPOS="2875" ID="PAG_00000056_ST000937" STYLEREFS="TXT_1" VPOS="2217" WC="1" WIDTH="144"/>
            <SP HPOS="3019" ID="PAG_00000056_SP000778" VPOS="2217" WIDTH="20"/>
            <String CONTENT="de" HEIGHT="33" HPOS="3039" ID="PAG_00000056_ST000938" STYLEREFS="TXT_1" VPOS="2217" WC="1" WIDTH="43"/>
            <SP HPOS="3082" ID="PAG_00000056_SP000779" VPOS="2217" WIDTH="20"/>
            <String CONTENT="chaque" HEIGHT="42" HPOS="3102" ID="PAG_00000056_ST000939" STYLEREFS="TXT_1" VPOS="2217" WC="1" WIDTH="135"/>
            <SP HPOS="3237" ID="PAG_00000056_SP000780" VPOS="2217" WIDTH="20"/>
            <String CONTENT="chef" HEIGHT="34" HPOS="3257" ID="PAG_00000056_ST000940" STYLEREFS="TXT_1" VPOS="2217" WC="1" WIDTH="79"/>
            <SP HPOS="3336" ID="PAG_00000056_SP000781" VPOS="2216" WIDTH="19"/>
            <String CONTENT="de" HEIGHT="34" HPOS="3355" ID="PAG_00000056_ST000941" STYLEREFS="TXT_1" VPOS="2216" WC="1" WIDTH="42"/>
            <SP HPOS="3397" ID="PAG_00000056_SP000782" VPOS="2215" WIDTH="20"/>
            <String CONTENT="section," HEIGHT="34" HPOS="3417" ID="PAG_00000056_ST000942" STYLEREFS="TXT_1" VPOS="2215" WC="0.98" WIDTH="120"/>
            <SP HPOS="3537" ID="PAG_00000056_SP000783" VPOS="2206" WIDTH="16"/>
            <String CONTENT="j" HEIGHT="57" HPOS="3553" ID="PAG_00000056_ST000943" STYLEREFS="TXT_1" TYPE="illegible" VPOS="2206" WC="0.37" WIDTH="7"/>
          </TextLine>
          <TextLine HEIGHT="45" HPOS="2875" ID="PAG_00000056_TL000161" STYLEREFS="TXT_1" VPOS="2258" WIDTH="685">
            <String CONTENT="me" HEIGHT="21" HPOS="2875" ID="PAG_00000056_ST000944" STYLEREFS="TXT_1" VPOS="2273" WC="1" WIDTH="53"/>
            <SP HPOS="2928" ID="PAG_00000056_SP000784" VPOS="2261" WIDTH="26"/>
            <String CONTENT="promène" HEIGHT="42" HPOS="2954" ID="PAG_00000056_ST000945" STYLEREFS="TXT_1" VPOS="2261" WC="1" WIDTH="165"/>
            <SP HPOS="3119" ID="PAG_00000056_SP000785" VPOS="2261" WIDTH="24"/>
            <String CONTENT="dans" HEIGHT="33" HPOS="3143" ID="PAG_00000056_ST000946" STYLEREFS="TXT_1" VPOS="2261" WC="1" WIDTH="87"/>
            <SP HPOS="3230" ID="PAG_00000056_SP000786" VPOS="2274" WIDTH="26"/>
            <String CONTENT="ces" HEIGHT="21" HPOS="3256" ID="PAG_00000056_ST000947" STYLEREFS="TXT_1" VPOS="2274" WC="1" WIDTH="54"/>
            <SP HPOS="3310" ID="PAG_00000056_SP000787" VPOS="2262" WIDTH="26"/>
            <String CONTENT="longues" HEIGHT="41" HPOS="3336" ID="PAG_00000056_ST000948" STYLEREFS="TXT_1" VPOS="2262" WC="1" WIDTH="137"/>
            <SP HPOS="3473" ID="PAG_00000056_SP000788" VPOS="2258" WIDTH="23"/>
            <String CONTENT="galen" HEIGHT="43" HPOS="3496" ID="PAG_00000056_ST000949" STYLEREFS="TXT_1" VPOS="2258" WC="1" WIDTH="64"/>
          </TextLine>
          <TextLine HEIGHT="44" HPOS="2876" ID="PAG_00000056_TL000162" STYLEREFS="TXT_1" VPOS="2302" WIDTH="684">
            <String CONTENT="à" HEIGHT="33" HPOS="2876" ID="PAG_00000056_ST000950" STYLEREFS="TXT_1" VPOS="2305" WC="1" WIDTH="17"/>
            <SP HPOS="2893" ID="PAG_00000056_SP000789" VPOS="2306" WIDTH="24"/>
            <String CONTENT="cellules," HEIGHT="40" HPOS="2917" ID="PAG_00000056_ST000951" STYLEREFS="TXT_1" VPOS="2306" WC="1" WIDTH="148"/>
            <SP HPOS="3065" ID="PAG_00000056_SP000790" VPOS="2318" WIDTH="25"/>
            <String CONTENT="car" HEIGHT="21" HPOS="3090" ID="PAG_00000056_ST000952" STYLEREFS="TXT_1" VPOS="2318" WC="1" WIDTH="57"/>
            <SP HPOS="3147" ID="PAG_00000056_SP000791" VPOS="2306" WIDTH="23"/>
            <String CONTENT="c'est" HEIGHT="33" HPOS="3170" ID="PAG_00000056_ST000953" STYLEREFS="TXT_1" VPOS="2306" WC="1" WIDTH="85"/>
            <SP HPOS="3255" ID="PAG_00000056_SP000792" VPOS="2306" WIDTH="23"/>
            <String CONTENT="là" HEIGHT="33" HPOS="3278" ID="PAG_00000056_ST000954" STYLEREFS="TXT_1" VPOS="2306" WC="1" WIDTH="30"/>
            <SP HPOS="3308" ID="PAG_00000056_SP000793" VPOS="2306" WIDTH="24"/>
            <String CONTENT="le" HEIGHT="33" HPOS="3332" ID="PAG_00000056_ST000955" STYLEREFS="TXT_1" VPOS="2306" WC="1" WIDTH="30"/>
            <SP HPOS="3362" ID="PAG_00000056_SP000794" VPOS="2314" WIDTH="23"/>
            <String CONTENT="mot" HEIGHT="25" HPOS="3385" ID="PAG_00000056_ST000956" STYLEREFS="TXT_1" VPOS="2314" WC="1" WIDTH="73"/>
            <SP HPOS="3458" ID="PAG_00000056_SP000795" VPOS="2302" WIDTH="20"/>
            <String CONTENT="qui" HEIGHT="44" HPOS="3478" ID="PAG_00000056_ST000957" STYLEREFS="TXT_1" VPOS="2302" WC="1" WIDTH="48"/>
            <SP HPOS="3526" ID="PAG_00000056_SP000796" VPOS="2312" WIDTH="12"/>
            <String CONTENT="co" HEIGHT="22" HPOS="3538" ID="PAG_00000056_ST000958" STYLEREFS="TXT_1" VPOS="2312" WC="0.82" WIDTH="22"/>
          </TextLine>
          <TextLine HEIGHT="40" HPOS="2875" ID="PAG_00000056_TL000163" STYLEREFS="TXT_1" VPOS="2344" WIDTH="685">
            <String CONTENT="vient" HEIGHT="34" HPOS="2875" ID="PAG_00000056_ST000959" STYLEREFS="TXT_1" VPOS="2350" WC="1" WIDTH="97"/>
            <SP HPOS="2972" ID="PAG_00000056_SP000797" VPOS="2350" WIDTH="25"/>
            <String CONTENT="à" HEIGHT="34" HPOS="2997" ID="PAG_00000056_ST000960" STYLEREFS="TXT_1" VPOS="2350" WC="1" WIDTH="18"/>
            <SP HPOS="3015" ID="PAG_00000056_SP000798" VPOS="2359" WIDTH="27"/>
            <String CONTENT="toutes" HEIGHT="25" HPOS="3042" ID="PAG_00000056_ST000961" STYLEREFS="TXT_1" VPOS="2359" WC="1" WIDTH="116"/>
            <SP HPOS="3158" ID="PAG_00000056_SP000799" VPOS="2362" WIDTH="27"/>
            <String CONTENT="ces" HEIGHT="22" HPOS="3185" ID="PAG_00000056_ST000962" STYLEREFS="TXT_1" VPOS="2362" WC="1" WIDTH="53"/>
            <SP HPOS="3238" ID="PAG_00000056_SP000800" VPOS="2350" WIDTH="27"/>
            <String CONTENT="chambres" HEIGHT="34" HPOS="3265" ID="PAG_00000056_ST000963" STYLEREFS="TXT_1" VPOS="2350" WC="1" WIDTH="179"/>
            <SP HPOS="3444" ID="PAG_00000056_SP000801" VPOS="2344" WIDTH="25"/>
            <String CONTENT="destine" HEIGHT="38" HPOS="3469" ID="PAG_00000056_ST000964" STYLEREFS="TXT_1" VPOS="2344" WC="0.92" WIDTH="91"/>
          </TextLine>
          <TextLine HEIGHT="45" HPOS="2874" ID="PAG_00000056_TL000164" STYLEREFS="TXT_1" VPOS="2392" WIDTH="686">
            <String CONTENT="au" HEIGHT="21" HPOS="2874" ID="PAG_00000056_ST000965" STYLEREFS="TXT_1" VPOS="2406" WC="1" WIDTH="44"/>
            <SP HPOS="2918" ID="PAG_00000056_SP000802" VPOS="2395" WIDTH="29"/>
            <String CONTENT="triage" HEIGHT="42" HPOS="2947" ID="PAG_00000056_ST000966" STYLEREFS="TXT_1" VPOS="2395" WC="1" WIDTH="109"/>
            <SP HPOS="3056" ID="PAG_00000056_SP000803" VPOS="2395" WIDTH="27"/>
            <String CONTENT="des" HEIGHT="33" HPOS="3083" ID="PAG_00000056_ST000967" STYLEREFS="TXT_1" VPOS="2395" WC="1" WIDTH="59"/>
            <SP HPOS="3142" ID="PAG_00000056_SP000804" VPOS="2395" WIDTH="29"/>
            <String CONTENT="lins," HEIGHT="41" HPOS="3171" ID="PAG_00000056_ST000968" STYLEREFS="TXT_1" VPOS="2395" WC="1" WIDTH="76"/>
            <SP HPOS="3247" ID="PAG_00000056_SP000805" VPOS="2408" WIDTH="30"/>
            <String CONTENT="aux" HEIGHT="21" HPOS="3277" ID="PAG_00000056_ST000969" STYLEREFS="TXT_1" VPOS="2408" WC="1" WIDTH="67"/>
            <SP HPOS="3344" ID="PAG_00000056_SP000806" VPOS="2394" WIDTH="27"/>
            <String CONTENT="pièces" HEIGHT="43" HPOS="3371" ID="PAG_00000056_ST000970" STYLEREFS="TXT_1" VPOS="2394" WC="1" WIDTH="108"/>
            <SP HPOS="3479" ID="PAG_00000056_SP000807" VPOS="2392" WIDTH="24"/>
            <String CONTENT="devai" HEIGHT="33" HPOS="3503" ID="PAG_00000056_ST000971" STYLEREFS="TXT_1" VPOS="2392" WC="0.97" WIDTH="57"/>
          </TextLine>
          <TextLine HEIGHT="43" HPOS="2874" ID="PAG_00000056_TL000165" STYLEREFS="TXT_1" VPOS="2437" WIDTH="686">
            <String CONTENT="passer" HEIGHT="29" HPOS="2874" ID="PAG_00000056_ST000972" STYLEREFS="TXT_1" VPOS="2451" WC="1" WIDTH="117"/>
            <SP HPOS="2991" ID="PAG_00000056_SP000808" VPOS="2440" WIDTH="17"/>
            <String CONTENT="à" HEIGHT="32" HPOS="3008" ID="PAG_00000056_ST000973" STYLEREFS="TXT_1" VPOS="2440" WC="1" WIDTH="18"/>
            <SP HPOS="3026" ID="PAG_00000056_SP000809" VPOS="2440" WIDTH="20"/>
            <String CONTENT="la" HEIGHT="32" HPOS="3046" ID="PAG_00000056_ST000974" STYLEREFS="TXT_1" VPOS="2440" WC="1" WIDTH="31"/>
            <SP HPOS="3077" ID="PAG_00000056_SP000810" VPOS="2440" WIDTH="19"/>
            <String CONTENT="teinture," HEIGHT="40" HPOS="3096" ID="PAG_00000056_ST000975" STYLEREFS="TXT_1" VPOS="2440" WC="1" WIDTH="164"/>
            <SP HPOS="3260" ID="PAG_00000056_SP000811" VPOS="2440" WIDTH="19"/>
            <String CONTENT="à" HEIGHT="33" HPOS="3279" ID="PAG_00000056_ST000976" STYLEREFS="TXT_1" VPOS="2440" WC="1" WIDTH="18"/>
            <SP HPOS="3297" ID="PAG_00000056_SP000812" VPOS="2437" WIDTH="19"/>
            <String CONTENT="l'échantillonnai" HEIGHT="36" HPOS="3316" ID="PAG_00000056_ST000977" STYLEREFS="TXT_1" VPOS="2437" WC="1" WIDTH="244"/>
          </TextLine>
          <TextLine HEIGHT="44" HPOS="2873" ID="PAG_00000056_TL000166" STYLEREFS="TXT_1" VPOS="2483" WIDTH="687">
            <String CONTENT="des" HEIGHT="33" HPOS="2873" ID="PAG_00000056_ST000978" STYLEREFS="TXT_1" VPOS="2483" WC="1" WIDTH="59"/>
            <SP HPOS="2932" ID="PAG_00000056_SP000813" VPOS="2484" WIDTH="38"/>
            <String CONTENT="couleurs," HEIGHT="41" HPOS="2970" ID="PAG_00000056_ST000979" STYLEREFS="TXT_1" VPOS="2484" WC="1" WIDTH="168"/>
            <SP HPOS="3138" ID="PAG_00000056_SP000814" VPOS="2484" WIDTH="40"/>
            <String CONTENT="à" HEIGHT="33" HPOS="3178" ID="PAG_00000056_ST000980" STYLEREFS="TXT_1" VPOS="2484" WC="1" WIDTH="18"/>
            <SP HPOS="3196" ID="PAG_00000056_SP000815" VPOS="2484" WIDTH="38"/>
            <String CONTENT="l'empaquetage," HEIGHT="43" HPOS="3234" ID="PAG_00000056_ST000981" STYLEREFS="TXT_1" VPOS="2484" WC="1" WIDTH="279"/>
            <SP HPOS="3513" ID="PAG_00000056_SP000816" VPOS="2485" WIDTH="25"/>
            <String CONTENT="eti" HEIGHT="27" HPOS="3538" ID="PAG_00000056_ST000982" STYLEREFS="TXT_1" TYPE="illegible" VPOS="2485" WC="0.02" WIDTH="22"/>
          </TextLine>
          <TextLine HEIGHT="42" HPOS="2873" ID="PAG_00000056_TL000167" STYLEREFS="TXT_1" VPOS="2528" WIDTH="687">
            <String CONTENT="etc." HEIGHT="25" HPOS="2873" ID="PAG_00000056_ST000983" STYLEREFS="TXT_1" VPOS="2536" WC="1" WIDTH="65"/>
            <SP HPOS="2938" ID="PAG_00000056_SP000817" VPOS="2528" WIDTH="54"/>
            <String CONTENT="Certaines" HEIGHT="34" HPOS="2992" ID="PAG_00000056_ST000984" STYLEREFS="TXT_1" VPOS="2528" WC="1" WIDTH="182"/>
            <SP HPOS="3174" ID="PAG_00000056_SP000818" VPOS="2529" WIDTH="31"/>
            <String CONTENT="armoires" HEIGHT="33" HPOS="3205" ID="PAG_00000056_ST000985" STYLEREFS="TXT_1" VPOS="2529" WC="1" WIDTH="163"/>
            <SP HPOS="3368" ID="PAG_00000056_SP000819" VPOS="2528" WIDTH="31"/>
            <String CONTENT="gigantesqu" HEIGHT="42" HPOS="3399" ID="PAG_00000056_ST000986" STYLEREFS="TXT_1" VPOS="2528" WC="0.93" WIDTH="161"/>
          </TextLine>
          <TextLine HEIGHT="44" HPOS="2872" ID="PAG_00000056_TL000168" STYLEREFS="TXT_1" VPOS="2570" WIDTH="688">
            <String CONTENT="qu'on" HEIGHT="41" HPOS="2872" ID="PAG_00000056_ST000987" STYLEREFS="TXT_1" VPOS="2573" WC="1" WIDTH="106"/>
            <SP HPOS="2978" ID="PAG_00000056_SP000820" VPOS="2585" WIDTH="31"/>
            <String CONTENT="ouvre" HEIGHT="21" HPOS="3009" ID="PAG_00000056_ST000988" STYLEREFS="TXT_1" VPOS="2585" WC="1" WIDTH="109"/>
            <SP HPOS="3118" ID="PAG_00000056_SP000821" VPOS="2572" WIDTH="32"/>
            <String CONTENT="devant" HEIGHT="35" HPOS="3150" ID="PAG_00000056_ST000989" STYLEREFS="TXT_1" VPOS="2572" WC="1" WIDTH="133"/>
            <SP HPOS="3283" ID="PAG_00000056_SP000822" VPOS="2573" WIDTH="31"/>
            <String CONTENT="moi" HEIGHT="33" HPOS="3314" ID="PAG_00000056_ST000990" STYLEREFS="TXT_1" VPOS="2573" WC="1" WIDTH="69"/>
            <SP HPOS="3383" ID="PAG_00000056_SP000823" VPOS="2585" WIDTH="31"/>
            <String CONTENT="me" HEIGHT="20" HPOS="3414" ID="PAG_00000056_ST000991" STYLEREFS="TXT_1" VPOS="2585" WC="1" WIDTH="52"/>
            <SP HPOS="3466" ID="PAG_00000056_SP000824" VPOS="2570" WIDTH="27"/>
            <String CONTENT="laissé" HEIGHT="34" HPOS="3493" ID="PAG_00000056_ST000992" STYLEREFS="TXT_1" VPOS="2570" WC="0.89" WIDTH="67"/>
          </TextLine>
          <TextLine HEIGHT="42" HPOS="2871" ID="PAG_00000056_TL000169" STYLEREFS="TXT_1" VPOS="2615" WIDTH="689">
            <String CONTENT="éblouie," HEIGHT="40" HPOS="2871" ID="PAG_00000056_ST000993" STYLEREFS="TXT_1" VPOS="2617" WC="1" WIDTH="146"/>
            <SP HPOS="3017" ID="PAG_00000056_SP000825" VPOS="2617" WIDTH="30"/>
            <String CONTENT="devant" HEIGHT="34" HPOS="3047" ID="PAG_00000056_ST000994" STYLEREFS="TXT_1" VPOS="2617" WC="1" WIDTH="133"/>
            <SP HPOS="3180" ID="PAG_00000056_SP000826" VPOS="2617" WIDTH="27"/>
            <String CONTENT="les" HEIGHT="34" HPOS="3207" ID="PAG_00000056_ST000995" STYLEREFS="TXT_1" VPOS="2617" WC="1" WIDTH="55"/>
            <SP HPOS="3262" ID="PAG_00000056_SP000827" VPOS="2617" WIDTH="16"/>
            <String CONTENT="flottes" HEIGHT="35" HPOS="3320" ID="PAG_00000056_ST000996" STYLEREFS="TXT_1" VPOS="2616" WC="1" WIDTH="109"/>
            <SP HPOS="3429" ID="PAG_00000056_SP000828" VPOS="2616" WIDTH="25"/>
            <String CONTENT="de" HEIGHT="33" HPOS="3495" ID="PAG_00000056_ST000997" STYLEREFS="TXT_1" VPOS="2615" WC="1" WIDTH="32"/>
            <SP HPOS="3527" ID="PAG_00000056_SP000829" VPOS="2622" WIDTH="16"/>
            <String CONTENT="4" HEIGHT="35" HPOS="3543" ID="PAG_00000056_ST000998" STYLEREFS="TXT_1" TYPE="illegible" VPOS="2622" WC="0.00" WIDTH="17"/>
          </TextLine>
          <TextLine HEIGHT="50" HPOS="2873" ID="PAG_00000056_TL000170" STYLEREFS="TXT_1" VPOS="2654" WIDTH="687">
            <String CONTENT="aux" HEIGHT="22" HPOS="2873" ID="PAG_00000056_ST000999" STYLEREFS="TXT_1" VPOS="2673" WC="1" WIDTH="66"/>
            <SP HPOS="2939" ID="PAG_00000056_SP000830" VPOS="2662" WIDTH="22"/>
            <String CONTENT="mille" HEIGHT="33" HPOS="2961" ID="PAG_00000056_ST001000" STYLEREFS="TXT_1" VPOS="2662" WC="1" WIDTH="92"/>
            <SP HPOS="3053" ID="PAG_00000056_SP000831" VPOS="2662" WIDTH="22"/>
            <String CONTENT="couleurs," HEIGHT="42" HPOS="3075" ID="PAG_00000056_ST001001" STYLEREFS="TXT_1" VPOS="2662" WC="1" WIDTH="171"/>
            <SP HPOS="3246" ID="PAG_00000056_SP000832" VPOS="2663" WIDTH="22"/>
            <String CONTENT="posées" HEIGHT="41" HPOS="3268" ID="PAG_00000056_ST001002" STYLEREFS="TXT_1" VPOS="2663" WC="1" WIDTH="118"/>
            <SP HPOS="3386" ID="PAG_00000056_SP000833" VPOS="2662" WIDTH="23"/>
            <String CONTENT="chacune" HEIGHT="33" HPOS="3409" ID="PAG_00000056_ST001003" STYLEREFS="TXT_1" VPOS="2662" WC="1" WIDTH="129"/>
            <SP HPOS="3538" ID="PAG_00000056_SP000834" VPOS="2654" WIDTH="10"/>
            <String CONTENT="J" HEIGHT="39" HPOS="3548" ID="PAG_00000056_ST001004" STYLEREFS="TXT_1" TYPE="illegible" VPOS="2654" WC="0.00" WIDTH="12"/>
          </TextLine>
          <TextLine HEIGHT="57" HPOS="2872" ID="PAG_00000056_TL000171" STYLEREFS="TXT_1" VPOS="2699" WIDTH="688">
            <String CONTENT="un" HEIGHT="20" HPOS="2872" ID="PAG_00000056_ST001005" STYLEREFS="TXT_1" VPOS="2718" WC="1" WIDTH="46"/>
            <SP HPOS="2918" ID="PAG_00000056_SP000835" VPOS="2715" WIDTH="34"/>
            <String CONTENT="porte-manteau" HEIGHT="33" HPOS="2952" ID="PAG_00000056_ST001006" STYLEREFS="TXT_1" VPOS="2715" WC="1" WIDTH="283"/>
            <SP HPOS="3235" ID="PAG_00000056_SP000836" VPOS="2707" WIDTH="40"/>
            <String CONTENT="de" HEIGHT="33" HPOS="3275" ID="PAG_00000056_ST001007" STYLEREFS="TXT_1" VPOS="2707" WC="1" WIDTH="43"/>
            <SP HPOS="3318" ID="PAG_00000056_SP000837" VPOS="2706" WIDTH="38"/>
            <String CONTENT="nickel," HEIGHT="39" HPOS="3356" ID="PAG_00000056_ST001008" STYLEREFS="TXT_1" VPOS="2706" WC="1" WIDTH="119"/>
            <SP HPOS="3475" ID="PAG_00000056_SP000838" VPOS="2712" WIDTH="29"/>
            <String CONTENT="et" HEIGHT="24" HPOS="3504" ID="PAG_00000056_ST001009" STYLEREFS="TXT_1" VPOS="2712" WC="1" WIDTH="25"/>
            <SP HPOS="3529" ID="PAG_00000056_SP000839" VPOS="2699" WIDTH="18"/>
            <String CONTENT="j" HEIGHT="57" HPOS="3547" ID="PAG_00000056_ST001010" STYLEREFS="TXT_1" TYPE="illegible" VPOS="2699" WC="0.00" WIDTH="13"/>
          </TextLine>
          <TextLine HEIGHT="41" HPOS="2871" ID="PAG_00000056_TL000172" STYLEREFS="TXT_1" VPOS="2750" WIDTH="677">
            <String CONTENT="semblent" HEIGHT="33" HPOS="2871" ID="PAG_00000056_ST001011" STYLEREFS="TXT_1" VPOS="2751" WC="1" WIDTH="173"/>
            <SP HPOS="3044" ID="PAG_00000056_SP000840" VPOS="2763" WIDTH="48"/>
            <String CONTENT="au" HEIGHT="21" HPOS="3092" ID="PAG_00000056_ST001012" STYLEREFS="TXT_1" VPOS="2763" WC="1" WIDTH="42"/>
            <SP HPOS="3134" ID="PAG_00000056_SP000841" VPOS="2751" WIDTH="50"/>
            <String CONTENT="mécréant," HEIGHT="40" HPOS="3184" ID="PAG_00000056_ST001013" STYLEREFS="TXT_1" VPOS="2751" WC="1" WIDTH="187"/>
            <SP HPOS="3371" ID="PAG_00000056_SP000842" VPOS="2750" WIDTH="48"/>
            <String CONTENT="d'imme" HEIGHT="33" HPOS="3419" ID="PAG_00000056_ST001014" STYLEREFS="TXT_1" VPOS="2750" WC="0.95" WIDTH="129"/>
          </TextLine>
          <TextLine HEIGHT="50" HPOS="2871" ID="PAG_00000056_TL000173" STYLEREFS="TXT_1" VPOS="2788" WIDTH="689">
            <String CONTENT="perruques" HEIGHT="30" HPOS="2871" ID="PAG_00000056_ST001015" STYLEREFS="TXT_1" VPOS="2807" WC="1" WIDTH="188"/>
            <SP HPOS="3059" ID="PAG_00000056_SP000843" VPOS="2795" WIDTH="29"/>
            <String CONTENT="de" HEIGHT="33" HPOS="3088" ID="PAG_00000056_ST001016" STYLEREFS="TXT_1" VPOS="2795" WC="1" WIDTH="43"/>
            <SP HPOS="3131" ID="PAG_00000056_SP000844" VPOS="2796" WIDTH="27"/>
            <String CONTENT="quelque" HEIGHT="42" HPOS="3158" ID="PAG_00000056_ST001017" STYLEREFS="TXT_1" VPOS="2796" WC="1" WIDTH="150"/>
            <SP HPOS="3308" ID="PAG_00000056_SP000845" VPOS="2795" WIDTH="27"/>
            <String CONTENT="fabuleuse" HEIGHT="34" HPOS="3335" ID="PAG_00000056_ST001018" STYLEREFS="TXT_1" VPOS="2795" WC="1" WIDTH="170"/>
            <SP HPOS="3505" ID="PAG_00000056_SP000846" VPOS="2788" WIDTH="20"/>
            <String CONTENT="Ci" HEIGHT="36" HPOS="3525" ID="PAG_00000056_ST001019" STYLEREFS="TXT_1" TYPE="illegible" VPOS="2788" WC="0.00" WIDTH="35"/>
          </TextLine>
          <TextLine HEIGHT="50" HPOS="2871" ID="PAG_00000056_TL000174" STYLEREFS="TXT_1" VPOS="2832" WIDTH="682">
            <String CONTENT="pâtre." HEIGHT="41" HPOS="2871" ID="PAG_00000056_ST001020" STYLEREFS="TXT_1" VPOS="2839" WC="1" WIDTH="110"/>
            <SP HPOS="2981" ID="PAG_00000056_SP000847" VPOS="2840" WIDTH="49"/>
            <String CONTENT="On" HEIGHT="33" HPOS="3030" ID="PAG_00000056_ST001021" STYLEREFS="TXT_1" VPOS="2840" WC="1" WIDTH="55"/>
            <SP HPOS="3085" ID="PAG_00000056_SP000848" VPOS="2840" WIDTH="27"/>
            <String CONTENT="appelle" HEIGHT="42" HPOS="3112" ID="PAG_00000056_ST001022" STYLEREFS="TXT_1" VPOS="2840" WC="1" WIDTH="131"/>
            <SP HPOS="3243" ID="PAG_00000056_SP000849" VPOS="2840" WIDTH="16"/>
            <String CONTENT="flotte" HEIGHT="33" HPOS="3309" ID="PAG_00000056_ST001023" STYLEREFS="TXT_1" VPOS="2840" WC="1" WIDTH="93"/>
            <SP HPOS="3402" ID="PAG_00000056_SP000850" VPOS="2840" WIDTH="25"/>
            <String CONTENT="les" HEIGHT="32" HPOS="3468" ID="PAG_00000056_ST001024" STYLEREFS="TXT_1" VPOS="2839" WC="1" WIDTH="39"/>
            <SP HPOS="3507" ID="PAG_00000056_SP000851" VPOS="2832" WIDTH="18"/>
            <String CONTENT="éd" HEIGHT="35" HPOS="3525" ID="PAG_00000056_ST001025" STYLEREFS="TXT_1" TYPE="illegible" VPOS="2832" WC="0.04" WIDTH="28"/>
          </TextLine>
          <TextLine HEIGHT="48" HPOS="2870" ID="PAG_00000056_TL000175" STYLEREFS="TXT_1" VPOS="2879" WIDTH="674">
            <String CONTENT="veaux" HEIGHT="21" HPOS="2870" ID="PAG_00000056_ST001026" STYLEREFS="TXT_1" VPOS="2896" WC="1" WIDTH="112"/>
            <SP HPOS="2982" ID="PAG_00000056_SP000852" VPOS="2884" WIDTH="35"/>
            <String CONTENT="de" HEIGHT="33" HPOS="3017" ID="PAG_00000056_ST001027" STYLEREFS="TXT_1" VPOS="2884" WC="1" WIDTH="43"/>
            <SP HPOS="3060" ID="PAG_00000056_SP000853" VPOS="2884" WIDTH="34"/>
            <String CONTENT="soie" HEIGHT="33" HPOS="3094" ID="PAG_00000056_ST001028" STYLEREFS="TXT_1" VPOS="2884" WC="1" WIDTH="70"/>
            <SP HPOS="3164" ID="PAG_00000056_SP000854" VPOS="2884" WIDTH="34"/>
            <String CONTENT="qui" HEIGHT="43" HPOS="3198" ID="PAG_00000056_ST001029" STYLEREFS="TXT_1" VPOS="2884" WC="1" WIDTH="60"/>
            <SP HPOS="3258" ID="PAG_00000056_SP000855" VPOS="2885" WIDTH="35"/>
            <String CONTENT="reviennent" HEIGHT="33" HPOS="3293" ID="PAG_00000056_ST001030" STYLEREFS="TXT_1" VPOS="2885" WC="1" WIDTH="197"/>
            <SP HPOS="3490" ID="PAG_00000056_SP000856" VPOS="2879" WIDTH="27"/>
            <String CONTENT="de" HEIGHT="33" HPOS="3517" ID="PAG_00000056_ST001031" STYLEREFS="TXT_1" VPOS="2879" WC="1" WIDTH="27"/>
          </TextLine>
          <TextLine HEIGHT="49" HPOS="2871" ID="PAG_00000056_TL000176" STYLEREFS="TXT_1" VPOS="2922" WIDTH="678">
            <String CONTENT="teinture" HEIGHT="34" HPOS="2871" ID="PAG_00000056_ST001032" STYLEREFS="TXT_1" VPOS="2928" WC="1" WIDTH="151"/>
            <SP HPOS="3022" ID="PAG_00000056_SP000857" VPOS="2937" WIDTH="23"/>
            <String CONTENT="et" HEIGHT="25" HPOS="3045" ID="PAG_00000056_ST001033" STYLEREFS="TXT_1" VPOS="2937" WC="1" WIDTH="35"/>
            <SP HPOS="3080" ID="PAG_00000056_SP000858" VPOS="2929" WIDTH="23"/>
            <String CONTENT="qui" HEIGHT="42" HPOS="3103" ID="PAG_00000056_ST001034" STYLEREFS="TXT_1" VPOS="2929" WC="1" WIDTH="59"/>
            <SP HPOS="3162" ID="PAG_00000056_SP000859" VPOS="2929" WIDTH="24"/>
            <String CONTENT="attendent" HEIGHT="34" HPOS="3186" ID="PAG_00000056_ST001035" STYLEREFS="TXT_1" VPOS="2929" WC="1" WIDTH="187"/>
            <SP HPOS="3373" ID="PAG_00000056_SP000860" VPOS="2929" WIDTH="21"/>
            <String CONTENT="leur" HEIGHT="33" HPOS="3394" ID="PAG_00000056_ST001036" STYLEREFS="TXT_1" VPOS="2929" WC="1" WIDTH="70"/>
            <SP HPOS="3464" ID="PAG_00000056_SP000861" VPOS="2922" WIDTH="19"/>
            <String CONTENT="desti" HEIGHT="37" HPOS="3483" ID="PAG_00000056_ST001037" STYLEREFS="TXT_1" VPOS="2922" WC="1" WIDTH="66"/>
          </TextLine>
          <TextLine HEIGHT="43" HPOS="2870" ID="PAG_00000056_TL000177" STYLEREFS="TXT_1" VPOS="2972" WIDTH="679">
            <String CONTENT="tion" HEIGHT="33" HPOS="2870" ID="PAG_00000056_ST001038" STYLEREFS="TXT_1" VPOS="2972" WC="1" WIDTH="74"/>
            <SP HPOS="2944" ID="PAG_00000056_SP000862" VPOS="2985" WIDTH="21"/>
            <String CONTENT=":" HEIGHT="21" HPOS="2965" ID="PAG_00000056_ST001039" STYLEREFS="TXT_1" VPOS="2985" WC="1" WIDTH="6"/>
            <SP HPOS="2971" ID="PAG_00000056_SP000863" VPOS="2985" WIDTH="28"/>
            <String CONTENT="rouge," HEIGHT="30" HPOS="2999" ID="PAG_00000056_ST001040" STYLEREFS="TXT_1" VPOS="2985" WC="1" WIDTH="115"/>
            <SP HPOS="3114" ID="PAG_00000056_SP000864" VPOS="2973" WIDTH="28"/>
            <String CONTENT="bleu," HEIGHT="41" HPOS="3142" ID="PAG_00000056_ST001041" STYLEREFS="TXT_1" VPOS="2973" WC="1" WIDTH="90"/>
            <SP HPOS="3232" ID="PAG_00000056_SP000865" VPOS="2982" WIDTH="27"/>
            <String CONTENT="vert," HEIGHT="32" HPOS="3259" ID="PAG_00000056_ST001042" STYLEREFS="TXT_1" VPOS="2982" WC="1" WIDTH="89"/>
            <SP HPOS="3348" ID="PAG_00000056_SP000866" VPOS="2982" WIDTH="27"/>
            <String CONTENT="tous" HEIGHT="24" HPOS="3375" ID="PAG_00000056_ST001043" STYLEREFS="TXT_1" VPOS="2982" WC="1" WIDTH="76"/>
            <SP HPOS="3451" ID="PAG_00000056_SP000867" VPOS="2982" WIDTH="25"/>
            <String CONTENT="ces" HEIGHT="22" HPOS="3476" ID="PAG_00000056_ST001044" STYLEREFS="TXT_1" VPOS="2982" WC="1" WIDTH="43"/>
            <SP HPOS="3519" ID="PAG_00000056_SP000868" VPOS="2975" WIDTH="17"/>
            <String CONTENT="t&lt;" HEIGHT="26" HPOS="3536" ID="PAG_00000056_ST001045" STYLEREFS="TXT_1" TYPE="illegible" VPOS="2975" WC="0.00" WIDTH="13"/>
          </TextLine>
          <TextLine HEIGHT="47" HPOS="2870" ID="PAG_00000056_TL000178" STYLEREFS="TXT_1" VPOS="3014" WIDTH="682">
            <String CONTENT="admirables," HEIGHT="41" HPOS="2870" ID="PAG_00000056_ST001046" STYLEREFS="TXT_1" VPOS="3017" WC="1" WIDTH="220"/>
            <SP HPOS="3090" ID="PAG_00000056_SP000869" VPOS="3018" WIDTH="26"/>
            <String CONTENT="violents," HEIGHT="41" HPOS="3116" ID="PAG_00000056_ST001047" STYLEREFS="TXT_1" VPOS="3018" WC="1" WIDTH="161"/>
            <SP HPOS="3277" ID="PAG_00000056_SP000870" VPOS="3031" WIDTH="26"/>
            <String CONTENT="que" HEIGHT="30" HPOS="3303" ID="PAG_00000056_ST001048" STYLEREFS="TXT_1" VPOS="3031" WC="1" WIDTH="67"/>
            <SP HPOS="3370" ID="PAG_00000056_SP000871" VPOS="3029" WIDTH="25"/>
            <String CONTENT="nous" HEIGHT="22" HPOS="3395" ID="PAG_00000056_ST001049" STYLEREFS="TXT_1" VPOS="3029" WC="1" WIDTH="81"/>
            <SP HPOS="3476" ID="PAG_00000056_SP000872" VPOS="3014" WIDTH="21"/>
            <String CONTENT="aim." HEIGHT="47" HPOS="3497" ID="PAG_00000056_ST001050" STYLEREFS="TXT_1" VPOS="3014" WC="0.80" WIDTH="55"/>
          </TextLine>
        </TextBlock>
        <TextBlock HEIGHT="798" HPOS="2864" ID="PAG_00000056_TB000017" STYLEREFS="TXT_1" VPOS="3061" WIDTH="685" language="fr">
          <TextLine HEIGHT="44" HPOS="2870" ID="PAG_00000056_TL000179" STYLEREFS="TXT_1" VPOS="3061" WIDTH="676">
            <String CONTENT="depuis" HEIGHT="42" HPOS="2870" ID="PAG_00000056_ST001051" STYLEREFS="TXT_1" VPOS="3061" WC="1" WIDTH="121"/>
            <SP HPOS="2991" ID="PAG_00000056_SP000873" VPOS="3063" WIDTH="25"/>
            <String CONTENT="quelques" HEIGHT="42" HPOS="3016" ID="PAG_00000056_ST001052" STYLEREFS="TXT_1" VPOS="3063" WC="1" WIDTH="166"/>
            <SP HPOS="3182" ID="PAG_00000056_SP000874" VPOS="3062" WIDTH="26"/>
            <String CONTENT="années." HEIGHT="34" HPOS="3208" ID="PAG_00000056_ST001053" STYLEREFS="TXT_1" VPOS="3062" WC="1" WIDTH="138"/>
            <SP HPOS="3346" ID="PAG_00000056_SP000875" VPOS="3062" WIDTH="48"/>
            <String CONTENT="L'impress" HEIGHT="40" HPOS="3394" ID="PAG_00000056_ST001054" STYLEREFS="TXT_1" VPOS="3062" WC="1" WIDTH="152"/>
          </TextLine>
          <TextLine HEIGHT="47" HPOS="2869" ID="PAG_00000056_TL000180" STYLEREFS="TXT_1" VPOS="3102" WIDTH="679">
            <String CONTENT="devient" HEIGHT="35" HPOS="2869" ID="PAG_00000056_ST001055" STYLEREFS="TXT_1" VPOS="3105" WC="1" WIDTH="143"/>
            <SP HPOS="3012" ID="PAG_00000056_SP000876" VPOS="3107" WIDTH="21"/>
            <String CONTENT="ici" HEIGHT="32" HPOS="3033" ID="PAG_00000056_ST001056" STYLEREFS="TXT_1" VPOS="3107" WC="1" WIDTH="40"/>
            <SP HPOS="3073" ID="PAG_00000056_SP000877" VPOS="3107" WIDTH="22"/>
            <String CONTENT="fantastique." HEIGHT="42" HPOS="3095" ID="PAG_00000056_ST001057" STYLEREFS="TXT_1" VPOS="3107" WC="1" WIDTH="228"/>
            <SP HPOS="3323" ID="PAG_00000056_SP000878" VPOS="3107" WIDTH="46"/>
            <String CONTENT="Et" HEIGHT="33" HPOS="3369" ID="PAG_00000056_ST001058" STYLEREFS="TXT_1" VPOS="3107" WC="1" WIDTH="47"/>
            <SP HPOS="3416" ID="PAG_00000056_SP000879" VPOS="3102" WIDTH="19"/>
            <String CONTENT="depuis" HEIGHT="45" HPOS="3435" ID="PAG_00000056_ST001059" STYLEREFS="TXT_1" VPOS="3102" WC="1" WIDTH="113"/>
          </TextLine>
          <TextLine HEIGHT="47" HPOS="2869" ID="PAG_00000056_TL000181" STYLEREFS="TXT_1" VPOS="3146" WIDTH="671">
            <String CONTENT="siècles," HEIGHT="41" HPOS="2869" ID="PAG_00000056_ST001060" STYLEREFS="TXT_1" VPOS="3150" WC="1" WIDTH="128"/>
            <SP HPOS="2997" ID="PAG_00000056_SP000880" VPOS="3151" WIDTH="18"/>
            <String CONTENT="de" HEIGHT="33" HPOS="3015" ID="PAG_00000056_ST001061" STYLEREFS="TXT_1" VPOS="3151" WC="1" WIDTH="42"/>
            <SP HPOS="3057" ID="PAG_00000056_SP000881" VPOS="3151" WIDTH="18"/>
            <String CONTENT="la" HEIGHT="33" HPOS="3075" ID="PAG_00000056_ST001062" STYLEREFS="TXT_1" VPOS="3151" WC="1" WIDTH="31"/>
            <SP HPOS="3106" ID="PAG_00000056_SP000882" VPOS="3151" WIDTH="18"/>
            <String CONTENT="chrysalide" HEIGHT="42" HPOS="3124" ID="PAG_00000056_ST001063" STYLEREFS="TXT_1" VPOS="3151" WC="1" WIDTH="195"/>
            <SP HPOS="3319" ID="PAG_00000056_SP000883" VPOS="3146" WIDTH="18"/>
            <String CONTENT="s'échappe" HEIGHT="46" HPOS="3337" ID="PAG_00000056_ST001064" STYLEREFS="TXT_1" VPOS="3146" WC="1" WIDTH="156"/>
            <SP HPOS="3493" ID="PAG_00000056_SP000884" VPOS="3146" WIDTH="1"/>
            <String CONTENT="le" HEIGHT="46" HPOS="3493" ID="PAG_00000056_ST001065" STYLEREFS="TXT_1" VPOS="3146" WC="1" WIDTH="47"/>
          </TextLine>
          <TextLine HEIGHT="48" HPOS="2869" ID="PAG_00000056_TL000182" STYLEREFS="TXT_1" VPOS="3190" WIDTH="669">
            <String CONTENT="insecte" HEIGHT="33" HPOS="2869" ID="PAG_00000056_ST001066" STYLEREFS="TXT_1" VPOS="3195" WC="1" WIDTH="129"/>
            <SP HPOS="2998" ID="PAG_00000056_SP000885" VPOS="3195" WIDTH="26"/>
            <String CONTENT="qui" HEIGHT="43" HPOS="3024" ID="PAG_00000056_ST001067" STYLEREFS="TXT_1" VPOS="3195" WC="1" WIDTH="59"/>
            <SP HPOS="3083" ID="PAG_00000056_SP000886" VPOS="3196" WIDTH="28"/>
            <String CONTENT="répand" HEIGHT="42" HPOS="3111" ID="PAG_00000056_ST001068" STYLEREFS="TXT_1" VPOS="3196" WC="1" WIDTH="130"/>
            <SP HPOS="3241" ID="PAG_00000056_SP000887" VPOS="3196" WIDTH="28"/>
            <String CONTENT="dans" HEIGHT="33" HPOS="3269" ID="PAG_00000056_ST001069" STYLEREFS="TXT_1" VPOS="3196" WC="1" WIDTH="86"/>
            <SP HPOS="3355" ID="PAG_00000056_SP000888" VPOS="3196" WIDTH="27"/>
            <String CONTENT="le" HEIGHT="33" HPOS="3382" ID="PAG_00000056_ST001070" STYLEREFS="TXT_1" VPOS="3196" WC="1" WIDTH="30"/>
            <SP HPOS="3412" ID="PAG_00000056_SP000889" VPOS="3190" WIDTH="25"/>
            <String CONTENT="monde" HEIGHT="38" HPOS="3437" ID="PAG_00000056_ST001071" STYLEREFS="TXT_1" VPOS="3190" WC="1" WIDTH="101"/>
          </TextLine>
          <TextLine HEIGHT="40" HPOS="2868" ID="PAG_00000056_TL000183" STYLEREFS="TXT_1" VPOS="3239" WIDTH="681">
            <String CONTENT="fils" HEIGHT="33" HPOS="2868" ID="PAG_00000056_ST001072" STYLEREFS="TXT_1" VPOS="3239" WC="1" WIDTH="52"/>
            <SP HPOS="2920" ID="PAG_00000056_SP000890" VPOS="3240" WIDTH="22"/>
            <String CONTENT="innombrables" HEIGHT="33" HPOS="2942" ID="PAG_00000056_ST001073" STYLEREFS="TXT_1" VPOS="3240" WC="1" WIDTH="257"/>
            <SP HPOS="3199" ID="PAG_00000056_SP000891" VPOS="3240" WIDTH="21"/>
            <String CONTENT="de" HEIGHT="33" HPOS="3220" ID="PAG_00000056_ST001074" STYLEREFS="TXT_1" VPOS="3240" WC="1" WIDTH="43"/>
            <SP HPOS="3263" ID="PAG_00000056_SP000892" VPOS="3253" WIDTH="20"/>
            <String CONTENT="son" HEIGHT="21" HPOS="3283" ID="PAG_00000056_ST001075" STYLEREFS="TXT_1" VPOS="3253" WC="1" WIDTH="61"/>
            <SP HPOS="3344" ID="PAG_00000056_SP000893" VPOS="3252" WIDTH="21"/>
            <String CONTENT="cocon," HEIGHT="27" HPOS="3365" ID="PAG_00000056_ST001076" STYLEREFS="TXT_1" VPOS="3252" WC="1" WIDTH="112"/>
            <SP HPOS="3477" ID="PAG_00000056_SP000894" VPOS="3242" WIDTH="18"/>
            <String CONTENT="ces" HEIGHT="28" HPOS="3495" ID="PAG_00000056_ST001077" STYLEREFS="TXT_1" TYPE="illegible" VPOS="3242" WC="0.36" WIDTH="54"/>
          </TextLine>
          <TextLine HEIGHT="35" HPOS="2868" ID="PAG_00000056_TL000184" STYLEREFS="TXT_1" VPOS="3283" WIDTH="680">
            <String CONTENT="le" HEIGHT="33" HPOS="2868" ID="PAG_00000056_ST001078" STYLEREFS="TXT_1" VPOS="3284" WC="1" WIDTH="30"/>
            <SP HPOS="2898" ID="PAG_00000056_SP000895" VPOS="3284" WIDTH="12"/>
            <String CONTENT="laborieux" HEIGHT="33" HPOS="2910" ID="PAG_00000056_ST001079" STYLEREFS="TXT_1" VPOS="3284" WC="1" WIDTH="177"/>
            <SP HPOS="3087" ID="PAG_00000056_SP000896" VPOS="3284" WIDTH="11"/>
            <String CONTENT="ouvrier" HEIGHT="34" HPOS="3098" ID="PAG_00000056_ST001080" STYLEREFS="TXT_1" VPOS="3284" WC="1" WIDTH="139"/>
            <SP HPOS="3237" ID="PAG_00000056_SP000897" VPOS="3284" WIDTH="12"/>
            <String CONTENT="déroule" HEIGHT="34" HPOS="3249" ID="PAG_00000056_ST001081" STYLEREFS="TXT_1" VPOS="3284" WC="1" WIDTH="140"/>
            <SP HPOS="3389" ID="PAG_00000056_SP000898" VPOS="3296" WIDTH="12"/>
            <String CONTENT="sur" HEIGHT="21" HPOS="3401" ID="PAG_00000056_ST001082" STYLEREFS="TXT_1" VPOS="3296" WC="1" WIDTH="54"/>
            <SP HPOS="3455" ID="PAG_00000056_SP000899" VPOS="3283" WIDTH="10"/>
            <String CONTENT="le" HEIGHT="33" HPOS="3465" ID="PAG_00000056_ST001083" STYLEREFS="TXT_1" VPOS="3283" WC="1" WIDTH="26"/>
            <SP HPOS="3491" ID="PAG_00000056_SP000900" VPOS="3286" WIDTH="9"/>
            <String CONTENT="mol" HEIGHT="28" HPOS="3500" ID="PAG_00000056_ST001084" STYLEREFS="TXT_1" VPOS="3286" WC="0.83" WIDTH="48"/>
          </TextLine>
          <TextLine HEIGHT="43" HPOS="2868" ID="PAG_00000056_TL000185" STYLEREFS="TXT_1" VPOS="3328" WIDTH="680">
            <String CONTENT="les" HEIGHT="33" HPOS="2868" ID="PAG_00000056_ST001085" STYLEREFS="TXT_1" VPOS="3328" WC="1" WIDTH="46"/>
            <SP HPOS="2914" ID="PAG_00000056_SP000901" VPOS="3328" WIDTH="45"/>
            <String CONTENT="soies" HEIGHT="34" HPOS="2959" ID="PAG_00000056_ST001086" STYLEREFS="TXT_1" VPOS="3328" WC="1" WIDTH="86"/>
            <SP HPOS="3045" ID="PAG_00000056_SP000902" VPOS="3337" WIDTH="45"/>
            <String CONTENT="somptueuses" HEIGHT="34" HPOS="3090" ID="PAG_00000056_ST001087" STYLEREFS="TXT_1" VPOS="3337" WC="1" WIDTH="241"/>
            <SP HPOS="3331" ID="PAG_00000056_SP000903" VPOS="3329" WIDTH="45"/>
            <String CONTENT="de" HEIGHT="33" HPOS="3376" ID="PAG_00000056_ST001088" STYLEREFS="TXT_1" VPOS="3329" WC="1" WIDTH="41"/>
            <SP HPOS="3417" ID="PAG_00000056_SP000904" VPOS="3338" WIDTH="41"/>
            <String CONTENT="son" HEIGHT="23" HPOS="3458" ID="PAG_00000056_ST001089" STYLEREFS="TXT_1" VPOS="3338" WC="1" WIDTH="51"/>
            <SP HPOS="3509" ID="PAG_00000056_SP000905" VPOS="3332" WIDTH="29"/>
            <String CONTENT="j" HEIGHT="31" HPOS="3538" ID="PAG_00000056_ST001090" STYLEREFS="TXT_1" TYPE="illegible" VPOS="3332" WC="0.00" WIDTH="10"/>
          </TextLine>
          <TextLine HEIGHT="50" HPOS="2866" ID="PAG_00000056_TL000186" STYLEREFS="TXT_1" VPOS="3366" WIDTH="683">
            <String CONTENT="obscur." HEIGHT="33" HPOS="2866" ID="PAG_00000056_ST001091" STYLEREFS="TXT_1" VPOS="3373" WC="1" WIDTH="136"/>
            <SP HPOS="3002" ID="PAG_00000056_SP000906" VPOS="3373" WIDTH="45"/>
            <String CONTENT="Rien" HEIGHT="34" HPOS="3047" ID="PAG_00000056_ST001092" STYLEREFS="TXT_1" VPOS="3373" WC="1" WIDTH="89"/>
            <SP HPOS="3136" ID="PAG_00000056_SP000907" VPOS="3374" WIDTH="21"/>
            <String CONTENT="n'a" HEIGHT="32" HPOS="3157" ID="PAG_00000056_ST001093" STYLEREFS="TXT_1" VPOS="3374" WC="1" WIDTH="56"/>
            <SP HPOS="3213" ID="PAG_00000056_SP000908" VPOS="3374" WIDTH="21"/>
            <String CONTENT="changé" HEIGHT="42" HPOS="3234" ID="PAG_00000056_ST001094" STYLEREFS="TXT_1" VPOS="3374" WC="1" WIDTH="132"/>
            <SP HPOS="3366" ID="PAG_00000056_SP000909" VPOS="3373" WIDTH="20"/>
            <String CONTENT="dans" HEIGHT="33" HPOS="3386" ID="PAG_00000056_ST001095" STYLEREFS="TXT_1" VPOS="3373" WC="1" WIDTH="81"/>
            <SP HPOS="3467" ID="PAG_00000056_SP000910" VPOS="3371" WIDTH="18"/>
            <String CONTENT="le" HEIGHT="32" HPOS="3485" ID="PAG_00000056_ST001096" STYLEREFS="TXT_1" VPOS="3371" WC="1" WIDTH="24"/>
            <SP HPOS="3509" ID="PAG_00000056_SP000911" VPOS="3366" WIDTH="14"/>
            <String CONTENT="f" HEIGHT="34" HPOS="3523" ID="PAG_00000056_ST001097" STYLEREFS="TXT_1" TYPE="illegible" VPOS="3366" WC="0.00" WIDTH="26"/>
          </TextLine>
          <TextLine HEIGHT="39" HPOS="2867" ID="PAG_00000056_TL000187" STYLEREFS="TXT_1" VPOS="3412" WIDTH="682">
            <String CONTENT="tionnement" HEIGHT="33" HPOS="2867" ID="PAG_00000056_ST001098" STYLEREFS="TXT_1" VPOS="3417" WC="1" WIDTH="220"/>
            <SP HPOS="3087" ID="PAG_00000056_SP000912" VPOS="3418" WIDTH="22"/>
            <String CONTENT="de" HEIGHT="33" HPOS="3109" ID="PAG_00000056_ST001099" STYLEREFS="TXT_1" VPOS="3418" WC="1" WIDTH="43"/>
            <SP HPOS="3152" ID="PAG_00000056_SP000913" VPOS="3426" WIDTH="23"/>
            <String CONTENT="cette" HEIGHT="25" HPOS="3175" ID="PAG_00000056_ST001100" STYLEREFS="TXT_1" VPOS="3426" WC="1" WIDTH="92"/>
            <SP HPOS="3267" ID="PAG_00000056_SP000914" VPOS="3418" WIDTH="23"/>
            <String CONTENT="industrie" HEIGHT="33" HPOS="3290" ID="PAG_00000056_ST001101" STYLEREFS="TXT_1" VPOS="3418" WC="1" WIDTH="166"/>
            <SP HPOS="3456" ID="PAG_00000056_SP000915" VPOS="3415" WIDTH="20"/>
            <String CONTENT="de" HEIGHT="33" HPOS="3476" ID="PAG_00000056_ST001102" STYLEREFS="TXT_1" VPOS="3415" WC="1" WIDTH="34"/>
            <SP HPOS="3510" ID="PAG_00000056_SP000916" VPOS="3412" WIDTH="16"/>
            <String CONTENT="lu" HEIGHT="32" HPOS="3526" ID="PAG_00000056_ST001103" STYLEREFS="TXT_1" TYPE="illegible" VPOS="3412" WC="0.00" WIDTH="23"/>
          </TextLine>
          <TextLine HEIGHT="45" HPOS="2867" ID="PAG_00000056_TL000188" STYLEREFS="TXT_1" VPOS="3456" WIDTH="682">
            <String CONTENT="si" HEIGHT="33" HPOS="2867" ID="PAG_00000056_ST001104" STYLEREFS="TXT_1" VPOS="3461" WC="1" WIDTH="26"/>
            <SP HPOS="2893" ID="PAG_00000056_SP000917" VPOS="3474" WIDTH="17"/>
            <String CONTENT="ce" HEIGHT="21" HPOS="2910" ID="PAG_00000056_ST001105" STYLEREFS="TXT_1" VPOS="3474" WC="1" WIDTH="36"/>
            <SP HPOS="2946" ID="PAG_00000056_SP000918" VPOS="3462" WIDTH="17"/>
            <String CONTENT="n'est" HEIGHT="33" HPOS="2963" ID="PAG_00000056_ST001106" STYLEREFS="TXT_1" VPOS="3462" WC="1" WIDTH="89"/>
            <SP HPOS="3052" ID="PAG_00000056_SP000919" VPOS="3475" WIDTH="15"/>
            <String CONTENT="une" HEIGHT="20" HPOS="3067" ID="PAG_00000056_ST001107" STYLEREFS="TXT_1" VPOS="3475" WC="1" WIDTH="67"/>
            <SP HPOS="3134" ID="PAG_00000056_SP000920" VPOS="3462" WIDTH="16"/>
            <String CONTENT="différence" HEIGHT="34" HPOS="3150" ID="PAG_00000056_ST001108" STYLEREFS="TXT_1" VPOS="3462" WC="1" WIDTH="184"/>
            <SP HPOS="3334" ID="PAG_00000056_SP000921" VPOS="3463" WIDTH="16"/>
            <String CONTENT="dans" HEIGHT="33" HPOS="3350" ID="PAG_00000056_ST001109" STYLEREFS="TXT_1" VPOS="3463" WC="1" WIDTH="84"/>
            <SP HPOS="3434" ID="PAG_00000056_SP000922" VPOS="3462" WIDTH="15"/>
            <String CONTENT="la" HEIGHT="32" HPOS="3449" ID="PAG_00000056_ST001110" STYLEREFS="TXT_1" VPOS="3462" WC="1" WIDTH="28"/>
            <SP HPOS="3477" ID="PAG_00000056_SP000923" VPOS="3456" WIDTH="14"/>
            <String CONTENT="prés" HEIGHT="45" HPOS="3491" ID="PAG_00000056_ST001111" STYLEREFS="TXT_1" VPOS="3456" WC="1" WIDTH="58"/>
          </TextLine>
          <TextLine HEIGHT="34" HPOS="2867" ID="PAG_00000056_TL000189" STYLEREFS="TXT_1" VPOS="3506" WIDTH="682">
            <String CONTENT="tation" HEIGHT="33" HPOS="2867" ID="PAG_00000056_ST001112" STYLEREFS="TXT_1" VPOS="3506" WC="1" WIDTH="113"/>
            <SP HPOS="2980" ID="PAG_00000056_SP000924" VPOS="3506" WIDTH="19"/>
            <String CONTENT="de" HEIGHT="33" HPOS="2999" ID="PAG_00000056_ST001113" STYLEREFS="TXT_1" VPOS="3506" WC="1" WIDTH="42"/>
            <SP HPOS="3041" ID="PAG_00000056_SP000925" VPOS="3507" WIDTH="18"/>
            <String CONTENT="certains" HEIGHT="33" HPOS="3059" ID="PAG_00000056_ST001114" STYLEREFS="TXT_1" VPOS="3507" WC="1" WIDTH="149"/>
            <SP HPOS="3208" ID="PAG_00000056_SP000926" VPOS="3507" WIDTH="20"/>
            <String CONTENT="tissus." HEIGHT="33" HPOS="3228" ID="PAG_00000056_ST001115" STYLEREFS="TXT_1" VPOS="3507" WC="1" WIDTH="115"/>
            <SP HPOS="3343" ID="PAG_00000056_SP000927" VPOS="3507" WIDTH="42"/>
            <String CONTENT="Par" HEIGHT="33" HPOS="3385" ID="PAG_00000056_ST001116" STYLEREFS="TXT_1" VPOS="3507" WC="1" WIDTH="64"/>
            <SP HPOS="3449" ID="PAG_00000056_SP000928" VPOS="3509" WIDTH="16"/>
            <String CONTENT="exemp" HEIGHT="31" HPOS="3465" ID="PAG_00000056_ST001117" STYLEREFS="TXT_1" VPOS="3509" WC="0.91" WIDTH="84"/>
          </TextLine>
          <TextLine HEIGHT="45" HPOS="2866" ID="PAG_00000056_TL000190" STYLEREFS="TXT_1" VPOS="3547" WIDTH="683">
            <String CONTENT="les" HEIGHT="33" HPOS="2866" ID="PAG_00000056_ST001118" STYLEREFS="TXT_1" VPOS="3550" WC="1" WIDTH="47"/>
            <SP HPOS="2913" ID="PAG_00000056_SP000929" VPOS="3551" WIDTH="35"/>
            <String CONTENT="lamés" HEIGHT="33" HPOS="2948" ID="PAG_00000056_ST001119" STYLEREFS="TXT_1" VPOS="3551" WC="1" WIDTH="106"/>
            <SP HPOS="3054" ID="PAG_00000056_SP000930" VPOS="3560" WIDTH="36"/>
            <String CONTENT="transparents," HEIGHT="32" HPOS="3090" ID="PAG_00000056_ST001120" STYLEREFS="TXT_1" VPOS="3560" WC="1" WIDTH="253"/>
            <SP HPOS="3343" ID="PAG_00000056_SP000931" VPOS="3547" WIDTH="36"/>
            <String CONTENT="façonnés" HEIGHT="45" HPOS="3379" ID="PAG_00000056_ST001121" STYLEREFS="TXT_1" VPOS="3547" WC="1" WIDTH="144"/>
            <SP HPOS="3523" ID="PAG_00000056_SP000932" VPOS="3553" WIDTH="20"/>
            <String CONTENT="s" HEIGHT="21" HPOS="3543" ID="PAG_00000056_ST001122" STYLEREFS="TXT_1" TYPE="illegible" VPOS="3553" WC="0.00" WIDTH="6"/>
          </TextLine>
          <TextLine HEIGHT="43" HPOS="2867" ID="PAG_00000056_TL000191" STYLEREFS="TXT_1" VPOS="3594" WIDTH="667">
            <String CONTENT="drap" HEIGHT="43" HPOS="2867" ID="PAG_00000056_ST001123" STYLEREFS="TXT_1" VPOS="3594" WC="1" WIDTH="85"/>
            <SP HPOS="2952" ID="PAG_00000056_SP000933" VPOS="3595" WIDTH="31"/>
            <String CONTENT="d'or," HEIGHT="40" HPOS="2983" ID="PAG_00000056_ST001124" STYLEREFS="TXT_1" VPOS="3595" WC="1" WIDTH="85"/>
            <SP HPOS="3068" ID="PAG_00000056_SP000934" VPOS="3595" WIDTH="31"/>
            <String CONTENT="le" HEIGHT="34" HPOS="3099" ID="PAG_00000056_ST001125" STYLEREFS="TXT_1" VPOS="3595" WC="1" WIDTH="30"/>
            <SP HPOS="3129" ID="PAG_00000056_SP000935" VPOS="3595" WIDTH="29"/>
            <String CONTENT="broché" HEIGHT="33" HPOS="3158" ID="PAG_00000056_ST001126" STYLEREFS="TXT_1" VPOS="3595" WC="1" WIDTH="127"/>
            <SP HPOS="3285" ID="PAG_00000056_SP000936" VPOS="3596" WIDTH="29"/>
            <String CONTENT="lamé" HEIGHT="33" HPOS="3314" ID="PAG_00000056_ST001127" STYLEREFS="TXT_1" VPOS="3596" WC="1" WIDTH="88"/>
            <SP HPOS="3402" ID="PAG_00000056_SP000937" VPOS="3594" WIDTH="28"/>
            <String CONTENT="cuivre," HEIGHT="34" HPOS="3430" ID="PAG_00000056_ST001128" STYLEREFS="TXT_1" VPOS="3594" WC="1" WIDTH="104"/>
          </TextLine>
          <TextLine HEIGHT="47" HPOS="2866" ID="PAG_00000056_TL000192" STYLEREFS="TXT_1" VPOS="3634" WIDTH="682">
            <String CONTENT="lieu" HEIGHT="33" HPOS="2866" ID="PAG_00000056_ST001129" STYLEREFS="TXT_1" VPOS="3639" WC="1" WIDTH="65"/>
            <SP HPOS="2931" ID="PAG_00000056_SP000938" VPOS="3639" WIDTH="30"/>
            <String CONTENT="d'or" HEIGHT="33" HPOS="2961" ID="PAG_00000056_ST001130" STYLEREFS="TXT_1" VPOS="3639" WC="1" WIDTH="75"/>
            <SP HPOS="3036" ID="PAG_00000056_SP000939" VPOS="3648" WIDTH="27"/>
            <String CONTENT="et" HEIGHT="24" HPOS="3063" ID="PAG_00000056_ST001131" STYLEREFS="TXT_1" VPOS="3648" WC="1" WIDTH="35"/>
            <SP HPOS="3098" ID="PAG_00000056_SP000940" VPOS="3639" WIDTH="28"/>
            <String CONTENT="d'argent." HEIGHT="42" HPOS="3126" ID="PAG_00000056_ST001132" STYLEREFS="TXT_1" VPOS="3639" WC="1" WIDTH="170"/>
            <SP HPOS="3296" ID="PAG_00000056_SP000941" VPOS="3641" WIDTH="53"/>
            <String CONTENT="Le" HEIGHT="32" HPOS="3349" ID="PAG_00000056_ST001133" STYLEREFS="TXT_1" VPOS="3641" WC="1" WIDTH="46"/>
            <SP HPOS="3395" ID="PAG_00000056_SP000942" VPOS="3634" WIDTH="27"/>
            <String CONTENT="broché" HEIGHT="38" HPOS="3422" ID="PAG_00000056_ST001134" STYLEREFS="TXT_1" VPOS="3634" WC="0.98" WIDTH="105"/>
            <SP HPOS="3527" ID="PAG_00000056_SP000943" VPOS="3641" WIDTH="15"/>
            <String CONTENT="1" HEIGHT="22" HPOS="3542" ID="PAG_00000056_ST001135" STYLEREFS="TXT_1" TYPE="illegible" VPOS="3641" WC="0.00" WIDTH="6"/>
          </TextLine>
          <TextLine HEIGHT="42" HPOS="2865" ID="PAG_00000056_TL000193" STYLEREFS="TXT_1" VPOS="3676" WIDTH="673">
            <String CONTENT="voile" HEIGHT="33" HPOS="2865" ID="PAG_00000056_ST001136" STYLEREFS="TXT_1" VPOS="3683" WC="1" WIDTH="90"/>
            <SP HPOS="2955" ID="PAG_00000056_SP000944" VPOS="3692" WIDTH="24"/>
            <String CONTENT="et" HEIGHT="25" HPOS="2979" ID="PAG_00000056_ST001137" STYLEREFS="TXT_1" VPOS="3692" WC="1" WIDTH="35"/>
            <SP HPOS="3014" ID="PAG_00000056_SP000945" VPOS="3683" WIDTH="24"/>
            <String CONTENT="le" HEIGHT="33" HPOS="3038" ID="PAG_00000056_ST001138" STYLEREFS="TXT_1" VPOS="3683" WC="1" WIDTH="30"/>
            <SP HPOS="3068" ID="PAG_00000056_SP000946" VPOS="3684" WIDTH="23"/>
            <String CONTENT="velours" HEIGHT="33" HPOS="3091" ID="PAG_00000056_ST001139" STYLEREFS="TXT_1" VPOS="3684" WC="1" WIDTH="137"/>
            <SP HPOS="3228" ID="PAG_00000056_SP000947" VPOS="3685" WIDTH="25"/>
            <String CONTENT="broché" HEIGHT="33" HPOS="3253" ID="PAG_00000056_ST001140" STYLEREFS="TXT_1" VPOS="3685" WC="1" WIDTH="126"/>
            <SP HPOS="3379" ID="PAG_00000056_SP000948" VPOS="3696" WIDTH="24"/>
            <String CONTENT="sur" HEIGHT="21" HPOS="3403" ID="PAG_00000056_ST001141" STYLEREFS="TXT_1" VPOS="3696" WC="1" WIDTH="53"/>
            <SP HPOS="3456" ID="PAG_00000056_SP000949" VPOS="3676" WIDTH="20"/>
            <String CONTENT="fond" HEIGHT="39" HPOS="3476" ID="PAG_00000056_ST001142" STYLEREFS="TXT_1" VPOS="3676" WC="1" WIDTH="62"/>
          </TextLine>
          <TextLine HEIGHT="40" HPOS="2865" ID="PAG_00000056_TL000194" STYLEREFS="TXT_1" VPOS="3728" WIDTH="684">
            <String CONTENT="voile," HEIGHT="40" HPOS="2865" ID="PAG_00000056_ST001143" STYLEREFS="TXT_1" VPOS="3728" WC="1" WIDTH="101"/>
            <SP HPOS="2966" ID="PAG_00000056_SP000950" VPOS="3737" WIDTH="37"/>
            <String CONTENT="tous" HEIGHT="24" HPOS="3003" ID="PAG_00000056_ST001144" STYLEREFS="TXT_1" VPOS="3737" WC="1" WIDTH="79"/>
            <SP HPOS="3082" ID="PAG_00000056_SP000951" VPOS="3741" WIDTH="36"/>
            <String CONTENT="ces" HEIGHT="20" HPOS="3118" ID="PAG_00000056_ST001145" STYLEREFS="TXT_1" VPOS="3741" WC="1" WIDTH="54"/>
            <SP HPOS="3172" ID="PAG_00000056_SP000952" VPOS="3729" WIDTH="36"/>
            <String CONTENT="tissus" HEIGHT="33" HPOS="3208" ID="PAG_00000056_ST001146" STYLEREFS="TXT_1" VPOS="3729" WC="1" WIDTH="104"/>
            <SP HPOS="3312" ID="PAG_00000056_SP000953" VPOS="3729" WIDTH="37"/>
            <String CONTENT="n'existant" HEIGHT="33" HPOS="3349" ID="PAG_00000056_ST001147" STYLEREFS="TXT_1" VPOS="3729" WC="1" WIDTH="169"/>
            <SP HPOS="3518" ID="PAG_00000056_SP000954" VPOS="3730" WIDTH="22"/>
            <String CONTENT="p" HEIGHT="31" HPOS="3540" ID="PAG_00000056_ST001148" STYLEREFS="TXT_1" TYPE="illegible" VPOS="3730" WC="0.00" WIDTH="9"/>
          </TextLine>
          <TextLine HEIGHT="47" HPOS="2864" ID="PAG_00000056_TL000195" STYLEREFS="TXT_1" VPOS="3768" WIDTH="684">
            <String CONTENT="jadis," HEIGHT="41" HPOS="2864" ID="PAG_00000056_ST001149" STYLEREFS="TXT_1" VPOS="3772" WC="1" WIDTH="102"/>
            <SP HPOS="2966" ID="PAG_00000056_SP000955" VPOS="3772" WIDTH="33"/>
            <String CONTENT="de" HEIGHT="33" HPOS="2999" ID="PAG_00000056_ST001150" STYLEREFS="TXT_1" VPOS="3772" WC="1" WIDTH="42"/>
            <SP HPOS="3041" ID="PAG_00000056_SP000956" VPOS="3773" WIDTH="33"/>
            <String CONTENT="même" HEIGHT="33" HPOS="3074" ID="PAG_00000056_ST001151" STYLEREFS="TXT_1" VPOS="3773" WC="1" WIDTH="112"/>
            <SP HPOS="3186" ID="PAG_00000056_SP000957" VPOS="3786" WIDTH="32"/>
            <String CONTENT="que" HEIGHT="29" HPOS="3218" ID="PAG_00000056_ST001152" STYLEREFS="TXT_1" VPOS="3786" WC="1" WIDTH="67"/>
            <SP HPOS="3285" ID="PAG_00000056_SP000958" VPOS="3774" WIDTH="32"/>
            <String CONTENT="le" HEIGHT="33" HPOS="3317" ID="PAG_00000056_ST001153" STYLEREFS="TXT_1" VPOS="3774" WC="1" WIDTH="30"/>
            <SP HPOS="3347" ID="PAG_00000056_SP000959" VPOS="3774" WIDTH="31"/>
            <String CONTENT="tissu" HEIGHT="33" HPOS="3378" ID="PAG_00000056_ST001154" STYLEREFS="TXT_1" VPOS="3774" WC="1" WIDTH="80"/>
            <SP HPOS="3458" ID="PAG_00000056_SP000960" VPOS="3768" WIDTH="29"/>
            <String CONTENT="élégs" HEIGHT="39" HPOS="3487" ID="PAG_00000056_ST001155" STYLEREFS="TXT_1" VPOS="3768" WC="0.89" WIDTH="61"/>
          </TextLine>
          <TextLine HEIGHT="47" HPOS="2865" ID="PAG_00000056_TL000196" STYLEREFS="TXT_1" VPOS="3812" WIDTH="683">
            <String CONTENT="caoutchouté," HEIGHT="40" HPOS="2865" ID="PAG_00000056_ST001156" STYLEREFS="TXT_1" VPOS="3817" WC="1" WIDTH="245"/>
            <SP HPOS="3110" ID="PAG_00000056_SP000961" VPOS="3817" WIDTH="23"/>
            <String CONTENT="d'une" HEIGHT="34" HPOS="3133" ID="PAG_00000056_ST001157" STYLEREFS="TXT_1" VPOS="3817" WC="1" WIDTH="105"/>
            <SP HPOS="3238" ID="PAG_00000056_SP000962" VPOS="3826" WIDTH="21"/>
            <String CONTENT="toute" HEIGHT="25" HPOS="3259" ID="PAG_00000056_ST001158" STYLEREFS="TXT_1" VPOS="3826" WC="1" WIDTH="99"/>
            <SP HPOS="3358" ID="PAG_00000056_SP000963" VPOS="3818" WIDTH="21"/>
            <String CONTENT="récente" HEIGHT="33" HPOS="3379" ID="PAG_00000056_ST001159" STYLEREFS="TXT_1" VPOS="3818" WC="1" WIDTH="123"/>
            <SP HPOS="3502" ID="PAG_00000056_SP000964" VPOS="3812" WIDTH="15"/>
            <String CONTENT="in." HEIGHT="47" HPOS="3517" ID="PAG_00000056_ST001160" STYLEREFS="TXT_1" TYPE="illegible" VPOS="3812" WC="0.42" WIDTH="31"/>
          </TextLine>
        </TextBlock>
        <TextBlock HEIGHT="181" HPOS="2862" ID="PAG_00000056_TB000018" STYLEREFS="TXT_1" VPOS="3856" WIDTH="686" language="fr">
          <TextLine HEIGHT="49" HPOS="2864" ID="PAG_00000056_TL000197" STYLEREFS="TXT_1" VPOS="3856" WIDTH="684">
            <String CONTENT="vation" HEIGHT="33" HPOS="2864" ID="PAG_00000056_ST001161" STYLEREFS="TXT_1" VPOS="3861" WC="1" WIDTH="121"/>
            <SP HPOS="2985" ID="PAG_00000056_SP000965" VPOS="3873" WIDTH="20"/>
            <String CONTENT=":" HEIGHT="21" HPOS="3005" ID="PAG_00000056_ST001162" STYLEREFS="TXT_1" VPOS="3873" WC="1" WIDTH="7"/>
            <SP HPOS="3012" ID="PAG_00000056_SP000966" VPOS="3862" WIDTH="23"/>
            <String CONTENT="satin," HEIGHT="40" HPOS="3035" ID="PAG_00000056_ST001163" STYLEREFS="TXT_1" VPOS="3862" WC="1" WIDTH="104"/>
            <SP HPOS="3139" ID="PAG_00000056_SP000967" VPOS="3862" WIDTH="24"/>
            <String CONTENT="broché," HEIGHT="41" HPOS="3163" ID="PAG_00000056_ST001164" STYLEREFS="TXT_1" VPOS="3862" WC="1" WIDTH="138"/>
            <SP HPOS="3301" ID="PAG_00000056_SP000968" VPOS="3863" WIDTH="23"/>
            <String CONTENT="crêpe" HEIGHT="42" HPOS="3324" ID="PAG_00000056_ST001165" STYLEREFS="TXT_1" VPOS="3863" WC="1" WIDTH="97"/>
            <SP HPOS="3421" ID="PAG_00000056_SP000969" VPOS="3861" WIDTH="20"/>
            <String CONTENT="de" HEIGHT="33" HPOS="3441" ID="PAG_00000056_ST001166" STYLEREFS="TXT_1" VPOS="3861" WC="1" WIDTH="38"/>
            <SP HPOS="3479" ID="PAG_00000056_SP000970" VPOS="3856" WIDTH="18"/>
            <String CONTENT="Ch" HEIGHT="35" HPOS="3497" ID="PAG_00000056_ST001167" STYLEREFS="TXT_1" TYPE="illegible" VPOS="3856" WC="0.38" WIDTH="51"/>
          </TextLine>
          <TextLine HEIGHT="46" HPOS="2865" ID="PAG_00000056_TL000198" STYLEREFS="TXT_1" VPOS="3902" WIDTH="683">
            <String CONTENT="Nous" HEIGHT="33" HPOS="2865" ID="PAG_00000056_ST001168" STYLEREFS="TXT_1" VPOS="3905" WC="1" WIDTH="98"/>
            <SP HPOS="2963" ID="PAG_00000056_SP000971" VPOS="3906" WIDTH="42"/>
            <String CONTENT="n'avons" HEIGHT="33" HPOS="3005" ID="PAG_00000056_ST001169" STYLEREFS="TXT_1" VPOS="3906" WC="1" WIDTH="145"/>
            <SP HPOS="3150" ID="PAG_00000056_SP000972" VPOS="3919" WIDTH="41"/>
            <String CONTENT="pu," HEIGHT="29" HPOS="3191" ID="PAG_00000056_ST001170" STYLEREFS="TXT_1" VPOS="3919" WC="1" WIDTH="58"/>
            <SP HPOS="3249" ID="PAG_00000056_SP000973" VPOS="3907" WIDTH="42"/>
            <String CONTENT="hélas" HEIGHT="34" HPOS="3291" ID="PAG_00000056_ST001171" STYLEREFS="TXT_1" VPOS="3907" WC="1" WIDTH="78"/>
            <SP HPOS="3369" ID="PAG_00000056_SP000974" VPOS="3907" WIDTH="1"/>
            <String CONTENT="!" HEIGHT="34" HPOS="3369" ID="PAG_00000056_ST001172" STYLEREFS="TXT_1" VPOS="3907" WC="1" WIDTH="40"/>
            <SP HPOS="3409" ID="PAG_00000056_SP000975" VPOS="3902" WIDTH="39"/>
            <String CONTENT="prolon" HEIGHT="46" HPOS="3448" ID="PAG_00000056_ST001173" STYLEREFS="TXT_1" VPOS="3902" WC="1" WIDTH="100"/>
          </TextLine>
          <TextLine HEIGHT="45" HPOS="2865" ID="PAG_00000056_TL000199" STYLEREFS="TXT_1" VPOS="3947" WIDTH="678">
            <String CONTENT="notre" HEIGHT="25" HPOS="2865" ID="PAG_00000056_ST001174" STYLEREFS="TXT_1" VPOS="3958" WC="1" WIDTH="99"/>
            <SP HPOS="2964" ID="PAG_00000056_SP000976" VPOS="3950" WIDTH="21"/>
            <String CONTENT="séjour" HEIGHT="42" HPOS="2985" ID="PAG_00000056_ST001175" STYLEREFS="TXT_1" VPOS="3950" WC="1" WIDTH="115"/>
            <SP HPOS="3100" ID="PAG_00000056_SP000977" VPOS="3950" WIDTH="20"/>
            <String CONTENT="afin" HEIGHT="34" HPOS="3120" ID="PAG_00000056_ST001176" STYLEREFS="TXT_1" VPOS="3950" WC="1" WIDTH="69"/>
            <SP HPOS="3189" ID="PAG_00000056_SP000978" VPOS="3951" WIDTH="21"/>
            <String CONTENT="de" HEIGHT="33" HPOS="3210" ID="PAG_00000056_ST001177" STYLEREFS="TXT_1" VPOS="3951" WC="1" WIDTH="43"/>
            <SP HPOS="3253" ID="PAG_00000056_SP000979" VPOS="3952" WIDTH="20"/>
            <String CONTENT="visiter" HEIGHT="33" HPOS="3273" ID="PAG_00000056_ST001178" STYLEREFS="TXT_1" VPOS="3952" WC="1" WIDTH="119"/>
            <SP HPOS="3392" ID="PAG_00000056_SP000980" VPOS="3952" WIDTH="20"/>
            <String CONTENT="la" HEIGHT="32" HPOS="3412" ID="PAG_00000056_ST001179" STYLEREFS="TXT_1" VPOS="3952" WC="1" WIDTH="28"/>
            <SP HPOS="3440" ID="PAG_00000056_SP000981" VPOS="3947" WIDTH="20"/>
            <String CONTENT="Frète," HEIGHT="35" HPOS="3460" ID="PAG_00000056_ST001180" STYLEREFS="TXT_1" VPOS="3947" WC="0.96" WIDTH="83"/>
          </TextLine>
          <TextLine HEIGHT="49" HPOS="2862" ID="PAG_00000056_TL000200" STYLEREFS="TXT_1" VPOS="3988" WIDTH="686">
            <String CONTENT="Tour" HEIGHT="33" HPOS="2862" ID="PAG_00000056_ST001181" STYLEREFS="TXT_1" VPOS="3994" WC="1" WIDTH="96"/>
            <SP HPOS="2958" ID="PAG_00000056_SP000982" VPOS="3994" WIDTH="20"/>
            <String CONTENT="du" HEIGHT="33" HPOS="2978" ID="PAG_00000056_ST001182" STYLEREFS="TXT_1" VPOS="3994" WC="1" WIDTH="46"/>
            <SP HPOS="3024" ID="PAG_00000056_SP000983" VPOS="3995" WIDTH="23"/>
            <String CONTENT="Pin," HEIGHT="40" HPOS="3047" ID="PAG_00000056_ST001183" STYLEREFS="TXT_1" VPOS="3995" WC="1" WIDTH="75"/>
            <SP HPOS="3122" ID="PAG_00000056_SP000984" VPOS="3995" WIDTH="21"/>
            <String CONTENT="Tournon" HEIGHT="34" HPOS="3143" ID="PAG_00000056_ST001184" STYLEREFS="TXT_1" VPOS="3995" WC="1" WIDTH="168"/>
            <SP HPOS="3311" ID="PAG_00000056_SP000985" VPOS="4005" WIDTH="21"/>
            <String CONTENT="et" HEIGHT="24" HPOS="3332" ID="PAG_00000056_ST001185" STYLEREFS="TXT_1" VPOS="4005" WC="1" WIDTH="34"/>
            <SP HPOS="3366" ID="PAG_00000056_SP000986" VPOS="3988" WIDTH="21"/>
            <String CONTENT="Montréal." HEIGHT="49" HPOS="3387" ID="PAG_00000056_ST001186" STYLEREFS="TXT_1" VPOS="3988" WC="0.92" WIDTH="161"/>
          </TextLine>
        </TextBlock>
        <TextBlock HEIGHT="266" HPOS="2862" ID="PAG_00000056_TB000019" STYLEREFS="TXT_1" VPOS="4037" WIDTH="689" language="fr">
          <TextLine HEIGHT="37" HPOS="2863" ID="PAG_00000056_TL000201" STYLEREFS="TXT_1" VPOS="4037" WIDTH="685">
            <String CONTENT="sont" HEIGHT="23" HPOS="2863" ID="PAG_00000056_ST001187" STYLEREFS="TXT_1" VPOS="4048" WC="1" WIDTH="80"/>
            <SP HPOS="2943" ID="PAG_00000056_SP000987" VPOS="4039" WIDTH="21"/>
            <String CONTENT="installés" HEIGHT="33" HPOS="2964" ID="PAG_00000056_ST001188" STYLEREFS="TXT_1" VPOS="4039" WC="1" WIDTH="153"/>
            <SP HPOS="3117" ID="PAG_00000056_SP000988" VPOS="4039" WIDTH="21"/>
            <String CONTENT="les" HEIGHT="33" HPOS="3138" ID="PAG_00000056_ST001189" STYLEREFS="TXT_1" VPOS="4039" WC="1" WIDTH="47"/>
            <SP HPOS="3185" ID="PAG_00000056_SP000989" VPOS="4049" WIDTH="21"/>
            <String CONTENT="centres" HEIGHT="25" HPOS="3206" ID="PAG_00000056_ST001190" STYLEREFS="TXT_1" VPOS="4049" WC="1" WIDTH="134"/>
            <SP HPOS="3340" ID="PAG_00000056_SP000990" VPOS="4041" WIDTH="21"/>
            <String CONTENT="de" HEIGHT="33" HPOS="3361" ID="PAG_00000056_ST001191" STYLEREFS="TXT_1" VPOS="4041" WC="1" WIDTH="41"/>
            <SP HPOS="3402" ID="PAG_00000056_SP000991" VPOS="4037" WIDTH="18"/>
            <String CONTENT="fabricat" HEIGHT="36" HPOS="3420" ID="PAG_00000056_ST001192" STYLEREFS="TXT_1" VPOS="4037" WC="1" WIDTH="128"/>
          </TextLine>
          <TextLine HEIGHT="49" HPOS="2864" ID="PAG_00000056_TL000202" STYLEREFS="TXT_1" VPOS="4077" WIDTH="684">
            <String CONTENT="mécanique" HEIGHT="42" HPOS="2864" ID="PAG_00000056_ST001193" STYLEREFS="TXT_1" VPOS="4083" WC="1" WIDTH="203"/>
            <SP HPOS="3067" ID="PAG_00000056_SP000992" VPOS="4084" WIDTH="38"/>
            <String CONTENT="répartis" HEIGHT="42" HPOS="3105" ID="PAG_00000056_ST001194" STYLEREFS="TXT_1" VPOS="4084" WC="1" WIDTH="145"/>
            <SP HPOS="3250" ID="PAG_00000056_SP000993" VPOS="4085" WIDTH="39"/>
            <String CONTENT="dans" HEIGHT="33" HPOS="3289" ID="PAG_00000056_ST001195" STYLEREFS="TXT_1" VPOS="4085" WC="1" WIDTH="85"/>
            <SP HPOS="3374" ID="PAG_00000056_SP000994" VPOS="4085" WIDTH="37"/>
            <String CONTENT="les" HEIGHT="32" HPOS="3411" ID="PAG_00000056_ST001196" STYLEREFS="TXT_1" VPOS="4085" WC="1" WIDTH="41"/>
            <SP HPOS="3452" ID="PAG_00000056_SP000995" VPOS="4077" WIDTH="34"/>
            <String CONTENT="régi" HEIGHT="43" HPOS="3486" ID="PAG_00000056_ST001197" STYLEREFS="TXT_1" VPOS="4077" WC="0.86" WIDTH="62"/>
          </TextLine>
          <TextLine HEIGHT="43" HPOS="2863" ID="PAG_00000056_TL000203" STYLEREFS="TXT_1" VPOS="4127" WIDTH="685">
            <String CONTENT="lyonnaise" HEIGHT="42" HPOS="2863" ID="PAG_00000056_ST001198" STYLEREFS="TXT_1" VPOS="4127" WC="1" WIDTH="178"/>
            <SP HPOS="3041" ID="PAG_00000056_SP000996" VPOS="4136" WIDTH="23"/>
            <String CONTENT="et" HEIGHT="25" HPOS="3064" ID="PAG_00000056_ST001199" STYLEREFS="TXT_1" VPOS="4136" WC="1" WIDTH="36"/>
            <SP HPOS="3100" ID="PAG_00000056_SP000997" VPOS="4128" WIDTH="22"/>
            <String CONTENT="dauphinoise." HEIGHT="42" HPOS="3122" ID="PAG_00000056_ST001200" STYLEREFS="TXT_1" VPOS="4128" WC="1" WIDTH="239"/>
            <SP HPOS="3361" ID="PAG_00000056_SP000998" VPOS="4129" WIDTH="46"/>
            <String CONTENT="Ces" HEIGHT="33" HPOS="3407" ID="PAG_00000056_ST001201" STYLEREFS="TXT_1" VPOS="4129" WC="1" WIDTH="59"/>
            <SP HPOS="3466" ID="PAG_00000056_SP000999" VPOS="4128" WIDTH="19"/>
            <String CONTENT="cent" HEIGHT="30" HPOS="3485" ID="PAG_00000056_ST001202" STYLEREFS="TXT_1" VPOS="4128" WC="1" WIDTH="63"/>
          </TextLine>
          <TextLine HEIGHT="44" HPOS="2862" ID="PAG_00000056_TL000204" STYLEREFS="TXT_1" VPOS="4172" WIDTH="686">
            <String CONTENT="qui" HEIGHT="42" HPOS="2862" ID="PAG_00000056_ST001203" STYLEREFS="TXT_1" VPOS="4172" WC="1" WIDTH="59"/>
            <SP HPOS="2921" ID="PAG_00000056_SP001000" VPOS="4181" WIDTH="25"/>
            <String CONTENT="peuvent" HEIGHT="33" HPOS="2946" ID="PAG_00000056_ST001204" STYLEREFS="TXT_1" VPOS="4181" WC="1" WIDTH="154"/>
            <SP HPOS="3100" ID="PAG_00000056_SP001001" VPOS="4182" WIDTH="25"/>
            <String CONTENT="compter" HEIGHT="33" HPOS="3125" ID="PAG_00000056_ST001205" STYLEREFS="TXT_1" VPOS="4182" WC="1" WIDTH="157"/>
            <SP HPOS="3282" ID="PAG_00000056_SP001002" VPOS="4184" WIDTH="28"/>
            <String CONTENT="15" HEIGHT="32" HPOS="3310" ID="PAG_00000056_ST001206" STYLEREFS="TXT_1" VPOS="4184" WC="1" WIDTH="34"/>
            <SP HPOS="3344" ID="PAG_00000056_SP001003" VPOS="4174" WIDTH="27"/>
            <String CONTENT="à" HEIGHT="33" HPOS="3371" ID="PAG_00000056_ST001207" STYLEREFS="TXT_1" VPOS="4174" WC="1" WIDTH="17"/>
            <SP HPOS="3388" ID="PAG_00000056_SP001004" VPOS="4174" WIDTH="26"/>
            <String CONTENT="20.000" HEIGHT="32" HPOS="3414" ID="PAG_00000056_ST001208" STYLEREFS="TXT_1" VPOS="4174" WC="0.89" WIDTH="104"/>
            <SP HPOS="3518" ID="PAG_00000056_SP001005" VPOS="4174" WIDTH="1"/>
            <String CONTENT="m" HEIGHT="32" HPOS="3518" ID="PAG_00000056_ST001209" STYLEREFS="TXT_1" VPOS="4174" WC="0.89" WIDTH="30"/>
          </TextLine>
          <TextLine HEIGHT="46" HPOS="2862" ID="PAG_00000056_TL000205" STYLEREFS="TXT_1" VPOS="4214" WIDTH="689">
            <String CONTENT="tiers" HEIGHT="33" HPOS="2862" ID="PAG_00000056_ST001210" STYLEREFS="TXT_1" VPOS="4216" WC="1" WIDTH="81"/>
            <SP HPOS="2943" ID="PAG_00000056_SP001006" VPOS="4217" WIDTH="19"/>
            <String CONTENT="mécaniques" HEIGHT="42" HPOS="2962" ID="PAG_00000056_ST001211" STYLEREFS="TXT_1" VPOS="4217" WC="1" WIDTH="220"/>
            <SP HPOS="3182" ID="PAG_00000056_SP001007" VPOS="4227" WIDTH="18"/>
            <String CONTENT="ont" HEIGHT="24" HPOS="3200" ID="PAG_00000056_ST001212" STYLEREFS="TXT_1" VPOS="4227" WC="1" WIDTH="63"/>
            <SP HPOS="3263" ID="PAG_00000056_SP001008" VPOS="4231" WIDTH="17"/>
            <String CONTENT="une" HEIGHT="21" HPOS="3280" ID="PAG_00000056_ST001213" STYLEREFS="TXT_1" VPOS="4231" WC="1" WIDTH="67"/>
            <SP HPOS="3347" ID="PAG_00000056_SP001009" VPOS="4214" WIDTH="17"/>
            <String CONTENT="population" HEIGHT="46" HPOS="3364" ID="PAG_00000056_ST001214" STYLEREFS="TXT_1" VPOS="4214" WC="1" WIDTH="187"/>
          </TextLine>
          <TextLine HEIGHT="42" HPOS="2862" ID="PAG_00000056_TL000206" STYLEREFS="TXT_1" VPOS="4261" WIDTH="563">
            <String CONTENT="25" HEIGHT="33" HPOS="2862" ID="PAG_00000056_ST001215" STYLEREFS="TXT_1" VPOS="4270" WC="1" WIDTH="38"/>
            <SP HPOS="2900" ID="PAG_00000056_SP001010" VPOS="4261" WIDTH="23"/>
            <String CONTENT="à" HEIGHT="32" HPOS="2923" ID="PAG_00000056_ST001216" STYLEREFS="TXT_1" VPOS="4261" WC="1" WIDTH="17"/>
            <SP HPOS="2940" ID="PAG_00000056_SP001011" VPOS="4271" WIDTH="21"/>
            <String CONTENT="30.000" HEIGHT="31" HPOS="2961" ID="PAG_00000056_ST001217" STYLEREFS="TXT_1" VPOS="4271" WC="1" WIDTH="122"/>
            <SP HPOS="3083" ID="PAG_00000056_SP001012" VPOS="4262" WIDTH="17"/>
            <String CONTENT="ouvriers" HEIGHT="33" HPOS="3100" ID="PAG_00000056_ST001218" STYLEREFS="TXT_1" VPOS="4262" WC="1" WIDTH="155"/>
            <SP HPOS="3255" ID="PAG_00000056_SP001013" VPOS="4263" WIDTH="19"/>
            <String CONTENT="environ." HEIGHT="33" HPOS="3274" ID="PAG_00000056_ST001219" STYLEREFS="TXT_1" VPOS="4263" WC="1" WIDTH="151"/>
          </TextLine>
        </TextBlock>
        <TextBlock HEIGHT="443" HPOS="2857" ID="PAG_00000056_TB000020" STYLEREFS="TXT_1" VPOS="4297" WIDTH="692" language="fr">
          <TextLine HEIGHT="50" HPOS="2905" ID="PAG_00000056_TL000207" STYLEREFS="TXT_1" VPOS="4297" WIDTH="644">
            <String CONTENT="A" HEIGHT="33" HPOS="2905" ID="PAG_00000056_ST001220" STYLEREFS="TXT_1" VPOS="4305" WC="1" WIDTH="30"/>
            <SP HPOS="2935" ID="PAG_00000056_SP001014" VPOS="4300" WIDTH="16"/>
            <String CONTENT="Lyon" HEIGHT="47" HPOS="2951" ID="PAG_00000056_ST001221" STYLEREFS="TXT_1" VPOS="4300" WC="1" WIDTH="98"/>
            <SP HPOS="3049" ID="PAG_00000056_SP001015" VPOS="4306" WIDTH="18"/>
            <String CONTENT="même," HEIGHT="40" HPOS="3067" ID="PAG_00000056_ST001222" STYLEREFS="TXT_1" VPOS="4306" WC="1" WIDTH="123"/>
            <SP HPOS="3190" ID="PAG_00000056_SP001016" VPOS="4307" WIDTH="19"/>
            <String CONTENT="il" HEIGHT="32" HPOS="3209" ID="PAG_00000056_ST001223" STYLEREFS="TXT_1" VPOS="4307" WC="1" WIDTH="20"/>
            <SP HPOS="3229" ID="PAG_00000056_SP001017" VPOS="4316" WIDTH="18"/>
            <String CONTENT="reste" HEIGHT="25" HPOS="3247" ID="PAG_00000056_ST001224" STYLEREFS="TXT_1" VPOS="4316" WC="1" WIDTH="89"/>
            <SP HPOS="3336" ID="PAG_00000056_SP001018" VPOS="4316" WIDTH="20"/>
            <String CONTENT="10.000" HEIGHT="24" HPOS="3356" ID="PAG_00000056_ST001225" STYLEREFS="TXT_1" VPOS="4316" WC="1" WIDTH="109"/>
            <SP HPOS="3465" ID="PAG_00000056_SP001019" VPOS="4297" WIDTH="13"/>
            <String CONTENT="métic" HEIGHT="39" HPOS="3478" ID="PAG_00000056_ST001226" STYLEREFS="TXT_1" VPOS="4297" WC="0.89" WIDTH="71"/>
          </TextLine>
          <TextLine HEIGHT="44" HPOS="2861" ID="PAG_00000056_TL000208" STYLEREFS="TXT_1" VPOS="4349" WIDTH="679">
            <String CONTENT="à" HEIGHT="33" HPOS="2861" ID="PAG_00000056_ST001227" STYLEREFS="TXT_1" VPOS="4349" WC="1" WIDTH="17"/>
            <SP HPOS="2878" ID="PAG_00000056_SP001020" VPOS="4350" WIDTH="23"/>
            <String CONTENT="main," HEIGHT="40" HPOS="2901" ID="PAG_00000056_ST001228" STYLEREFS="TXT_1" VPOS="4350" WC="1" WIDTH="104"/>
            <SP HPOS="3005" ID="PAG_00000056_SP001021" VPOS="4362" WIDTH="22"/>
            <String CONTENT="pas" HEIGHT="30" HPOS="3027" ID="PAG_00000056_ST001229" STYLEREFS="TXT_1" VPOS="4362" WC="1" WIDTH="61"/>
            <SP HPOS="3088" ID="PAG_00000056_SP001022" VPOS="4350" WIDTH="21"/>
            <String CONTENT="davantage," HEIGHT="43" HPOS="3109" ID="PAG_00000056_ST001230" STYLEREFS="TXT_1" VPOS="4350" WC="1" WIDTH="211"/>
            <SP HPOS="3320" ID="PAG_00000056_SP001023" VPOS="4350" WIDTH="21"/>
            <String CONTENT="attendu" HEIGHT="35" HPOS="3341" ID="PAG_00000056_ST001231" STYLEREFS="TXT_1" VPOS="4350" WC="1" WIDTH="136"/>
            <SP HPOS="3477" ID="PAG_00000056_SP001024" VPOS="4354" WIDTH="17"/>
            <String CONTENT="que" HEIGHT="34" HPOS="3494" ID="PAG_00000056_ST001232" STYLEREFS="TXT_1" VPOS="4354" WC="1" WIDTH="46"/>
          </TextLine>
          <TextLine HEIGHT="54" HPOS="2860" ID="PAG_00000056_TL000209" STYLEREFS="TXT_1" VPOS="4384" WIDTH="689">
            <String CONTENT="mécanique" HEIGHT="42" HPOS="2860" ID="PAG_00000056_ST001233" STYLEREFS="TXT_1" VPOS="4394" WC="1" WIDTH="203"/>
            <SP HPOS="3063" ID="PAG_00000056_SP001025" VPOS="4395" WIDTH="23"/>
            <String CONTENT="remplaçant" HEIGHT="42" HPOS="3086" ID="PAG_00000056_ST001234" STYLEREFS="TXT_1" VPOS="4395" WC="1" WIDTH="217"/>
            <SP HPOS="3303" ID="PAG_00000056_SP001026" VPOS="4396" WIDTH="21"/>
            <String CONTENT="de" HEIGHT="33" HPOS="3324" ID="PAG_00000056_ST001235" STYLEREFS="TXT_1" VPOS="4396" WC="1" WIDTH="41"/>
            <SP HPOS="3365" ID="PAG_00000056_SP001027" VPOS="4396" WIDTH="21"/>
            <String CONTENT="plus" HEIGHT="42" HPOS="3386" ID="PAG_00000056_ST001236" STYLEREFS="TXT_1" VPOS="4396" WC="1" WIDTH="70"/>
            <SP HPOS="3456" ID="PAG_00000056_SP001028" VPOS="4403" WIDTH="20"/>
            <String CONTENT="en" HEIGHT="22" HPOS="3476" ID="PAG_00000056_ST001237" STYLEREFS="TXT_1" VPOS="4403" WC="1" WIDTH="32"/>
            <SP HPOS="3508" ID="PAG_00000056_SP001029" VPOS="4384" WIDTH="16"/>
            <String CONTENT="pi" HEIGHT="53" HPOS="3524" ID="PAG_00000056_ST001238" STYLEREFS="TXT_1" TYPE="illegible" VPOS="4384" WC="0.42" WIDTH="25"/>
          </TextLine>
          <TextLine HEIGHT="46" HPOS="2860" ID="PAG_00000056_TL000210" STYLEREFS="TXT_1" VPOS="4437" WIDTH="689">
            <String CONTENT="la" HEIGHT="33" HPOS="2860" ID="PAG_00000056_ST001239" STYLEREFS="TXT_1" VPOS="4438" WC="1" WIDTH="30"/>
            <SP HPOS="2890" ID="PAG_00000056_SP001030" VPOS="4439" WIDTH="32"/>
            <String CONTENT="main-d'&#339;uvre," HEIGHT="41" HPOS="2922" ID="PAG_00000056_ST001240" STYLEREFS="TXT_1" VPOS="4439" WC="1" WIDTH="280"/>
            <SP HPOS="3202" ID="PAG_00000056_SP001031" VPOS="4440" WIDTH="33"/>
            <String CONTENT="les" HEIGHT="34" HPOS="3235" ID="PAG_00000056_ST001241" STYLEREFS="TXT_1" VPOS="4440" WC="1" WIDTH="46"/>
            <SP HPOS="3281" ID="PAG_00000056_SP001032" VPOS="4441" WIDTH="29"/>
            <String CONTENT="jeunes" HEIGHT="42" HPOS="3310" ID="PAG_00000056_ST001242" STYLEREFS="TXT_1" VPOS="4441" WC="1" WIDTH="115"/>
            <SP HPOS="3425" ID="PAG_00000056_SP001033" VPOS="4437" WIDTH="27"/>
            <String CONTENT="ouvrit" HEIGHT="34" HPOS="3452" ID="PAG_00000056_ST001243" STYLEREFS="TXT_1" VPOS="4437" WC="0.91" WIDTH="97"/>
          </TextLine>
          <TextLine HEIGHT="42" HPOS="2858" ID="PAG_00000056_TL000211" STYLEREFS="TXT_1" VPOS="4476" WIDTH="691">
            <String CONTENT="étant" HEIGHT="33" HPOS="2858" ID="PAG_00000056_ST001244" STYLEREFS="TXT_1" VPOS="4483" WC="1" WIDTH="100"/>
            <SP HPOS="2958" ID="PAG_00000056_SP001034" VPOS="4483" WIDTH="21"/>
            <String CONTENT="donnée" HEIGHT="34" HPOS="2979" ID="PAG_00000056_ST001245" STYLEREFS="TXT_1" VPOS="4483" WC="1" WIDTH="135"/>
            <SP HPOS="3114" ID="PAG_00000056_SP001035" VPOS="4484" WIDTH="22"/>
            <String CONTENT="la" HEIGHT="33" HPOS="3136" ID="PAG_00000056_ST001246" STYLEREFS="TXT_1" VPOS="4484" WC="1" WIDTH="31"/>
            <SP HPOS="3167" ID="PAG_00000056_SP001036" VPOS="4484" WIDTH="23"/>
            <String CONTENT="différence" HEIGHT="34" HPOS="3190" ID="PAG_00000056_ST001247" STYLEREFS="TXT_1" VPOS="4484" WC="1" WIDTH="182"/>
            <SP HPOS="3372" ID="PAG_00000056_SP001037" VPOS="4484" WIDTH="20"/>
            <String CONTENT="des" HEIGHT="33" HPOS="3392" ID="PAG_00000056_ST001248" STYLEREFS="TXT_1" VPOS="4484" WC="1" WIDTH="54"/>
            <SP HPOS="3446" ID="PAG_00000056_SP001038" VPOS="4476" WIDTH="20"/>
            <String CONTENT="salait" HEIGHT="39" HPOS="3466" ID="PAG_00000056_ST001249" STYLEREFS="TXT_1" VPOS="4476" WC="0.91" WIDTH="83"/>
          </TextLine>
          <TextLine HEIGHT="46" HPOS="2859" ID="PAG_00000056_TL000212" STYLEREFS="TXT_1" VPOS="4524" WIDTH="673">
            <String CONTENT="ne" HEIGHT="21" HPOS="2859" ID="PAG_00000056_ST001250" STYLEREFS="TXT_1" VPOS="4539" WC="1" WIDTH="42"/>
            <SP HPOS="2901" ID="PAG_00000056_SP001039" VPOS="4527" WIDTH="20"/>
            <String CONTENT="veulent" HEIGHT="33" HPOS="2921" ID="PAG_00000056_ST001251" STYLEREFS="TXT_1" VPOS="4527" WC="1" WIDTH="143"/>
            <SP HPOS="3064" ID="PAG_00000056_SP001040" VPOS="4528" WIDTH="20"/>
            <String CONTENT="plus" HEIGHT="42" HPOS="3084" ID="PAG_00000056_ST001252" STYLEREFS="TXT_1" VPOS="4528" WC="1" WIDTH="77"/>
            <SP HPOS="3161" ID="PAG_00000056_SP001041" VPOS="4529" WIDTH="23"/>
            <String CONTENT="être" HEIGHT="34" HPOS="3184" ID="PAG_00000056_ST001253" STYLEREFS="TXT_1" VPOS="4529" WC="1" WIDTH="72"/>
            <SP HPOS="3256" ID="PAG_00000056_SP001042" VPOS="4538" WIDTH="21"/>
            <String CONTENT="canuts" HEIGHT="25" HPOS="3277" ID="PAG_00000056_ST001254" STYLEREFS="TXT_1" VPOS="4538" WC="1" WIDTH="120"/>
            <SP HPOS="3397" ID="PAG_00000056_SP001043" VPOS="4528" WIDTH="20"/>
            <String CONTENT="de" HEIGHT="33" HPOS="3417" ID="PAG_00000056_ST001255" STYLEREFS="TXT_1" VPOS="4528" WC="1" WIDTH="38"/>
            <SP HPOS="3455" ID="PAG_00000056_SP001044" VPOS="4524" WIDTH="17"/>
            <String CONTENT="père" HEIGHT="44" HPOS="3472" ID="PAG_00000056_ST001256" STYLEREFS="TXT_1" VPOS="4524" WC="1" WIDTH="60"/>
          </TextLine>
          <TextLine HEIGHT="45" HPOS="2858" ID="PAG_00000056_TL000213" STYLEREFS="TXT_1" VPOS="4571" WIDTH="681">
            <String CONTENT="fils." HEIGHT="33" HPOS="2858" ID="PAG_00000056_ST001257" STYLEREFS="TXT_1" VPOS="4571" WC="1" WIDTH="63"/>
            <SP HPOS="2921" ID="PAG_00000056_SP001045" VPOS="4572" WIDTH="43"/>
            <String CONTENT="Nous" HEIGHT="33" HPOS="2964" ID="PAG_00000056_ST001258" STYLEREFS="TXT_1" VPOS="4572" WC="1" WIDTH="98"/>
            <SP HPOS="3062" ID="PAG_00000056_SP001046" VPOS="4585" WIDTH="21"/>
            <String CONTENT="ne" HEIGHT="21" HPOS="3083" ID="PAG_00000056_ST001259" STYLEREFS="TXT_1" VPOS="4585" WC="1" WIDTH="42"/>
            <SP HPOS="3125" ID="PAG_00000056_SP001047" VPOS="4585" WIDTH="20"/>
            <String CONTENT="pouvons" HEIGHT="29" HPOS="3145" ID="PAG_00000056_ST001260" STYLEREFS="TXT_1" VPOS="4585" WC="1" WIDTH="158"/>
            <SP HPOS="3303" ID="PAG_00000056_SP001048" VPOS="4586" WIDTH="20"/>
            <String CONTENT="que" HEIGHT="30" HPOS="3323" ID="PAG_00000056_ST001261" STYLEREFS="TXT_1" VPOS="4586" WC="1" WIDTH="64"/>
            <SP HPOS="3387" ID="PAG_00000056_SP001049" VPOS="4574" WIDTH="19"/>
            <String CONTENT="regretter" HEIGHT="39" HPOS="3406" ID="PAG_00000056_ST001262" STYLEREFS="TXT_1" VPOS="4574" WC="1" WIDTH="133"/>
          </TextLine>
          <TextLine HEIGHT="47" HPOS="2857" ID="PAG_00000056_TL000214" STYLEREFS="TXT_1" VPOS="4614" WIDTH="691">
            <String CONTENT="mort" HEIGHT="25" HPOS="2857" ID="PAG_00000056_ST001263" STYLEREFS="TXT_1" VPOS="4624" WC="1" WIDTH="93"/>
            <SP HPOS="2950" ID="PAG_00000056_SP001050" VPOS="4616" WIDTH="19"/>
            <String CONTENT="du" HEIGHT="33" HPOS="2969" ID="PAG_00000056_ST001264" STYLEREFS="TXT_1" VPOS="4616" WC="1" WIDTH="46"/>
            <SP HPOS="3015" ID="PAG_00000056_SP001051" VPOS="4616" WIDTH="22"/>
            <String CONTENT="tissage" HEIGHT="43" HPOS="3037" ID="PAG_00000056_ST001265" STYLEREFS="TXT_1" VPOS="4616" WC="1" WIDTH="128"/>
            <SP HPOS="3165" ID="PAG_00000056_SP001052" VPOS="4617" WIDTH="21"/>
            <String CONTENT="à" HEIGHT="33" HPOS="3186" ID="PAG_00000056_ST001266" STYLEREFS="TXT_1" VPOS="4617" WC="1" WIDTH="18"/>
            <SP HPOS="3204" ID="PAG_00000056_SP001053" VPOS="4618" WIDTH="22"/>
            <String CONTENT="la" HEIGHT="33" HPOS="3226" ID="PAG_00000056_ST001267" STYLEREFS="TXT_1" VPOS="4618" WC="1" WIDTH="31"/>
            <SP HPOS="3257" ID="PAG_00000056_SP001054" VPOS="4619" WIDTH="22"/>
            <String CONTENT="main," HEIGHT="40" HPOS="3279" ID="PAG_00000056_ST001268" STYLEREFS="TXT_1" VPOS="4619" WC="1" WIDTH="102"/>
            <SP HPOS="3381" ID="PAG_00000056_SP001055" VPOS="4628" WIDTH="21"/>
            <String CONTENT="car" HEIGHT="22" HPOS="3402" ID="PAG_00000056_ST001269" STYLEREFS="TXT_1" VPOS="4628" WC="1" WIDTH="52"/>
            <SP HPOS="3454" ID="PAG_00000056_SP001056" VPOS="4614" WIDTH="16"/>
            <String CONTENT="l'ceuy" HEIGHT="47" HPOS="3470" ID="PAG_00000056_ST001270" STYLEREFS="TXT_1" TYPE="illegible" VPOS="4614" WC="0.41" WIDTH="78"/>
          </TextLine>
          <TextLine HEIGHT="48" HPOS="2857" ID="PAG_00000056_TL000215" STYLEREFS="TXT_1" VPOS="4656" WIDTH="689">
            <String CONTENT="d'art," HEIGHT="40" HPOS="2857" ID="PAG_00000056_ST001271" STYLEREFS="TXT_1" VPOS="4660" WC="1" WIDTH="103"/>
            <SP HPOS="2960" ID="PAG_00000056_SP001057" VPOS="4660" WIDTH="20"/>
            <String CONTENT="lente" HEIGHT="33" HPOS="2980" ID="PAG_00000056_ST001272" STYLEREFS="TXT_1" VPOS="4660" WC="1" WIDTH="91"/>
            <SP HPOS="3071" ID="PAG_00000056_SP001058" VPOS="4661" WIDTH="19"/>
            <String CONTENT="mais" HEIGHT="33" HPOS="3090" ID="PAG_00000056_ST001273" STYLEREFS="TXT_1" VPOS="4661" WC="1" WIDTH="87"/>
            <SP HPOS="3177" ID="PAG_00000056_SP001059" VPOS="4662" WIDTH="19"/>
            <String CONTENT="parfaite," HEIGHT="42" HPOS="3196" ID="PAG_00000056_ST001274" STYLEREFS="TXT_1" VPOS="4662" WC="1" WIDTH="158"/>
            <SP HPOS="3354" ID="PAG_00000056_SP001060" VPOS="4673" WIDTH="19"/>
            <String CONTENT="sera" HEIGHT="22" HPOS="3373" ID="PAG_00000056_ST001275" STYLEREFS="TXT_1" VPOS="4673" WC="1" WIDTH="67"/>
            <SP HPOS="3440" ID="PAG_00000056_SP001061" VPOS="4656" WIDTH="17"/>
            <String CONTENT="toujou" HEIGHT="41" HPOS="3457" ID="PAG_00000056_ST001276" STYLEREFS="TXT_1" VPOS="4656" WC="1" WIDTH="89"/>
          </TextLine>
          <TextLine HEIGHT="35" HPOS="2857" ID="PAG_00000056_TL000216" STYLEREFS="TXT_1" VPOS="4705" WIDTH="424">
            <String CONTENT="celle" HEIGHT="34" HPOS="2857" ID="PAG_00000056_ST001277" STYLEREFS="TXT_1" VPOS="4705" WC="1" WIDTH="82"/>
            <SP HPOS="2939" ID="PAG_00000056_SP001062" VPOS="4705" WIDTH="17"/>
            <String CONTENT="d'un" HEIGHT="33" HPOS="2956" ID="PAG_00000056_ST001278" STYLEREFS="TXT_1" VPOS="4705" WC="1" WIDTH="82"/>
            <SP HPOS="3038" ID="PAG_00000056_SP001063" VPOS="4706" WIDTH="16"/>
            <String CONTENT="seul" HEIGHT="33" HPOS="3054" ID="PAG_00000056_ST001279" STYLEREFS="TXT_1" VPOS="4706" WC="1" WIDTH="74"/>
            <SP HPOS="3128" ID="PAG_00000056_SP001064" VPOS="4707" WIDTH="16"/>
            <String CONTENT="ouvrier." HEIGHT="33" HPOS="3144" ID="PAG_00000056_ST001280" STYLEREFS="TXT_1" VPOS="4707" WC="0.99" WIDTH="137"/>
          </TextLine>
        </TextBlock>
        <TextBlock HEIGHT="52" HPOS="3422" ID="PAG_00000056_TB000021" STYLEREFS="TXT_1" VPOS="4740" WIDTH="118" language="fr">
          <TextLine HEIGHT="52" HPOS="3422" ID="PAG_00000056_TL000217" STYLEREFS="TXT_1" VPOS="4740" WIDTH="118">
            <String CONTENT="J." HEIGHT="42" HPOS="3422" ID="PAG_00000056_ST001281" STYLEREFS="TXT_1" VPOS="4750" WC="1" WIDTH="28"/>
            <SP HPOS="3450" ID="PAG_00000056_SP001065" VPOS="4747" WIDTH="18"/>
            <String CONTENT="R." HEIGHT="33" HPOS="3468" ID="PAG_00000056_ST001282" STYLEREFS="TXT_1" VPOS="4747" WC="1" WIDTH="33"/>
            <SP HPOS="3501" ID="PAG_00000056_SP001066" VPOS="4740" WIDTH="15"/>
            <String CONTENT="F," HEIGHT="34" HPOS="3516" ID="PAG_00000056_ST001283" STYLEREFS="TXT_1" VPOS="4740" WC="1" WIDTH="24"/>
          </TextLine>
        </TextBlock>
      </PrintSpace>
    </Page>
  </Layout>
</alto>
