3651 5081
146 184 53 40 15
254 171 43 54 J
297 171 109 54 anvi
406 171 43 54 e
449 171 67 54 r
3301 194 40 26 21

416 289 8 11 1

147 307 119 36 AVEC
282 307 95 35 DES
395 308 218 36 ETOFFES
636 306 244 38 MOULANT
903 309 61 34 LE
981 306 164 38 CORPS

123 521 83 33 ET
236 519 64 34 DE
330 518 238 37 FRAGILES
599 519 299 40 DENTELLES,
931 520 71 34 ON
1032 518 114 37 FAIT

148 730 92 34 DES
284 730 165 35 ROBES
497 730 63 34 DU
608 730 117 36 SOIR
773 731 89 39 QUI
904 730 244 36 PLAISENT

291 4081 71 42 Qui
399 4094 40 21 ne
475 4084 96 32 serait
604 4082 108 34 séduit
742 4090 65 35 par
837 4083 59 33 elle

290 4126 53 42 lor
343 4126 133 42 squ'elle
509 4128 83 32 revêt,
620 4134 77 26 cette
727 4127 169 43 gracieuse

274 4170 91 33 robe
397 4170 38 33 de
464 4171 125 34 velours
620 4171 96 34 blanc
751 4184 74 21 avec
857 4184 39 23 sa

289 4214 156 43 draperie
456 4215 48 44 de
504 4215 144 44 dentelle
648 4215 192 44 espagnole?

293 4266 128 37 surtout
430 4260 181 42 lorsqu'elle
622 4260 32 43 a
654 4260 80 43 soin
734 4260 161 43 d'ajouter

289 4304 21 33 à
321 4316 41 21 sa
374 4305 94 41 grâce
483 4304 216 43 langoureuse
715 4317 48 22 un
779 4305 119 42 regard

291 4348 150 41 poétique
457 4356 29 26 et
499 4349 141 42 piquant
656 4349 60 42 qui
735 4357 158 35 provoque

2005 4566 86 34 Cette
2115 4568 72 33 robe
2208 4568 59 43 qui
2283 4567 151 42 souligne
2454 4566 151 34 discrète'

2003 4618 88 27 ment
2112 4618 30 27 et
2161 4613 260 40 gracieusement
2442 4611 30 34 le
2496 4619 109 34 corps,

2001 4663 46 26 est
2067 4668 40 23 en
2125 4656 127 35 velours
2271 4657 76 34 noir
2365 4668 20 30 y
2405 4656 147 43 compris
2568 4656 34 33 la

2000 4700 146 34 ceinture
2169 4713 60 31 que
2251 4700 164 36 Charlotte
2435 4713 20 21 a
2473 4699 129 37 enrichi

2180 4745 156 7 -

1999 4744 40 34 de
2057 4744 162 35 broderies
2235 4745 38 34 de
2289 4745 105 44 perles
2410 4752 30 26 et
2452 4745 151 42 d'argent

2686 295 50 41 CA
2752 291 137 49 gauche)
2915 296 88 35 Cette
3018 296 71 35 robe
3108 297 57 43 qui
3185 309 41 21 ne
3244 296 103 42 prend

2683 348 66 34 pas
2766 343 166 42 beaucoup
2948 341 131 44 d'étoffe
3090 354 34 21 se
3136 347 143 36 rattrape
3292 352 57 22 sur

2682 385 30 33 le
2733 387 149 44 chapitre
2900 387 36 34 de
2954 387 36 34 la
3009 386 132 44 qualité.
3188 383 164 36 Charlotte

2685 442 21 21 a
2735 432 109 35 choisi
2866 441 83 35 pour
2972 432 60 33 elle
3053 432 35 34 la
3111 431 75 43 plus
3209 429 144 43 élégante

2686 474 39 32 de
2745 483 106 29 toutes
2867 477 46 35 les
2932 476 121 43 étoffes,
3074 476 29 34 le
3121 476 125 36 velours
3265 476 88 33 noir.

2685 518 188 45 L'esquisse
2873 518 51 45 de
2924 518 172 45 ceinture
3114 533 59 22 sur
3192 519 27 33 le
3238 519 118 35 devant

2682 570 49 26 est
2759 578 42 21 en
2833 568 85 41 drap
2947 566 147 42 d'argent
3125 564 58 45 qui
3194 564 162 35 scintille

2745 4068 100 36 Cette
2845 4068 83 36 robe
2928 4068 50 36 du
2978 4068 101 36 soir
3097 4066 57 36 en
3154 4066 190 36 charmeuse

2730 4116 106 36 ,noire
2865 4125 62 24 sur
2952 4113 138 43 laquelle
3113 4125 34 22 se
3174 4111 103 44 drape
3307 4111 39 33 de

2742 4159 42 38 la
2784 4159 144 38 dentelle
2943 4158 104 42 noire,
3064 4165 29 27 et
3108 4157 79 35 dont
3198 4156 41 34 la
3257 4156 89 36 cein-

2743 4202 89 38 ture
2832 4202 71 38 est
2903 4202 53 38 en
2956 4202 200 38 charmeuse
3174 4200 114 34 bordée
3307 4200 38 33 de

2736 4249 151 44 franges,
2911 4247 117 35 réalise
3052 4248 29 33 le
3104 4253 72 27 tour
3199 4245 38 34 de
3253 4245 93 43 force

2744 4294 38 34 de
2799 4294 92 51 faire
2914 4304 48 22 un
2985 4292 77 42 long
3085 4303 99 30 usage
3195 4302 90 23 sans
3304 4301 38 22 en

2742 4339 92 37 avoir
2857 4338 89 39 l'air,
2966 4337 165 42 suprême
3140 4334 204 44 raffinement
