3601 5045
186 189 64 40 15
305 176 161 52 Janv
485 178 84 40 ier

185 301 40 33 de
250 300 175 44 l'époque,
444 314 131 22 aucune
599 300 159 42 chemise,
777 314 133 21 aucune
936 300 89 35 cein-

186 354 86 32 ture,
298 357 139 24 aucune
461 345 148 43 lingerie.
645 344 48 33 La
720 346 147 43 tunique
892 345 87 34 était
1005 345 17 33 à

189 390 107 33 même
312 401 61 22 sur
393 392 31 33 la
439 391 103 39 chair,
558 398 34 26 et
610 401 133 23 comme
759 390 62 34 elle
836 390 88 34 était
939 389 81 34 d'un

189 434 80 34 tissu
290 434 26 33 si
346 436 47 33 fin
419 435 81 43 qu'il
526 434 111 33 fallait
660 446 149 32 presque
831 448 67 20 une
923 435 101 41 loupe

188 491 83 30 pour
289 478 34 34 la
338 479 191 43 distinguer
542 479 83 33 d'un
643 478 83 33 tissu
744 487 224 35 transparent
982 478 43 34 de

188 524 77 39 soie,
292 536 47 21 on
360 526 74 32 voit
458 524 73 42 quel
565 523 171 34 ravissant
766 524 171 43 spectacle
963 536 61 21 nos

189 571 95 31 aïeux
300 568 129 35 d'alors
448 568 187 44 pouvaient
648 569 215 42 contempler
877 569 85 33 dans
977 568 47 34 les

190 626 71 20 rues
293 612 256 36 d'Alexandrie
680 625 57 21 car
770 613 20 32 il
828 626 84 21 nous
946 612 80 35 faut

188 658 238 34 évidemment
450 670 163 30 supposer
632 670 66 30 que
723 657 42 34 de
793 658 94 34 telles
906 657 120 34 modes

191 703 169 33 n'étaient
391 701 159 44 adoptées
583 714 68 30 que
683 715 62 29 par
782 702 58 34 des
881 702 145 42 Chrysis

191 748 90 33 sûres
313 747 43 35 de
385 748 71 34 leur
484 745 235 35 merveilleuse
747 755 35 25 et
815 747 213 42 impeccable

192 793 145 33 beauté

233 837 223 42 Quelquefois
477 834 202 43 cependant,
703 844 35 25 et
761 849 83 20 nous
867 849 41 20 en
932 844 98 26 trou-

193 894 83 21 vons
309 881 29 33 la
366 894 126 29 preuve
516 892 55 21 sur
594 879 57 33 des
679 881 173 33 murailles
878 880 151 43 peintes,

190 925 232 42 l'égyptienne
443 924 127 44 portait
591 923 58 34 des
675 924 97 33 robes
796 925 42 33 de
865 925 164 43 couleur;

190 970 27 31 le
244 970 75 41 plus
346 978 157 31 souvent,
519 968 161 34 c'étaient
709 969 45 33 les
781 969 180 41 bordures,
981 971 48 33 les

188 1013 170 41 bretelles,
398 1014 56 43 qui
491 1013 130 33 étaient
660 1012 42 34 de
743 1026 54 21 ces
839 1014 106 34 tissus
988 1016 44 32 de

189 1070 148 21 nuances
357 1058 95 34 vives
470 1058 73 42 plus
564 1066 173 25 rarement
761 1058 30 34 le
809 1068 160 25 costume
988 1073 43 20 en

187 1102 125 41 entier;
333 1102 31 33 la
384 1103 136 33 couleur
538 1102 150 42 préférée
702 1102 132 34 étaient
856 1104 177 41 générale-

190 1155 92 25 ment
296 1146 30 34 le
340 1156 89 29 vert,
449 1160 44 20 un
508 1154 77 26 vert
599 1159 67 30 que
682 1156 99 25 notre
797 1148 232 43 imagination

188 1204 17 20 a
231 1192 209 33 reconstruit
465 1204 76 21 sous
572 1190 29 34 le
632 1203 80 22 nom
735 1192 43 34 de
833 1193 88 34 vert
948 1194 45 33 nil

190 1236 80 33 mais
288 1236 60 42 qui
368 1236 86 34 dans
472 1236 161 42 temps-là
649 1236 90 34 était
753 1237 185 44 beaucoup
954 1239 79 42 plus

190 1280 126 33 violent
333 1293 69 29 que
419 1281 31 33 la
477 1293 132 21 nuance
635 1280 146 35 décorée
807 1283 226 42 aujourd'hui

187 1324 40 34 de
258 1332 92 25 cette
384 1325 224 42 appellation.
655 1326 56 33 On
743 1328 164 33 trouvait
943 1329 91 33 aussi

185 1371 74 32 des
259 1371 204 32 .costumes
512 1382 134 30 rouges,
696 1371 157 35 d'autres
894 1373 136 41 jaunes,
1080 1376 87 33 mais

187 1422 74 25 tous
286 1414 134 33 étaient
444 1414 42 33 de
511 1414 103 42 toile;
637 1415 130 42 jamais
793 1416 32 34 la
852 1417 71 35 soie
948 1431 44 21 ou
1019 1419 31 33 la
1077 1420 90 34 laine

187 1471 39 20 ne
244 1458 129 33 semble
395 1459 98 33 avoir
518 1459 55 33 été
604 1459 112 35 usitée
742 1474 64 29 par
831 1462 47 33 les
904 1463 196 42 Egyptiens
1126 1465 42 33 de

184 1511 91 25 cette
293 1503 141 42 période
452 1503 193 42 primitive.

410 1593 184 38 L'ÉPOQUE
622 1600 297 28 INTERMÉDIAIRE

235 1681 177 43 1,'époque
442 1682 261 34 intermédiaire
735 1683 59 43 qui
835 1684 143 33 succéda
1013 1695 151 32 apporta

189 1726 166 43 quelques
396 1727 252 41 changements
688 1728 17 32 à
746 1728 30 33 la
816 1728 197 42 stylisation
1047 1730 44 33 de
1132 1731 31 33 la

191 1771 136 33 toilette
359 1771 232 43 égyptienne;
632 1772 45 33 les
712 1772 117 42 bijoux
866 1781 139 25 surtout
1043 1773 120 35 furent

192 1816 129 32 utilisés
346 1828 86 22 avec
458 1829 66 20 une
550 1816 203 34 abondance
778 1825 34 25 et
837 1829 66 21 une
928 1817 149 35 richesse
1103 1820 60 42 qui

193 1861 54 32 n'a
272 1860 126 41 jamais
424 1861 55 33 été
504 1860 143 42 dépassé
672 1861 139 41 depuis;
842 1873 37 24 ce
896 1860 55 34 fut
969 1862 32 32 la
1020 1864 143 40 période

192 1905 31 33 la
255 1905 76 41 plus
365 1905 235 33 merveilleuse
631 1904 42 33 de
704 1905 166 33 l'histoire
906 1905 42 33 de
981 1906 181 44 l'Egypte,

194 1949 138 41 période
361 1950 43 32 où
434 1949 61 34 elle
523 1948 174 42 possédait
721 1949 219 34 d'immenses
972 1951 129 34 trésors
1127 1961 36 25 et

191 1993 158 34 étendait
372 2007 35 20 sa
426 1993 214 33 domination
664 2005 57 20 sur
743 1993 58 34 des
826 2002 105 25 terres
957 1994 206 36 innombra-

192 2039 80 33 bles.
323 2039 162 41 Lorsque,
512 2050 42 20 au
582 2037 123 33 Musée
722 2037 45 33 du
795 2038 149 41 Louvre,
965 2052 88 21 nous
1073 2054 88 21 nous

190 2082 154 33 arrêtons
370 2082 129 34 devant
523 2081 46 33 les
587 2081 190 34 merveilles
804 2082 111 34 ravies
935 2095 44 21 au
1004 2086 158 41 mystère

188 2126 56 34 des
275 2126 221 43 cénotaphes,
523 2137 84 22 nous
641 2126 241 42 contemplons
913 2140 88 21 avec
1027 2142 48 20 un
1102 2143 59 21 en-

188 2170 211 34 thousiasme
435 2169 257 42 indescriptible
724 2170 59 34 des
816 2171 142 35 chaînes
992 2173 90 42 d'or,
1117 2175 43 34 de

185 2215 82 41 lapis
295 2214 113 41 lazuli,
435 2214 57 33 des
518 2214 126 42 pierres
669 2223 127 32 vertes,
823 2228 136 30 rouges,
981 2217 178 43 étranges,

183 2258 192 34 travaillées
394 2271 84 21 avec
492 2271 45 20 un
552 2266 55 25 art
630 2259 222 42 prestigieux,
868 2260 59 34 des
952 2262 206 41 pendentifs

180 2303 50 42 de
230 2303 202 42 turquoises
458 2311 35 25 et
517 2302 86 40 d'or,
619 2303 117 34 ciselés
755 2317 136 22 comme
909 2305 60 35 des
989 2318 169 31 gemmes,

179 2348 56 33 des
261 2348 88 32 têtes
374 2346 43 35 de
448 2346 69 34 lion
543 2347 142 42 gravées
710 2361 59 20 sur
801 2349 60 34 des
891 2349 175 44 fermoirs,
1098 2352 59 35 des

1220 1374 153 34 bracelets
1393 1373 244 41 inestimables,
1658 1374 169 33 affectant
1846 1374 60 34 des
1928 1376 128 36 formes
2075 1378 104 34 d'une

1217 1418 181 43 originalité
1430 1418 190 41 inégalable
1652 1427 35 25 et
1717 1418 44 34 où
1804 1419 71 33 l'on
1914 1429 81 26 sent
2028 1422 150 43 palpiter

1219 1472 90 25 toute
1325 1464 28 32 la
1370 1463 243 41 magnificence
1630 1462 42 34 de
1688 1463 102 33 l'âme
1807 1463 229 43 égyptienne.

1260 1509 43 32 La
1320 1507 135 34 coiffure
1472 1507 153 42 changea
1651 1507 196 42 également
1865 1509 19 32 à
1909 1518 96 26 cette
2023 1511 155 43 époque;

1217 1566 41 20 on
1294 1565 86 21 cessa
1420 1552 133 33 d'avoir
1585 1552 42 33 de
1660 1552 141 42 longues
1839 1553 143 35 boucles
2021 1556 157 41 pendant

1218 1598 39 33 de
1283 1597 65 33 l'un
1367 1604 34 26 et
1425 1596 41 34 de
1491 1596 124 34 l'autre
1640 1597 77 33 côté
1742 1596 45 33 du
1814 1597 141 43 visage;
1991 1599 43 34 de
2068 1601 111 33 même

1216 1655 41 20 on
1288 1640 199 35 abandonna
1514 1640 29 34 le
1570 1641 122 42 simple
1720 1641 162 34 bandeau
1905 1656 43 20 en
1979 1644 113 34 ruban
2119 1646 59 41 qui

1217 1686 138 42 ceignait
1379 1685 28 34 le
1432 1685 104 41 front,
1554 1698 88 30 pour
1667 1685 58 34 des
1749 1685 181 35 diadèmes
1955 1688 78 33 d'or
2058 1697 36 25 et
2119 1689 59 34 des

1217 1731 110 41 bijoux
1342 1730 80 33 d'un
1440 1729 229 34 modernisme
1686 1730 151 33 curieux.

1259 1776 88 33 C'est
1360 1775 16 33 à
1397 1787 36 21 ce
1452 1783 156 25 moment
1621 1775 195 41 également
1829 1788 69 29 que
1920 1776 32 33 la
1972 1777 92 34 laine
2078 1787 100 24 entra

1216 1833 38 20 en
1284 1820 102 39 scène,
1417 1827 34 25 et
1481 1819 124 42 qu'elle
1636 1828 148 34 apporta
1818 1832 38 21 sa
1889 1829 85 26 note
2005 1822 123 34 lourde
2159 1823 18 33 à

1214 1865 73 33 côté
1315 1864 38 33 de
1381 1864 30 33 la
1442 1864 144 41 légèreté
1612 1864 174 42 diaphane
1814 1864 60 34 des
1905 1865 108 34 tissus
2042 1867 44 33 de
2111 1867 44 41 lin
2155 1867 23 41 ;

1214 1921 42 21 on
1274 1909 48 33 vit
1340 1908 86 34 aussi
1446 1909 197 41 apparaître
1661 1908 58 34 des
1738 1908 176 35 broderies
1934 1910 44 34 de
2006 1911 111 42 perles
2136 1912 42 33 de

1214 1954 145 33 couleurs
1374 1953 87 41 gaies
1476 1952 58 43 qui
1552 1953 204 34 couvraient
1775 1966 150 30 presque
1943 1955 236 35 entièrement

1214 1998 54 33 des
1301 1998 90 33 robes
1427 1997 173 40 blanches,
1636 1998 197 41 changeant
1877 1999 75 33 leur
1989 2000 189 42 simplicité

1212 2042 172 42 originaire
1401 2054 40 21 en
1460 2055 44 20 un
1523 2042 143 33 brillant
1685 2042 184 42 spectacle.

1283 2143 58 22 LES
1367 2143 179 22 DERNIERS
1576 2143 98 22 FEUX
1701 2143 46 21 DE
1776 2132 107 33 L'ART
1911 2136 188 32 ÉGYPTIEN

1253 2220 75 33 Plus
1357 2220 75 33 tard
1459 2220 102 41 enfin,
1580 2233 41 21 en
1650 2220 220 42 approchant
1888 2221 61 34 des
1973 2223 121 34 siècles
2118 2226 59 42 qui

1211 2264 212 42 précédèrent
1445 2265 232 34 l'avènement
1701 2265 45 33 du
1774 2265 133 39 Christ,
1935 2279 47 21 on
2017 2268 115 35 arrive
2158 2271 18 32 à

1211 2321 43 21 un
1271 2322 198 29 paroxysme
1486 2309 196 43 d'élégance
1700 2309 132 35 colorée
1850 2310 62 43 qui
1939 2311 58 33 n'a
2022 2311 44 35 de
2084 2325 95 23 com-

1211 2354 132 42 parable
1372 2367 66 30 que
1466 2354 45 33 les
1542 2354 96 35 rêves
1669 2354 58 34 des
1757 2354 102 35 Mille
1889 2363 36 26 et
1946 2356 81 34 Une
2056 2357 121 36 Nuits.

2359 307 84 33 C'en
2487 317 48 25 est
2577 308 58 33 fini
2675 310 42 35 de
2755 312 30 34 la
2821 311 120 43 simple
2978 313 141 42 tunique
3156 312 42 32 de

2360 351 244 44 l'Egyptienne
2654 354 161 43 d'antan,
2858 357 83 33 c'est
2981 356 219 35 maintenant

2361 408 66 21 une
2453 397 121 41 longue
2600 398 85 34 robe
2713 401 102 35 tissée
2835 410 33 26 et
2889 400 127 38 drapée
3037 414 82 21 avec
3138 395 59 39 des

2360 441 161 33 manches
2535 441 121 50 larges
2679 453 36 25 et
2739 446 192 40 flottantes,
2954 446 102 34 d'une
3079 446 118 40 forme,

2359 484 105 34 d'une
2494 485 199 41 originalité
2727 492 139 42 exquise
2899 499 35 25 et
2959 491 82 33 c'est
3067 491 30 32 là
3123 503 76 29 par-

2359 528 252 35 ticulièrement
2636 543 70 30 que
2729 535 82 34 l'art
2837 535 162 34 moderne
3024 548 17 21 a
3068 548 37 21 su
3132 548 68 20 em-

2357 582 144 32 prunter
2517 586 51 21 ses
2587 574 139 36 thèmes
2744 579 48 34 les
2812 580 75 42 plus
2906 593 192 21 savoureux
3117 592 85 30 pour

2358 617 196 42 reproduire
2602 631 70 22 une
2723 622 230 44 imagination
3003 625 199 33 millénaire.

2358 662 44 32 Le
2438 662 101 41 plissé
2575 663 181 43 triompha
2794 669 102 41 alors,
2934 669 85 33 ainsi
3055 682 66 30 que
3156 669 47 34 les

2355 706 172 34 Lroderies
2555 707 42 34 de
2623 715 103 28 toute
2753 714 123 40 espèce
2902 722 35 25 et
2962 714 57 33 des
3045 713 158 35 coiffures

2355 750 57 43 qui
2444 751 177 34 rivalisent
2648 765 42 20 en
2719 757 252 41 magnificence
2996 771 83 21 avec
3104 757 98 34 celles

2356 808 66 29 que
2439 796 69 34 l'on
2526 796 52 33 vit
2595 809 41 20 en
2660 797 136 37 France
2817 815 44 20 au
2883 801 184 35 XVIIIème
3085 802 117 41 siècle;

2355 839 71 34 cela
2460 840 86 34 dura
2577 841 143 42 jusqu'à
2759 857 39 21 ce
2836 859 69 29 que
2943 847 165 43 l'Empire
3144 846 58 34 des

2360 885 172 33 Pharaons
2551 885 151 41 sombra,
2722 886 159 46 lorsqu'il
2900 890 56 34 fut
2976 892 143 42 conquis
3142 903 60 30 par

2355 929 28 33 le
2405 930 111 34 Perse.

2401 974 96 33 Voilà
2525 973 90 34 donc
2642 974 29 33 le
2700 975 117 36 milieu
2837 978 45 34 où
2912 979 105 33 vécut
3044 980 80 33 celle
3143 978 57 43 qui

2357 1018 136 34 incarne
2539 1019 158 40 toujours
2744 1033 90 29 pour
2880 1036 87 20 nous
3018 1024 182 42 l'élégance

2357 1063 137 34 féminine
2494 1063 47 34 :
2585 1063 200 36 Cléopâtre.
2861 1066 27 33 Il
2935 1076 52 24 est
3035 1067 166 43 probable

2356 1107 123 43 qu'elle
2496 1107 64 34 dut
2577 1117 205 33 emprunter
2800 1111 19 32 à
2840 1119 117 26 toutes
2985 1112 45 34 les
3048 1113 150 41 époques

2356 1152 223 43 égyptiennes
2605 1152 89 33 leurs
2720 1154 122 34 modes
2872 1155 47 34 les
2949 1156 76 42 plus
3044 1157 103 33 belles
3165 1163 35 26 et

2358 1197 44 33 les
2421 1197 74 42 plus
2514 1196 167 41 raffinées,
2700 1206 36 25 et
2754 1199 129 42 qu'elle
2905 1212 42 21 ne
2973 1213 34 21 se
3032 1208 166 26 contenta

2358 1254 58 29 pas
2450 1241 58 34 des
2541 1241 112 34 reflets
2691 1243 182 40 magnifiés
2911 1243 43 34 de
2995 1258 37 20 ce
3069 1244 58 43 qui
3164 1257 34 20 se

2357 1286 129 42 portait
2507 1286 17 33 à
2543 1298 60 21 son
2621 1286 157 42 époque:

2400 1331 143 33 Comme
2561 1339 114 24 toutes
2694 1330 46 34 les
2761 1331 110 35 reines
2891 1331 42 35 de
2951 1332 139 42 beauté,
3112 1332 82 43 qu'il

2231 1378 134 41 s'agisse
2388 1375 41 33 de
2454 1375 337 35 Marie-Antoinette
2809 1389 44 21 ou
2879 1376 42 33 de
2945 1377 251 42 l'Impératrice

2234 1421 156 43 Eugénie,
2420 1420 60 34 elle
2508 1428 55 24 sut
2589 1420 202 33 renouveler
2816 1421 32 33 la
2876 1421 114 41 mode,
3011 1422 31 33 la
3066 1421 129 34 recréer

2232 1476 33 24 et
2292 1479 39 21 en
2360 1465 82 33 faire
2469 1477 132 21 comme
2635 1476 66 22 une
2734 1465 167 41 synthèse
2931 1465 41 34 de
2999 1474 114 25 toutes
3147 1465 46 33 les

2232 1512 181 41 élégances.

2277 1556 45 33 Et
2345 1554 81 34 c'est
2447 1567 40 20 en
2508 1554 70 33 cela
2597 1565 67 30 que
2685 1565 36 21 sa
2743 1553 127 34 beauté
2894 1566 101 29 passa
3016 1554 18 32 à
3060 1563 131 24 travers

2233 1601 44 33 les
2310 1599 98 34 siècles
2408 1599 37 34 :
2477 1598 60 34 elle
2569 1610 40 21 ne
2638 1597 55 34 fut
2716 1610 61 30 pas
2803 1597 192 35 seulement
3028 1598 164 33 l'héroïne

2232 1646 82 32 d'un
2338 1656 83 31 pays
2446 1656 43 20 ou
2515 1642 101 34 d'une
2640 1641 144 43 époque,
2813 1655 60 21 son
2901 1641 159 43 élégance
3089 1642 102 42 parée

2232 1690 41 33 de
2305 1698 75 25 tous
2408 1687 46 34 les
2483 1687 144 34 artifices
2652 1694 35 26 et
2710 1686 42 35 de
2778 1695 114 26 toutes
2918 1686 46 34 les
2991 1686 199 42 splendeurs

2232 1733 122 44 qu'elle
2387 1731 186 35 recueillait
2611 1730 84 34 dans
2736 1739 115 26 toutes
2892 1731 45 33 les
2975 1732 127 41 parties
3143 1730 45 34 du

2232 1778 124 34 monde
2379 1777 74 33 créa
2478 1777 30 33 la
2534 1775 138 43 légende
2696 1776 59 42 qui
2782 1784 126 26 restera
2931 1775 260 34 éternellement

2232 1832 125 25 autour
2373 1822 44 33 du
2437 1834 78 22 nom
2533 1821 41 34 de
2592 1820 195 42 Cléopâtre.

2277 1868 46 33 Et
2358 1866 83 34 c'est
2474 1865 167 44 pourquoi
2676 1877 113 22 aucun
2826 1864 164 34 musicien
3028 1878 40 20 ne
3109 1872 83 35 peut

2232 1912 126 33 arriver
2392 1911 17 33 à
2446 1910 118 35 rendre
2598 1909 266 43 profondément
2899 1917 91 26 cette
3022 1909 77 34 âme
3131 1909 61 33 im-

2232 1969 125 27 mense,
2386 1968 110 21 aucun
2528 1954 195 34 littérateur
2748 1955 55 33 n'a
2829 1967 45 30 pu
2901 1962 114 25 entrer
3040 1967 43 20 au
3108 1953 82 34 fond

2232 2001 41 34 de
2298 2015 35 20 ce
2356 2012 92 22 cœur
2468 1998 248 41 innombrable,
2737 2007 35 26 et
2791 2012 67 30 que
2879 1998 87 34 seuls
2987 1998 46 34 les
3055 1999 136 33 rêveurs

2233 2054 149 34 peuvent
2410 2044 84 34 dans
2519 2043 58 35 des
2600 2056 132 29 songes,
2756 2051 149 27 souvent
2929 2042 152 41 fumeux,
3108 2042 83 33 ima-

2233 2091 93 41 giner
2342 2089 80 34 celle
2439 2101 86 31 pour
2541 2088 57 43 qui
2621 2097 204 25 moururent
2845 2088 159 33 d'amour
3024 2088 46 33 les
3092 2087 97 33 héros

2233 2135 45 33 les
2297 2135 73 42 plus
2389 2133 145 35 fameux.

1114 4577 87 33 C'est
1214 4590 67 21 vers
1297 4579 32 33 la
1341 4579 52 42 fin
1412 4580 38 32 de
1463 4579 189 34 l'évolution
1666 4580 37 32 de
1716 4580 166 41 l'Empire
1896 4580 166 41 Egyptien
2077 4592 59 29 que
2150 4580 100 33 celui-

2198 4593 52 20 Mï-

1112 4622 31 33 ci
1166 4624 121 31 connÛt
1313 4636 48 20 ses
1386 4625 84 41 plus
1470 4625 254 41 merveilleuses
1742 4633 155 33 parures;
1913 4624 39 33 de
1968 4624 115 42 blancs
2083 4624 49 42 et
2132 4624 117 42 légers

1112 4675 160 25 costumes
1296 4681 39 20 en
1359 4669 76 32 toile
1463 4669 132 42 plissée,
1615 4669 101 34 d'une
1742 4669 124 33 ténuité
1887 4669 33 33 si
1939 4669 227 33 arachnéenne
2189 4682 60 29 que

1111 4712 81 32 l'œil
1206 4712 28 32 le
1253 4712 75 41 plus
1344 4713 111 33 exercé
1471 4726 40 20 ne
1527 4714 132 33 saurait
1676 4714 28 32 le
1720 4713 187 42 distinguer
1924 4713 37 33 de
1978 4713 33 33 la
2032 4714 78 39 soie,
2128 4714 120 33 étaient

1110 4764 179 25 recouverts
1310 4757 39 35 de
1372 4757 116 45 bijoux
1511 4770 82 24 sans
1614 4759 79 43 prix
1716 4765 29 26 et
1767 4758 39 32 de
1825 4754 164 37 broderies
2012 4759 237 33 merveilleuses
