3641 5075
236 201 25 40 r
261 201 38 40 S
354 189 261 52 Janvier
3213 218 27 22 Il

1025 2322 64 33 Les
1104 2321 187 42 mannequins
1291 2321 171 42 défilent
1478 2319 114 34 devant
1608 2321 33 32 la
1660 2320 185 33 richissime
1860 2320 167 33 Madame
2044 2321 159 40 Durand,
2219 2328 28 25 et
2261 2321 60 32 nul
2337 2321 92 32 doute

1024 2379 63 29 que
1110 2373 77 25 cette
1203 2366 96 40 jeune
1320 2366 165 41 éléphante
1507 2377 39 20 ne
1568 2365 157 33 choisisse
1748 2376 47 21 un
1818 2365 125 33 modèle
1966 2365 130 32 élaboré
2120 2374 87 33 pour
2230 2378 65 20 une
2317 2365 111 42 guèpe.

1164 2410 91 33 Mais
1275 2411 89 32 Mme
1386 2409 144 41 Eugénie
1549 2409 106 34 sourit
1655 2409 60 34 car
1715 2409 93 34 elle
1829 2409 66 33 sait
1916 2410 34 32 la
1972 2409 120 33 cliente
2112 2410 141 33 solvable

208 2608 107 43 qu'on
332 2607 50 32 ait
396 2607 121 41 jamais
533 2618 32 28 vu
565 2618 33 28 ;
614 2604 118 43 quand
749 2605 20 32 il
786 2615 166 30 compose
969 2616 68 21 une
1053 2605 139 32 toilette

208 2654 86 32 c'est
312 2651 74 42 pire
404 2663 65 29 que
486 2649 176 35 Monsieur
662 2649 138 35 Rodin
818 2647 121 43 quand
960 2648 20 32 il
1000 2648 129 42 fignole
1148 2660 44 20 un

208 2698 123 39 buste;
359 2696 91 32 aussi
475 2694 116 44 quand
618 2694 21 32 il
663 2702 52 24 est
738 2707 42 20 en
804 2692 92 34 train
921 2691 44 34 de
985 2693 141 33 réaliser
1148 2704 45 20 un

209 2754 111 29 gown,
344 2753 23 28 y
390 2739 64 34 fait
475 2753 58 29 pas
565 2739 68 32 bon
657 2738 223 42 s'approcher
902 2736 44 33 de
970 2736 38 42 lui
1008 2736 29 42 ;
1074 2737 118 42 c'qu'y

209 2798 86 21 vous
318 2784 183 41 rembarre,
522 2784 84 33 c'est
627 2783 70 32 rien
718 2782 42 34 de
780 2783 30 33 le
830 2781 92 40 dire;
945 2780 181 35 d'ailleurs
1147 2793 44 20 on

211 2843 41 21 ne
267 2831 29 32 le
312 2828 77 34 voit
408 2841 59 29 pas
485 2836 146 26 souvent
647 2839 42 21 au
708 2828 108 39 salon,
832 2825 146 41 excepté
995 2826 158 42 lorsqu'il
1170 2838 22 28 y

212 2888 17 20 a
255 2887 66 20 une
345 2873 124 33 cliente
491 2874 251 39 d'importance
765 2871 59 43 qui
849 2870 66 32 fait
939 2882 49 20 un
1014 2871 111 32 raffut
1149 2869 41 33 de

212 2928 77 24 tous
310 2918 46 33 les
379 2917 127 34 diables
526 2929 85 30 pour
631 2915 47 33 lui
698 2916 130 41 parler;
850 2914 90 33 alors
963 2913 79 34 faut
1063 2915 31 32 le
1115 2914 75 32 voir

213 2964 147 38 arriver;
384 2962 21 32 il
426 2974 17 20 a
463 2963 29 32 la
512 2961 91 34 taille
624 2961 108 32 serrée
752 2971 135 23 comme
907 2970 70 21 une
996 2959 84 41 jolie
1101 2958 87 40 fille;

214 3008 20 32 il
253 3016 52 25 est
322 3006 101 40 coiffé
441 3019 127 21 comme
586 3018 45 20 un
650 3017 121 21 amour
788 3013 34 25 et
840 3003 102 42 c'que
960 3014 40 29 ça
1020 3012 80 25 sent
1119 3003 69 32 bon

214 3051 117 43 quand
354 3051 21 32 il
397 3060 121 36 rentre
633 3050 85 32 c'est
737 3060 135 23 comme
893 3059 46 20 un
962 3047 161 43 bouquet
1146 3046 42 33 de

213 3088 84 41 lilas.
337 3094 54 43 La
391 3094 109 43 grâce
500 3094 109 43 qu'il
609 3094 36 43 a
645 3094 91 43 pour
736 3094 127 43 parler
863 3094 77 43 aux

214 3141 102 33 belles
331 3139 128 41 dames,
473 3153 36 28 ça
524 3152 39 20 ne
577 3147 82 33 peut
673 3150 60 30 pas
748 3151 35 21 se
797 3136 110 40 rendre
907 3136 32 40 ;

213 3185 76 33 faut
311 3184 120 32 l'avoir
447 3197 42 20 vu
510 3196 40 22 en
563 3183 182 40 fonctions,
761 3183 178 42 pérorant,

211 3230 191 37 discutant,
447 3229 170 38 écoutant,
664 3227 186 41 regardant
896 3224 43 33 de

211 3282 112 32 temps
345 3284 41 21 en
407 3280 106 35 temps
533 3271 48 34 le
581 3271 81 34 bout
662 3271 66 34 de
748 3284 51 21 ses
819 3269 117 41 ongles

209 3317 126 39 vernis,
361 3329 43 20 ou
430 3316 197 34 l'extrémité
652 3315 42 33 de
719 3328 51 21 ses
795 3313 142 35 souliers

207 3362 155 42 pointus,
387 3369 34 25 et
444 3362 71 41 puis
538 3369 78 25 tout
640 3360 17 33 à
682 3373 87 30 coup
793 3359 100 33 filant
917 3357 18 33 à

206 3405 180 42 l'anglaise
430 3418 82 29 pour
555 3405 99 33 céder
698 3405 30 33 la
774 3404 97 43 place
916 3403 18 32 à

206 3451 172 33 Madame
396 3449 158 43 Eugénie.

446 3550 39 23 LA
511 3549 191 23 PATRONNE

246 3626 172 35 Madame
434 3627 147 43 Eugénie
596 3627 84 33 c'est
695 3627 30 32 la
742 3636 192 33 patronne;

199 3672 63 34 elle
293 3680 55 25 est
379 3684 41 20 en
451 3673 70 33 noir
551 3684 133 21 comme
714 3672 30 33 le
774 3684 88 30 page
892 3671 43 34 de

198 3716 259 42 Malborough;
485 3718 82 32 c'est
595 3716 63 33 elle
686 3717 59 41 qui
775 3718 161 40 s'occupe

197 3761 43 34 de
263 3761 32 33 la
320 3768 117 33 vente,
461 3761 39 34 de
523 3762 30 32 la
577 3760 160 42 question
761 3761 172 41 d'argent,

197 3818 37 21 ce
258 3818 69 30 que
351 3804 179 35 Monsieur
552 3805 116 32 André
693 3806 134 41 appelle
851 3805 83 32 déli-

195 3850 169 34 catement
401 3850 227 34 l'heureuse
656 3850 275 33 terminaison".

195 3895 99 34 Nous
322 3906 43 21 en
393 3906 103 22 avons
523 3903 77 25 tous
627 3894 31 32 la
684 3893 115 35 frousse
799 3893 44 35 :
869 3894 63 33 elle

195 3952 42 21 ne
255 3939 74 40 fait
329 3939 75 40 pas
428 3940 152 41 toujours
600 3951 36 20 sa
655 3938 185 42 duchesse;
869 3939 63 33 elle

194 3983 105 42 garde
319 3994 40 29 ça
381 3995 85 28 pour
484 3996 49 21 ses
553 3983 173 33 fonctions
745 3983 185 41 officielles,

193 4037 35 24 et
243 4027 180 42 lorsqu'on
439 4037 48 24 est
502 4036 95 26 entre
613 4027 60 40 soi,
690 4040 66 30 que
772 4029 45 33 les
834 4040 97 20 man-

194 4072 147 43 nequins
362 4081 180 25 racontent
568 4081 78 32 trop
665 4072 41 33 de
730 4073 199 33 boniments

193 4126 34 24 et
243 4129 68 30 que
328 4116 47 33 les
393 4118 170 32 ouvrières
580 4116 77 33 font
669 4116 45 33 du
728 4118 143 39 chahut,
885 4117 43 33 ah

191 4162 31 32 la
253 4162 32 32 la
419 4170 33 23 et
481 4173 82 22 avec
594 4169 79 24 tout
703 4173 50 29 ça,
785 4162 62 33 elle
877 4170 52 24 est

191 4206 130 42 unique
338 4217 89 29 pour
442 4206 124 34 retenir
581 4205 29 33 le
626 4205 104 33 client
746 4206 132 33 sérieux
894 4214 35 25 et

190 4263 88 29 pour
300 4249 133 33 vendre
455 4250 17 33 à
495 4263 66 20 une
584 4261 114 30 grosse
721 4250 102 34 dame
845 4263 83 20 ven-

190 4304 76 24 true
285 4306 137 21 comme
437 4307 43 21 un
496 4295 250 41 hippopotame
760 4308 67 20 une
846 4295 80 33 robe

189 4339 84 33 faite
292 4350 90 30 pour
400 4350 65 22 une
482 4339 136 42 gazelle.

393 4438 61 22 LES
479 4439 244 26 MANNEQUINS

232 4516 49 34 Ce
309 4527 69 30 que
402 4516 117 40 j'aime
536 4516 30 33 le
588 4516 113 33 mieux
727 4517 98 42 après
845 4517 73 32 Ma-

186 4560 113 40 dame,
318 4559 86 33 c'est
420 4560 45 34 les
482 4561 249 41 mannequins;
749 4561 173 43 c'qu'elles

186 4613 80 25 sont
286 4604 101 42 jolies
410 4612 114 27 toutes
547 4617 52 21 ces
624 4605 211 41 mignonnes

185 4659 36 24 et
252 4650 29 32 le
314 4648 75 33 chic
421 4650 139 41 qu'elles
591 4662 87 20 vous
709 4660 63 24 ont
803 4650 119 42 quand

185 4694 79 33 elles
301 4693 182 35 marchent
518 4695 45 32 les
599 4694 79 32 bras
713 4695 131 33 écartés
880 4706 42 22 en

184 4738 141 34 roulant
346 4737 59 33 des
428 4738 149 34 hanches
599 4751 87 29 pour
707 4738 85 35 faire
812 4738 111 34 valoir

1238 2604 43 33 les
1303 2604 165 33 dernières
1489 2604 168 34 créations
1679 2604 42 33 de
1742 2604 69 32 .\Ir.
1834 2604 130 40 André,
1994 2604 102 33 celles
2124 2604 84 42 qu'il

1239 2649 128 41 appelle
1391 2648 73 34 ses
1464 2648 111 34 vers
1602 2662 40 20 en
1668 2648 125 33 velours
1867 2658 36 24 et
1929 2649 74 41 ses
2040 2649 169 41 strophes

1238 2705 39 20 en
1295 2692 162 43 lingerie
1626 2693 40 33 Ah
1666 2693 41 33 !
1733 2693 45 32 les
1805 2693 248 42 mannequins,
2073 2705 135 21 comme

1238 2737 75 33 elles
1339 2746 76 24 sont
1440 2736 100 34 belles
1567 2746 139 25 surtout
1732 2737 77 33 hors
1828 2737 46 33 du
1934 2737 110 41 cagibi
2112 2737 48 33 où
2175 2738 34 41 je

1237 2781 44 33 les
1307 2782 30 33 ai
1362 2780 185 35 entendues
1571 2782 128 42 parfois
1727 2790 159 25 raconter
1913 2782 60 33 des
2002 2782 162 33 histoires
2191 2782 17 32 à

1238 2825 80 35 faire
1331 2826 84 42 pâlir
1429 2838 44 20 un
1489 2826 109 41 nègre.

1577 2905 43 21 LA
1646 2896 203 30 CLIENTÈLE

1282 2960 97 32 Enfin
1404 2959 19 32 il
1447 2971 22 29 y
1487 2971 17 20 a
1523 2959 29 34 le
1572 2960 127 42 public,
1719 2960 29 32 le
1765 2960 81 33 cher
1864 2961 119 41 public
2001 2973 70 29 que
2087 2959 121 42 j'aime

1238 3011 85 26 tant.
1363 3004 118 39 Qu'est
1500 3016 36 21 ce
1555 3005 83 42 qu'il
1657 3013 84 33 peut
1759 3004 79 33 bien
1858 3017 124 30 penser
2001 3004 43 34 de
2064 3004 81 39 moi,
2165 3003 43 32 de

1237 3049 65 32 moi
1315 3049 29 32 la
1357 3048 105 42 petite
1473 3048 53 34 Zoé
1526 3048 41 34 ?
1581 3050 34 41 je
1627 3048 139 34 connais
1784 3057 116 26 toutes
1918 3050 46 33 les
1982 3049 190 39 acheteuses
2172 3049 35 39 ;

1302 4609 112 42 Quelle
1439 4608 143 34 émotion
1608 4609 129 41 lorsque
1764 4608 66 33 Zoé
1855 4617 112 33 repose
1994 4620 58 20 sur
2078 4608 28 33 le

1301 4666 85 21 cœur
1401 4653 45 33 du
1463 4664 90 30 gosse
1568 4654 39 32 de
1622 4654 201 33 l'ascenseur
1839 4661 27 25 et
1882 4665 60 30 que
1959 4653 146 41 pendant

1301 4711 47 21 un
1368 4698 127 33 instant
1514 4698 59 33 elle
1592 4709 136 22 savoure
1746 4697 34 33 la
1795 4697 69 41 joie
1884 4698 97 33 d'être
2002 4697 105 33 aimée

1518 4751 64 33 par
1599 4755 64 21 une
1680 4743 72 32 âme
1769 4742 121 42 simple

2262 2604 98 33 celles
2391 2604 58 42 qui
2480 2613 122 25 savent
2632 2617 35 21 ce
2697 2605 141 42 qu'elles
2873 2606 150 41 veulent,
3051 2606 76 34 font
3151 2607 73 33 leur

2261 2649 205 32 commande
2482 2657 34 24 et
2532 2650 70 32 s'en
2618 2658 96 31 vont,
2732 2650 98 33 celles
2848 2651 58 41 qui
2924 2663 40 21 ne
2980 2660 78 24 sont
3075 2664 60 29 pas
3153 2652 67 32 très

2260 2692 157 41 décidées,
2417 2692 126 41 celles
2565 2694 59 42 qui
2648 2706 33 21 se
2699 2694 141 33 laissent
2866 2695 161 33 conduire
3054 2708 61 29 par
3134 2696 86 33 leurs

2261 2737 116 41 amies,
2397 2737 98 33 celles
2514 2738 58 42 qui
2590 2738 165 34 viennent
2774 2751 87 29 pour
2879 2751 33 21 se
2931 2739 107 34 rincer
3057 2740 103 33 I'oell

2260 2781 93 33 Mais
2385 2790 149 32 surtout,
2567 2783 20 32 il
2619 2796 22 28 y
2673 2795 17 20 a
2721 2783 46 33 les
2799 2783 138 33 clientes
2969 2784 174 41 sérieuses,
3176 2785 44 33 les

2260 2825 145 41 grandes
2423 2826 149 41 artistes,
2590 2827 46 33 les
2653 2827 237 34 comédiennes
2908 2828 44 33 les
2971 2829 249 49 tragédiennes,

2260 2870 45 33 les
2324 2870 119 33 étoiles
2463 2870 42 33 de
2523 2871 84 41 ciné,
2628 2880 79 24 tout
2725 2884 38 28 ça
2782 2873 113 41 qu'est
2914 2872 72 33 chic
3006 2882 34 24 et
3059 2873 58 42 qui
3136 2886 85 20 vous

2260 2926 18 20 a
2298 2913 42 34 de
2359 2914 30 33 la
2409 2914 183 35 démarche
2611 2924 34 25 et
2663 2916 42 33 de
2724 2916 138 40 l'étoffé,
2882 2925 34 24 et
2939 2916 58 34 des
3026 2917 131 42 paroles
3188 2927 34 24 et

2259 2958 59 42 qui
2336 2959 66 33 sait
2419 2959 130 33 s'tenir.
2589 2960 32 33 Y
2638 2973 18 20 a
2673 2973 120 21 encore
2810 2961 46 32 les
2875 2961 140 33 femmes
3033 2961 45 33 du
3096 2962 125 33 monde

2259 3003 18 32 à
2301 3003 59 41 qui
2384 3015 83 21 avec
2490 3003 58 34 des
2571 3005 165 33 flatteries
2758 3017 44 21 on
2827 3014 83 33 peut
2931 3005 129 34 vendre
3084 3014 77 25 tout
3185 3019 36 20 ce

2258 3047 105 42 qu'on
2389 3056 84 24 veut
2497 3057 35 24 et
2556 3061 22 29 y
2603 3061 18 20 a
2646 3049 46 33 les
2715 3050 119 41 jeunes
2860 3049 94 41 filles,
2980 3050 53 33 les
3089 3050 133 33 dernier

2488 3093 45 32 cri
2551 3088 32 45 ;',
2610 3093 45 33 les
2684 3088 126 46 agitées
2834 3094 58 41 qui
2918 3106 40 21 ne
2983 3094 151 33 désirent
3160 3107 59 29 pas

2486 3145 78 25 tant
2578 3138 114 32 savoir
2709 3150 37 21 ce
2760 3138 83 42 qu'il
2862 3138 76 33 faut
2959 3147 118 33 porter
3098 3151 74 30 que
3183 3152 36 21 ce

2484 3182 139 41 qu'elles
2648 3182 201 41 pourraient
2873 3183 76 33 bien
2979 3183 158 33 enlever

2484 3226 52 42 ah
2536 3226 87 42 j'en
2623 3226 121 42 rougis
2744 3226 158 42 parfois.

2527 3271 62 32 Les
2607 3271 166 40 hommes,
2792 3284 75 26 eux,
2885 3272 83 32 c'est
2986 3280 79 24 tout
3079 3284 37 20 ce
3133 3272 83 42 qu'il

2482 3327 22 29 y
2504 3327 34 29 a
2556 3314 42 34 de
2614 3315 76 42 plus
2709 3315 124 41 rigolo;
2856 3315 37 33 ils
2912 3328 40 20 ne
2970 3316 167 33 viennent
3155 3328 60 29 pas

2481 3368 158 32 souvent,
2655 3360 85 32 mais
2756 3360 87 32 alors
2859 3359 75 34 faut
2949 3360 46 33 les
3009 3360 74 33 voir
3095 3360 119 42 depuis

2481 3403 176 43 l'échappé
2675 3404 42 33 de
2734 3404 126 42 collège
2881 3404 58 42 qui
2962 3405 114 40 rougit
3097 3405 117 42 quand

2481 3448 20 32 il
2525 3449 152 41 aperçoit
2701 3448 58 33 des
2778 3448 139 34 dessous
2946 3448 267 41 froufroutants,

2478 3493 162 42 jusqu'au
2660 3493 102 33 vieux
2780 3493 87 33 beau
2887 3493 113 33 décati
3019 3494 59 41 qui
3097 3493 115 42 lorgne

2480 3546 137 24 surtout
2642 3537 46 33 les
2714 3538 242 42 mannequins.
3007 3537 67 41 Ah,
3091 3538 75 42 j'en
3166 3538 45 42 ai

2480 3594 43 20 vu
2543 3582 58 33 des
2618 3582 141 33 choses

2663 3659 42 21 LE
2732 3659 136 21 SECRET
2892 3660 46 20 DE
2964 3652 67 29 ZOÉ

2522 3715 90 33 Pour
2638 3715 87 40 finir,
2753 3714 201 34 écoutez-moi
2954 3714 51 34 :
3032 3714 85 33 c'est
3143 3714 67 33 très

2478 3760 148 40 sérieux;
2661 3759 98 42 j'suis
2791 3771 222 28 amoureuse;
3044 3759 84 32 c'est
3150 3771 60 29 pas

2477 3816 66 21 une
2570 3804 134 41 blague.
2754 3803 33 33 Y
2815 3816 19 20 a
2862 3803 88 33 deux
2977 3804 106 40 jours,
3112 3803 98 33 Mme

2477 3848 151 42 Eugénie
2650 3848 87 33 dans
2760 3860 46 20 un
2829 3848 95 32 accès
2947 3847 42 33 de
3011 3848 109 32 colère
3142 3848 68 32 m'a

2474 3893 90 41 jetée
2593 3905 44 21 au
2670 3892 141 42 "boy"
2843 3892 42 33 de
2915 3892 217 39 l'ascenseur,
3163 3904 46 20 un

2473 3937 60 42 joli
2555 3938 114 32 môme
2691 3929 126 40 habillé
2839 3949 41 21 en
2903 3936 156 33 matelot.
3106 3936 27 33 Il
3156 3949 54 20 me

2475 3982 68 41 prit
2561 3981 205 42 gentiment,
2786 3993 54 21 me
2858 3981 69 32 tint
2945 3980 85 33 dans
3049 3993 50 20 ses
3119 3981 89 40 bras,

2475 4039 53 20 me
2557 4025 143 43 regarda
2729 4025 86 33 dans
2844 4025 29 33 le
2901 4025 83 33 fond
3013 4024 58 34 des
3100 4038 109 28 yeux;

2475 4083 80 20 mon
2582 4083 95 20 cœur
2704 4069 132 33 battait
2862 4070 18 32 à
2908 4069 121 42 perdre
3056 4069 152 41 haleine;

2474 4115 87 33 alors
2587 4115 21 32 il
2634 4127 54 21 me
2712 4114 99 42 plaça
2836 4126 57 21 sur
2918 4126 65 21 une
3008 4114 158 33 machine
3190 4114 17 32 à

2474 4159 126 34 coudre
2619 4168 121 27 et.
2761 4159 55 40 ah,
2837 4171 36 20 ce
2893 4171 108 28 gosse

2520 4204 144 42 Depuis,
2685 4216 44 20 on
2752 4216 40 20 ne
2813 4211 84 34 peut
2918 4203 75 42 plus
3014 4215 34 20 se
3069 4214 140 21 rencon-

2476 4257 68 24 trer
2557 4261 77 20 sans
2649 4248 95 41 rougir
2744 4248 41 41 ;
2803 4247 83 33 c'est
2901 4260 60 29 pas
2976 4247 42 33 de
3033 4259 55 21 ma
3100 4246 107 41 faute,

2475 4306 67 29 que
2568 4292 235 40 voulez-vous,
2826 4292 61 42 j'ai
2913 4291 101 34 l'âme
3040 4291 137 41 sensible
3177 4291 31 41 ;

2476 4350 86 29 pour
2580 4337 45 33 lui
2641 4338 34 41 je
2693 4336 182 43 quitterais
2896 4348 81 21 mon
2995 4336 92 33 beau
3112 4335 96 33 salon

2473 4391 36 24 et
2541 4383 46 32 les
2620 4381 229 42 mannequins
2881 4380 160 40 odorantes
3041 4380 49 40 ;
3122 4392 87 30 pour

2475 4426 58 41 lui,
2565 4425 239 44 j'accepterais
2837 4437 67 21 une
2944 4424 182 34 mansarde
3165 4437 42 21 en

2475 4472 85 32 haut
2577 4471 58 33 des
2655 4469 187 42 Batignolles
2842 4469 48 42 ;
2917 4481 78 28 non,
3011 4470 35 41 je
3064 4481 41 22 ne
3118 4481 90 30 peux

2473 4529 62 28 pas
2550 4516 71 33 dire
2639 4524 78 24 tout
2735 4527 37 20 ce
2787 4527 66 29 que
2865 4515 34 40 je
2917 4513 100 34 ferais
3032 4526 87 29 pour
3136 4513 46 41 lui
3182 4513 24 41 ;

2473 4569 35 24 et
2527 4560 20 33 il
2566 4560 70 33 s'en
2654 4560 117 39 doute,
2787 4559 183 39 d'ailleurs,
2970 4559 77 39 car
3065 4558 47 33 il
3112 4558 31 33 a
3143 4558 64 33 une

2472 4605 100 41 façon
2599 4604 42 33 de
2659 4616 54 21 me
2731 4603 159 42 regarder
2907 4602 219 33 maintenant

2473 4649 58 40 ah,
2531 4649 58 40 où
2608 4661 54 21 me
2679 4648 115 33 cacher
2794 4648 34 33 ?

2516 4694 48 33 Ce
2587 4706 67 30 que
2677 4693 84 32 c'est
2794 4704 67 30 que
2884 4691 42 33 de
2949 4690 169 42 s'appeler
3139 4690 69 33 Zoé

2468 4748 37 24 et
2523 4738 109 33 d'être
2651 4738 60 32 née
2730 4737 187 40 Faubourg
2934 4736 249 32 Montmartre.
