3617 5075
474 207 21 31 4
3248 190 247 42 rOGUE

460 3027 43 34 de
526 3028 32 33 la
581 3028 212 35 fabrication
816 3030 46 33 du
885 3044 111 29 verre,
1022 3034 58 32 nul
1104 3035 136 34 d'entre
1262 3049 66 20 eux
1351 3037 97 33 n'eut

459 3071 103 35 l'idée
588 3073 42 33 de
655 3074 73 33 s'en
755 3075 109 33 servir
889 3089 89 29 pour
1003 3077 87 35 faire
1115 3079 60 34 des
1201 3080 147 34 miroirs.
1397 3081 50 33 La

458 3116 107 40 jeune
587 3118 128 33 beauté
739 3120 157 34 romaine
919 3122 126 33 n'était
1068 3124 103 41 guère
1193 3125 77 42 plus
1294 3126 153 33 avancée

460 3172 59 21 sur
551 3174 38 20 ce
620 3162 172 42 chapitre,
825 3177 68 30 que
926 3178 36 21 sa
996 3179 93 21 sœur
1120 3169 232 42 égyptienne;
1384 3170 63 33 elle

459 3205 110 40 avait,
600 3206 20 32 il
649 3215 54 25 est
731 3208 89 40 vrai,
848 3218 102 25 outre
979 3211 30 33 le
1038 3212 119 34 miroir
1185 3214 43 33 de
1256 3214 128 34 bronze
1412 3223 35 25 et

459 3248 173 43 d'argent,
659 3250 31 34 le
716 3252 121 33 miroir
862 3266 42 20 en
931 3255 220 43 obsidianne,
1179 3258 81 42 poli,
1288 3259 87 32 mais
1401 3272 44 20 on

459 3293 69 33 sait
562 3307 67 29 que
663 3308 37 20 ce
766 3297 106 34 verre
907 3301 127 32 naturel
1117 3311 54 24 est
1205 3303 240 33 terriblement

459 3338 139 33 sombre
618 3348 34 24 et
672 3340 77 41 plus
771 3353 127 30 propre
919 3343 17 32 à
958 3345 159 41 suggérer
1117 3345 70 41 des
1187 3345 125 41 idées
1334 3348 111 33 noires

459 3382 82 41 qu'à
565 3384 167 33 encadrer
754 3397 47 20 un
826 3388 160 33 souriant
1008 3389 131 42 visage.
1187 3392 64 33 Les
1276 3393 169 32 Romains

457 3434 65 24 ont
555 3428 167 33 toutefois
756 3429 120 34 étudié
910 3432 251 36 sérieusement
1194 3436 47 33 les
1272 3437 173 42 principes

457 3470 46 32 du
530 3471 130 42 miroir,
686 3485 58 20 car
769 3474 86 33 c'est
880 3475 18 32 à
925 3485 93 25 cette
1043 3479 146 41 période
1189 3479 55 41 de
1244 3479 203 41 l'histoire

457 3515 170 34 ancienne
657 3530 68 28 que
757 3528 159 25 remonte
947 3521 210 35 l'invention
1190 3525 46 32 du
1269 3526 176 40 géomètre

457 3570 78 28 grec
557 3560 220 42 Archimède,
801 3564 60 41 qui
885 3564 160 35 incendia
1069 3567 31 33 la
1124 3569 102 33 flotte
1249 3570 196 41 assiégeant

457 3602 171 42 Syracuse
647 3618 41 20 en
708 3617 233 24 concentrant
961 3622 57 20 sur
1037 3611 59 33 des
1117 3613 136 33 miroirs
1273 3627 170 21 concaves

456 3647 47 33 les
522 3660 127 30 rayons
668 3649 45 33 du
733 3651 107 33 soleil.

727 3739 207 35 L'HISTOIRE
962 3754 48 21 DU
1035 3756 136 22 MIROIR

501 3824 49 33 La
571 3826 172 35 véritable
763 3828 143 35 histoire
926 3830 46 33 du
993 3831 119 34 miroir
1131 3846 204 23 commence
1355 3837 87 33 dans

455 3869 63 34 une
518 3869 96 34 cité
639 3871 88 33 dont
750 3872 31 33 le
806 3886 80 20 nom
912 3875 71 32 seul
1007 3876 138 42 évoque
1168 3892 69 20 une
1261 3881 115 33 vision
1400 3882 43 33 de

454 3913 198 42 splendeur,
674 3924 35 24 et
731 3916 18 32 à
771 3929 68 21 une
859 3919 137 42 époque
1016 3921 59 41 qui
1097 3931 61 24 eut
1180 3924 29 32 le
1231 3925 94 33 culte
1346 3925 43 34 de
1410 3927 32 32 la

454 3956 128 34 beauté
606 3959 178 34 féminine.
833 3962 49 33 Ce
906 3963 118 34 furent
1047 3978 42 19 en
1114 3967 84 33 effet
1222 3968 46 33 les
1294 3971 147 33 verriers

453 4000 43 33 de
527 4002 138 42 Venise,
698 4005 150 34 célèbres
881 4007 60 33 dès
973 4009 30 32 le
1034 4009 199 43 cinquième
1265 4013 103 34 siècle
1399 4015 43 33 de

454 4053 100 25 notre
573 4046 65 42 ère,
658 4049 60 40 qui
737 4059 134 32 eurent,
891 4064 77 21 vers
987 4053 70 33 l'an
1076 4064 77 31 300,
1173 4056 101 34 l'idée
1293 4057 43 34 de
1355 4058 86 35 faire

453 4101 47 20 un
522 4090 119 34 miroir
661 4105 42 20 en
725 4094 213 42 appliquant
959 4109 67 21 une
1047 4098 130 43 plaque
1198 4100 42 34 de
1262 4114 99 21 verre
1383 4116 59 20 sur

453 4145 47 20 un
515 4134 158 42 mélange
688 4137 42 33 de
745 4150 156 23 mercure
916 4149 35 24 et
965 4141 145 34 d'étain.
1149 4145 107 33 Leurs
1272 4147 167 40 procédés

454 4190 42 21 ne
516 4181 264 33 ressemblaient
800 4184 104 39 guère
924 4197 67 21 aux
1011 4188 166 39 procédés
1199 4190 184 34 modernes
1404 4201 36 24 et

453 4222 89 33 leurs
563 4224 133 33 miroirs
718 4238 41 21 ne
779 4239 35 20 se
834 4238 156 31 peuvent
1009 4243 182 30 comparer
1211 4246 43 20 au
1275 4235 102 41 point
1396 4236 43 34 de

454 4279 67 21 vue
538 4267 42 33 de
597 4269 30 32 la
645 4270 193 40 perfection
856 4273 189 43 technique
1062 4288 68 21 aux
1147 4285 151 26 travaux
1315 4279 43 34 de
1376 4292 61 21 nos

454 4311 196 35 miroitiers.
692 4314 28 32 Il
739 4315 78 33 n'en
836 4326 90 24 reste
944 4331 61 28 pas
1023 4321 113 32 moins
1154 4335 68 29 que
1240 4323 197 35 l'influence

456 4355 41 34 de
516 4356 32 33 la
568 4357 210 35 découverte
798 4360 58 33 des
877 4363 145 33 verriers
1043 4364 43 34 de
1104 4366 128 34 Venise
1252 4380 57 20 sur
1329 4368 31 33 la
1381 4370 56 32 vie

455 4400 164 35 féminine
645 4411 34 25 et
704 4416 58 20 sur
782 4404 31 33 la
835 4405 204 36 décoration
1059 4409 57 33 fut
1137 4411 242 42 incalculable,
1401 4423 35 23 et

456 4446 156 41 pendant
629 4448 78 42 cinq
725 4457 97 24 cents
840 4462 61 21 ans
919 4451 90 34 leurs
1027 4453 136 34 miroirs
1182 4468 42 20 au
1243 4456 193 43 vif-argent

455 4485 117 39 furent
597 4492 220 42 inégalables.
867 4495 133 34 C'était
1025 4497 31 33 la
1082 4500 170 40 première
1277 4501 65 33 fois
1368 4515 68 29 que

456 4535 80 33 l'art
557 4537 146 41 pouvait
723 4538 185 41 prétendre
930 4540 17 33 à
971 4541 156 35 rivaliser
1148 4544 31 33 la
1201 4545 151 34 Nature.

502 4580 29 33 A
558 4582 108 41 partir
692 4582 42 34 de
759 4583 207 35 l'invention
993 4586 45 33 du
1066 4588 120 33 miroir
1211 4589 43 34 de
1279 4603 100 21 verre
1405 4592 30 33 le

458 4625 101 34 cadre
580 4626 107 42 prend
708 4640 67 21 une
795 4628 217 42 importance
1032 4633 241 35 considérable
1293 4643 37 25 et
1350 4636 86 33 c'est

459 4671 135 42 d'après
618 4672 30 33 le
671 4672 101 34 cadre
796 4686 67 29 que
886 4674 69 33 l'on
979 4677 184 33 connaîtra
1188 4678 192 35 désormais
1404 4681 31 33 le

460 4729 85 30 pays
562 4716 165 43 d'origine
743 4726 34 25 et
792 4718 159 43 l'époque
966 4719 83 34 d'un
1067 4721 129 35 miroir.
1236 4724 115 34 Grâce
1367 4738 67 21 aux

460 4770 180 26 coutumes
655 4763 206 35 médiévales
876 4764 41 34 de
931 4765 196 34 terrorisme
1141 4775 34 25 et
1190 4768 242 43 d'assassinat,

1671 3176 67 41 Qui
1766 3182 75 35 peut
1869 3186 145 21 mesurer
2041 3173 195 42 l'influence

1670 3233 57 20 sur
1744 3220 28 33 le
1791 3218 102 42 monde
1893 3218 155 42 élégant
2065 3226 29 25 et
2111 3231 60 20 sur
2189 3219 47 33 les

1671 3265 161 33 manières
1855 3263 38 33 de
1917 3275 33 21 ce
1969 3263 176 43 français,
2145 3263 89 43 qui,

1670 3310 225 33 redécouvrant
1934 3308 76 33 l'art
2050 3308 107 41 perdu
2197 3309 39 33 de

1664 3354 120 42 fondre
1822 3354 27 32 le
1887 3365 87 20 verre
2013 3364 40 21 en
2093 3354 144 39 grandes

1670 3400 146 41 plaques,
1857 3397 120 41 rendit
1977 3397 172 41 possible
2190 3399 47 32 les

1671 3441 144 43 miroirs
1815 3441 72 43 qui
1887 3441 236 43 refletèrent
2163 3455 73 21 avec

1670 3496 69 25 tant
1781 3488 37 32 de
1858 3487 179 42 perfection
2080 3486 34 33 la
2157 3499 80 22 cour

1670 3533 151 33 brillante
1856 3531 45 34 du
1938 3533 51 31 roi
2025 3531 142 35 Louis
2167 3531 72 35 XV

1504 4412 94 33 Pour
1631 4414 46 32 les
1704 4415 142 41 fameux
1879 4414 131 33 décora-

1502 4459 102 41 teurs
1604 4459 153 41 anglais
1787 4459 46 33 du
1861 4459 150 33 XFIIP

1502 4501 109 41 siècle,
1631 4503 30 32 le
1680 4504 118 32 miroir
1817 4503 78 33 était
1915 4504 96 33 aussi

1504 4545 183 42 important
1718 4560 61 30 que
1810 4557 85 33 pour
1925 4549 89 33 leurs

1503 4591 166 40 confrères
1686 4592 40 32 de
1744 4593 165 33 France.
1909 4593 104 33 Pour

1500 4634 47 33 les
1559 4634 157 35 boudoirs
1727 4637 56 33 des
1794 4637 126 33 Dames
1933 4646 82 34 pou-

1501 4679 93 33 drées
1611 4688 28 25 et
1659 4681 201 33 mouchetées
1880 4682 40 33 de
1939 4690 76 25 cette

1502 4724 71 41 âge,
1594 4725 47 32 les
1660 4726 107 42 frères
1792 4726 112 33 Adam
1930 4727 83 33 créé-

1502 4770 87 34 rent
1589 4770 52 34 de
1641 4770 211 34 ravissants
1877 4771 136 33 miroirs

2528 314 46 33 les
2599 315 142 34 verriers
2768 316 42 34 de
2834 317 125 34 Venise
2984 325 130 34 purent
3137 327 184 22 conserver
3344 313 154 43 pendant

2528 359 74 42 près
2623 360 41 33 de
2687 370 128 32 quatre
2837 370 97 25 cents
2958 374 59 21 ans
3042 361 31 33 le
3096 368 110 25 secret
3228 359 42 34 de
3295 359 31 33 la
3351 358 148 34 fabrica-

2528 403 82 41 tion,
2627 414 33 23 et
2679 405 48 33 les
2747 406 134 33 miroirs
2900 406 41 34 de
2956 406 128 34 Venise
3100 405 119 33 furent
3236 404 159 42 exportés
3413 403 85 33 dans

2528 457 94 25 toute
2650 450 181 42 l'Europe,
2861 450 132 34 vendus
3025 451 19 33 à
3076 450 59 33 des
3166 449 76 42 prix
3270 448 167 34 fabuleux
3466 456 34 24 et

2527 493 157 33 encadrés
2700 506 66 30 par
2779 495 136 43 chaque
2928 507 84 30 pays
3028 495 95 33 selon
3138 506 61 21 son
3215 493 89 33 idéal
3318 491 181 35 décoratif.

2526 537 218 42 Cependant,
2771 552 68 21 aux
2862 540 161 33 environs
3048 539 43 34 de
3119 539 95 42 1665,
3239 538 158 33 l'illustre
3420 536 81 34 Col-

2526 582 74 33 bert
2619 585 195 41 corrompit
2836 597 67 21 une
2923 584 182 42 vingtaine
3127 583 42 34 de
3191 582 185 33 miroitiers
3397 581 104 34 véné-

2526 627 83 33 tiens
2624 628 58 42 qui
2699 628 144 34 vinrent
2858 629 154 33 s'établir
3027 628 189 41 Faubourg
3230 626 270 34 Saint-Antoine

2524 680 35 24 et
2577 684 38 21 ne
2632 673 268 34 contribuèrent
2917 686 61 30 pas
2997 674 212 41 petitement
3227 672 17 33 à
3264 672 32 33 la
3315 670 185 43 splendeur

2524 716 42 33 de
2584 716 29 33 la
2632 730 82 20 cour
2733 718 44 34 de
2798 719 105 33 Louis
2921 719 89 33 XIV
3029 727 35 25 et
3083 718 42 34 de
3145 730 51 20 ses
3217 728 225 22 successeurs.

2569 761 46 34 Ce
2642 762 54 33 fut
2725 775 48 20 un
2804 776 131 29 groupe
2963 763 43 34 de
3034 762 185 34 miroitiers
3247 761 150 41 français
3426 760 72 43 qui,

2523 806 160 42 quelques
2705 815 118 26 trente
2844 821 62 20 ans
2927 808 76 42 plus
3024 807 78 34 tard
3123 806 230 42 atteignirent
3372 805 32 34 la
3424 817 77 31 per-

2524 851 123 33 fection
2679 853 164 41 suprême
2875 866 42 20 en
2950 860 208 26 retrouvant
3190 852 80 32 l'art
3302 850 121 43 perdu,
3456 849 43 34 de

2523 896 111 33 couler
2652 896 28 33 le
2698 909 100 22 verre
2818 898 83 41 poli.
2944 898 63 33 Les
3028 897 164 42 premiers
3212 896 134 33 miroirs
3365 895 133 33 étaient

2523 953 40 20 en
2582 953 92 21 verre
2691 942 132 40 soufflé,
2843 942 90 33 dont
2948 955 45 21 on
3012 955 42 21 ne
3071 941 148 43 pouvait
3236 940 179 33 travailler
3431 952 68 30 que

2522 985 58 32 des
2603 986 175 41 quantités
2802 987 249 33 relativement
3073 986 138 42 petites,
3235 985 86 33 mais
3344 985 47 33 les
3414 997 85 20 nou-

2523 1042 108 21 veaux
2672 1031 164 41 procédés
2880 1032 192 41 permirent
3112 1031 31 32 la
3185 1029 211 34 fabrication
3438 1029 59 33 des

2522 1075 142 41 grandes
2704 1076 112 41 glaces
2859 1077 60 41 qui
2960 1076 212 42 occupèrent
3212 1074 59 34 des
3313 1086 186 30 panneaux

2522 1119 122 33 entiers
2672 1129 33 24 et
2732 1120 198 34 donnèrent
2958 1133 46 20 un
3033 1121 123 33 cachet
3182 1119 43 33 de
3252 1119 77 33 luxe
3356 1131 47 20 un
3431 1131 66 29 peu

2522 1164 158 42 féérique,
2702 1177 66 21 aux
2789 1166 115 32 salons
2926 1174 34 24 et
2982 1178 67 20 aux
3070 1165 99 33 salles
3191 1164 42 33 de
3253 1164 86 33 fêtes
3360 1163 88 33 dont
3469 1163 29 33 le

2522 1208 126 42 parfait
2660 1209 133 34 modèle
2805 1219 53 24 est
2870 1211 31 32 la
2914 1210 140 33 Galerie
3067 1210 59 33 des
3138 1209 126 33 Glaces
3278 1221 43 20 au
3335 1208 161 33 Château

2521 1253 42 33 de
2580 1254 190 33 Versailles.
2810 1255 56 33 On
2885 1267 18 21 a
2922 1255 52 32 dit
2992 1267 68 29 que
3077 1255 79 33 Van
3174 1253 106 42 Dyck
3297 1253 163 41 enseigna
3479 1252 18 33 à

2520 1298 240 34 l'aristocratie
2777 1299 152 42 anglaise
2944 1299 134 33 l'allure
3095 1298 127 43 qu'elle
3238 1297 119 34 devait
3374 1297 93 33 avoir
3467 1297 31 33 :

2520 1343 46 33 les
2596 1342 110 42 glaces
2736 1343 59 34 des
2826 1344 114 33 salons
2969 1344 163 40 français,
3163 1342 259 42 renseignèrent
3451 1342 46 33 les

2520 1388 194 32 courtisans
2740 1388 151 41 français
2917 1401 57 20 sur
2999 1389 133 32 l'allure
3158 1387 102 42 qu'ils
3288 1387 142 33 avaient
3455 1399 42 21 en

2521 1432 130 41 réalité,
2669 1445 137 21 comme
2822 1433 30 34 le
2869 1433 117 33 miroir
3003 1433 76 42 plus
3097 1432 122 33 intime
3236 1431 42 34 de
3295 1432 31 32 la
3344 1431 95 34 table
3456 1430 42 34 de

2518 1476 150 41 toilette,
2694 1478 211 41 renseignait
2926 1478 47 33 les
2998 1478 119 33 dames
3141 1477 42 33 de
3208 1476 32 33 la
3266 1488 83 21 cour
3377 1488 58 21 sur
3468 1475 31 34 la

2520 1522 155 33 manière
2692 1522 110 34 d'être
2820 1523 92 33 aussi
2930 1523 104 33 belles
3052 1535 67 30 que
3136 1521 162 43 possible.
3341 1520 49 34 Ce
3409 1521 89 33 n'est

2521 1574 109 26 certes
2648 1567 101 42 point
2766 1579 62 30 par
2845 1568 107 33 l'effet
2969 1567 105 34 d'une
3091 1579 84 30 pure
3192 1565 221 34 coincidence
3430 1578 68 30 que

2521 1611 31 32 la
2587 1611 76 42 plus
2698 1611 140 35 raffinée
2871 1612 42 34 de
2946 1620 116 26 toutes
3095 1612 47 33 les
3176 1623 112 28 cours,
3322 1610 83 34 celle
3438 1610 60 42 qui

2521 1655 190 34 s'habillait
2729 1656 30 34 le
2777 1657 77 42 plus
2870 1657 163 42 joliment
3050 1665 35 25 et
3102 1657 30 32 le
3149 1656 78 42 plus
3245 1663 254 25 correctement

2521 1708 36 25 et
2573 1701 59 41 qui
2650 1701 97 33 avait
2764 1701 47 34 les
2830 1702 76 42 plus
2924 1701 167 43 parfaites
3108 1700 182 40 manières,
3308 1700 131 33 brillait
3456 1699 42 34 de

2522 1754 79 24 tout
2617 1757 60 22 son
2693 1746 92 33 éclat
2801 1759 43 20 au
2861 1755 158 25 moment
3034 1746 111 33 même
3160 1745 44 33 où
3221 1745 80 32 l'art
3317 1744 46 33 du
3380 1744 118 33 miroir

2521 1790 88 32 était
2628 1791 99 41 porté
2747 1791 18 32 à
2786 1804 47 20 un
2854 1792 86 32 haut
2960 1791 99 42 point
3079 1790 41 33 de
3140 1789 204 42 perfection.

2567 1834 29 33 A
2625 1847 65 29 peu
2721 1836 77 40 près
2829 1836 18 32 à
2878 1836 160 42 l'époque
3066 1835 43 33 où
3141 1835 62 33 elle
3233 1834 200 33 s'installait
3463 1842 34 25 et

2521 1879 268 42 s'épanouissait
2806 1893 42 20 en
2868 1881 142 39 France,
3029 1879 196 34 l'industrie
3242 1879 46 32 du
3308 1878 118 33 miroir
3442 1878 55 33 fut

2521 1923 191 34 introduite
2732 1937 42 20 en
2794 1925 204 42 Angleterre
3018 1934 34 24 et
3073 1924 117 42 placée
3210 1936 79 20 sous
3310 1924 31 32 la
3362 1931 136 34 protec-

2522 1969 72 32 tion
2615 1968 45 33 du
2681 1969 67 33 duc
2768 1969 43 34 de
2832 1970 255 41 Buckingham,
3108 1970 30 32 le
3157 1968 141 33 fameux
3317 1968 113 33 favori
3449 1968 46 32 du

2522 2013 48 33 roi
2603 2013 142 34 Charles
2782 2015 46 39 II,
2862 2015 111 42 lequel
3007 2014 125 33 établit
3165 2014 47 32 les
3245 2013 176 42 fabriques
3454 2012 42 34 de

2520 2058 170 33 Vauxhall
2722 2059 60 42 qui
2813 2068 196 24 connurent
3041 2071 45 21 un
3118 2058 100 33 siècle
3249 2058 42 33 de
3322 2057 174 33 célébrité.

2521 2103 244 41 L'Angleterre
2801 2104 235 40 commençait
3072 2115 94 21 assez
3203 2102 238 34 tardivement
3478 2102 18 33 à

2521 2147 176 42 s'occuper
2716 2147 46 34 du
2784 2149 136 41 miroir;
2941 2149 63 33 elle
3023 2148 119 33 devait
3162 2160 34 20 se
3218 2156 175 33 rattraper
3412 2147 83 33 vite.

2520 2193 53 32 En
2595 2192 92 41 effet,
2709 2205 37 21 ce
2767 2193 118 33 furent
2905 2194 46 32 les
2973 2193 144 33 verriers
3139 2192 131 41 anglais
3291 2192 60 42 qui
3372 2192 126 33 décou-

2520 2237 131 33 vrirent
2663 2237 29 33 le
2704 2238 148 41 procédé
2864 2238 42 33 de
2918 2237 210 34 fabrication
3140 2236 42 34 de
3195 2249 36 21 ce
3243 2237 107 42 qu'on
3363 2236 135 42 appelle

2521 2282 29 32 le
2573 2282 112 32 cristal
2706 2282 237 42 d'Angleterre,
2969 2295 67 21 une
3059 2282 121 42 espèce
3203 2281 42 33 de
3269 2293 97 21 verre
3390 2281 108 42 parti-

2520 2327 223 33 culièrement
2776 2327 66 33 dur
2874 2336 35 24 et
2941 2327 84 33 clair
3057 2327 173 32 inconnue
3264 2326 59 33 des
3357 2326 139 33 anciens

2520 2372 155 32 verriers.

2566 2416 130 33 L'éclat
2733 2416 45 32 du
2818 2416 117 33 miroir
2972 2416 177 39 moderne,
3188 2424 227 33 transparent
3453 2427 43 21 au

2521 2461 98 41 point
2638 2460 109 34 d'être
2767 2461 159 33 invisible
2946 2469 35 25 et
3000 2461 43 33 de
3062 2461 154 41 paraître
3236 2473 67 20 une
3322 2460 176 42 échappée

2520 2518 58 20 sur
2595 2505 28 33 le
2641 2505 91 42 plein
2751 2506 50 32 air
2819 2506 178 42 lorsqu'on
3017 2518 18 21 a
3053 2518 41 20 eu
3113 2505 164 33 l'adresse
3295 2504 42 34 de
3354 2505 144 33 l'encas-

2520 2559 70 24 trer
2609 2551 317 33 convenablement
2946 2550 87 33 dans
3055 2550 30 33 le
3106 2562 77 20 mur
3204 2549 42 34 de
3267 2550 31 33 la
3319 2549 177 40 chambre,

2521 2595 88 32 n'est
2627 2607 61 30 pas
2707 2595 46 33 dû
2773 2596 18 32 à
2810 2608 47 20 un
2876 2595 338 42 perfectionnement
3232 2594 46 33 du
3296 2607 110 21 verre.
3448 2594 49 33 La

2519 2640 132 41 qualité
2667 2640 129 33 d'éclat
2812 2649 35 24 et
2863 2640 42 34 de
2921 2649 247 33 transparence
3184 2639 88 33 ainsi
3288 2652 68 29 que
3371 2639 32 33 la
3420 2639 77 42 plus

2521 2684 129 41 grande
2665 2685 192 42 perfection
2872 2685 42 33 de
2928 2685 148 41 l'image,
3091 2692 80 25 sont
3185 2683 65 33 dûs
3265 2684 18 32 à
3298 2684 31 32 la
3345 2684 153 33 manière

2520 2729 87 33 dont
2629 2742 45 20 on
2699 2738 141 34 argente
2863 2730 29 33 le
2915 2729 128 41 miroir,
3068 2728 149 43 procédé
3240 2729 59 42 qui
3324 2729 174 42 remplaça
