3601 5045
121 208 94 55 15
215 208 286 55 Janvier
3268 206 16 31 1
3284 206 17 31 *

121 345 291 38 MADELEINE
488 346 58 33 ET
613 340 292 36 MADELEINE
974 336 250 35 ETUDIENT
1288 332 86 34 LES

123 591 172 37 MODES
332 592 98 35 DES
464 588 264 37 PHARAONS
765 588 29 32 A
830 585 205 34 KARNAK
1072 585 62 34 ET
1172 586 26 33 A
1234 581 141 38 LOUQ

119 839 96 35 SOR
271 839 61 33 ET
379 835 370 37 EMBELLISSENT
806 833 83 33 LES
943 832 167 34 ROBES
1158 832 66 33 DU
1269 826 108 37 SOIR

122 1080 111 34 D'UN
280 1079 186 34 REFLET
511 1077 66 34 DE
624 1077 58 32 LA
729 1075 299 35 SPLENDEUR
1076 1058 303 51 EGYPTIENNE

1754 3756 47 40 (A
1823 3755 120 41 droite)
1970 3756 87 33 Cette
2078 3755 109 33 étroite
2207 3756 72 33 robe
2298 3755 38 33 de
2356 3754 89 34 satin
2466 3754 93 34 blanc
2579 3761 176 26 recouverte
2776 3754 38 33 de
2835 3753 77 34 tulle
2933 3752 95 33 brodé

1755 3801 38 32 de
1814 3800 108 42 lignes
1943 3801 39 32 de
1998 3800 73 41 jais
2092 3800 105 41 blanc,
2218 3800 144 42 rappelle
2381 3799 45 33 les
2446 3807 103 34 temps
2568 3799 63 33 très
2651 3799 136 32 anciens
2787 3799 68 32 où
2876 3797 153 41 l'Egypte

1755 3845 79 33 était
1857 3845 104 41 jeune
1988 3853 28 24 et
2044 3845 42 32 où
2111 3845 75 32 l'art
2211 3845 45 33 du
2281 3844 162 33 couturier
2464 3856 33 20 se
2522 3843 198 41 distinguait
2741 3843 68 32 mal
2832 3843 38 32 de
2893 3842 76 33 l'art
2990 3841 38 32 de

1753 3890 161 41 l'orfèvre,
1936 3890 47 32 les
2010 3897 105 34 temps
2136 3889 62 33 très
2229 3889 134 33 anciens
2393 3888 42 33 où
2455 3888 29 32 le
2505 3888 100 33 Lotus
2626 3887 97 42 déifié
2743 3887 78 33 était
2838 3888 28 32 le
2886 3885 143 42 symbole

1753 3934 39 32 de
1816 3934 35 32 la
1874 3934 50 32 vie
1947 3934 207 41 égyptienne.
2202 3934 49 33 La
2274 3934 168 32 silhouette
2464 3940 46 25 est
2533 3932 169 33 accentuée
2726 3939 62 34 par
2804 3932 85 32 deux
2906 3930 122 33 bandes

1753 3979 39 32 de
1812 3978 74 41 jais
1911 3977 84 42 noir
1995 3977 67 42 qui
2062 3977 152 42 tombent
2228 3977 66 42 des
2294 3977 150 42 épaules,
2444 3977 201 42 soulignent
2668 3976 29 32 le
2721 3972 57 36 bas
2802 3976 48 41 de
2850 3976 80 41 jupe
2930 3976 48 41 et
2978 3976 49 41 se

1752 4023 180 32 terminent
1952 4031 64 33 pas
2031 4023 84 32 deux
2130 4023 121 40 grands
2268 4022 113 33 cercles
2397 4022 38 32 de
2451 4021 179 33 cabochons
2646 4020 38 33 de
2696 4020 83 41 jais.
2824 4020 45 41 (A
2887 4018 136 43 gauche)

1751 4067 115 33 D'une
1893 4067 196 33 immobilité
2112 4067 38 32 de
2179 4067 124 41 sphinx
2333 4067 57 32 elle
2419 4066 107 42 refuse
2556 4066 38 32 de
2619 4064 170 42 divulguer
2815 4065 28 32 le
2870 4076 76 21 sens
2972 4063 55 33 des

1746 4112 143 42 figures
1889 4112 233 42 symboliques
2146 4119 27 24 et
2197 4112 55 32 des
2279 4110 224 42 hiéroglyphes
2527 4110 58 42 qui
2610 4117 114 25 ornent
2739 4109 45 33 les
2799 4109 105 41 lignes
2919 4107 108 33 sobres

1751 4156 39 32 de
1808 4168 39 20 sa
1866 4156 74 32 robe
1958 4156 39 32 de
2015 4155 86 34 lamé
2118 4156 163 33 covibinée
2299 4156 37 32 de
2348 4155 126 33 velours
2487 4155 74 33 noir
2575 4155 148 40 d'argent
2736 4161 29 25 et
2784 4154 38 32 de
2839 4153 69 33 soie
2926 4152 98 41 grise.

1753 4200 61 33 Ces
1859 4200 108 41 lignes
2008 4207 73 26 sont
2118 4200 104 39 droites
2222 4200 40 39 ;
2297 4200 33 33 la
2363 4199 145 33 ceinture
2539 4211 40 21 en
2613 4198 144 33 broderie
2789 4198 38 32 de
2859 4197 105 42 perles
2998 4205 27 24 et

1750 4245 239 41 d'émeraudes,
2005 4244 138 33 encercle
2156 4244 46 33 les
2216 4245 150 33 hanches.
2393 4244 114 41 L'effet
2520 4251 45 26 est
2580 4255 41 21 on
2639 4255 39 20 ne
2690 4250 78 34 peut
2779 4241 87 43 plus
2866 4241 159 43 égyptien

1501 4406 53 33 Ici
1583 4406 46 33 les
1659 4405 183 33 couturiers
1872 4413 55 25 ont
1956 4405 140 42 respecté
2122 4405 34 33 la
2185 4406 101 40 mode,
2317 4418 39 20 en
2386 4417 33 20 ce
2448 4405 58 41 qui

1501 4463 157 20 concerne
1682 4451 33 32 la
1739 4450 100 41 ligne.
1889 4450 61 32 Les
1975 4459 179 33 panneaux
2178 4451 38 32 de
2240 4451 162 41 paillettes
2426 4456 80 26 tom-

1501 4496 79 32 bant
1607 4495 38 32 de
1672 4495 33 32 la
1732 4494 91 33 taille
1850 4501 28 25 et
1899 4495 150 41 formant
2075 4495 84 32 deux
2186 4489 169 39 brillantes
2381 4494 124 33 traînes

1502 4539 157 33 terminés
1675 4547 62 33 par
1754 4538 38 33 de
1807 4539 106 41 larges
1922 4539 107 41 fleurs
2045 4539 153 42 pareilles
2215 4540 19 32 à
2250 4540 55 32 des
2321 4540 95 39 lotus,
2428 4538 77 42 font

1503 4596 47 21 un
1575 4584 74 41 effet
1674 4583 161 42 décoratif
1856 4583 59 41 qui
1938 4584 115 41 évoque
2077 4584 32 32 la
2133 4583 176 42 simplicité
2309 4583 145 42 directe
2478 4590 27 25 et

1502 4628 200 52 saisissante
1716 4628 55 32 des
1786 4627 110 43 reliefs
1911 4628 44 32 du
1967 4628 120 50 temple
2102 4628 37 32 de
2155 4628 154 33 Karnak.
2348 4628 158 32 L'amour

1502 4672 154 42 égyptien
1672 4672 55 32 des
1743 4672 112 41 motifs
1870 4672 38 32 de
1924 4672 114 41 bijoux
2054 4684 33 21 se
2102 4679 143 26 retrouve
2260 4685 58 20 sur
2333 4672 28 32 le
2376 4684 129 28 corsage

1504 4729 39 20 en
1579 4716 136 41 saphirs
1745 4723 27 26 et
1803 4716 152 33 brillants
1985 4724 28 25 et
2042 4729 59 20 sur
2139 4716 34 34 la
2206 4717 85 42 jupe
2329 4723 177 26 recouverte

1505 4761 38 32 de
1560 4760 163 42 paillettes
1739 4759 58 43 qui
1813 4760 155 34 ondulent
1997 4772 122 22 comme
2142 4760 120 43 l'aspic
2279 4761 38 33 de
2335 4760 169 42 Cléopâtre
