3635 5069
183 200 26 43 i
209 200 41 43 5
304 187 40 54 J
344 187 60 54 an
404 187 60 54 vi
464 187 40 54 e
504 187 64 54 r
3162 193 36 35 25

2715 4221 82 24 tHiotu
2812 4220 126 28 Taponior

1079 4331 503 41 MADEMOISELLE
1582 4331 426 41 GABRIELLE
2100 4327 264 41 DORZIAT

838 4476 47 33 La
926 4474 126 43 reprise
1091 4473 46 34 du
1180 4472 135 33 "Roi"
1355 4485 44 20 au
1444 4470 134 34 Théâtre
1617 4469 55 33 des

841 4520 147 34 Variétés
1012 4527 46 25 est
1082 4531 46 21 un
1153 4518 55 33 des
1229 4517 120 42 grands
1367 4516 198 34 événements
1585 4514 38 33 de
1640 4514 33 33 la

836 4565 114 34 saison
971 4564 168 34 théâtrale.
1188 4563 54 33 Un
1263 4562 55 33 des
1337 4562 76 42 plus
1432 4572 91 22 rares
1543 4559 131 34 attraits

837 4610 38 33 de
914 4610 33 33 la
987 4608 261 42 représentation
1290 4614 43 25 est
1373 4604 222 44 l'apparition
1636 4603 38 33 de

837 4653 163 35 Gabrielle
1025 4652 141 34 Dorziat
1166 4652 106 34 dans
1295 4651 28 33 le
1346 4651 65 33 rôle
1435 4650 39 33 de
1539 4648 136 34 Thérèse

840 4698 192 34 Marnix".
1090 4697 73 33 Elle
1196 4704 46 26 est
1275 4695 136 34 habillée
1443 4694 102 33 d'une
1572 4694 103 49 façon

838 4743 176 33 délicieuse
1041 4750 62 34 par
1129 4741 137 34 Doucet.
1316 4740 97 34 Nous
1439 4737 238 43 reproduisons

840 4788 45 34 ici
904 4788 27 33 le
953 4795 143 26 costume
1118 4786 116 43 qu'elle
1256 4792 88 36 porte
1366 4797 44 22 au
1434 4784 48 33 Ier
1503 4790 78 26 acte.
1628 4781 49 35 La

1778 4467 94 41 grâce
1897 4465 39 33 de
1962 4477 33 20 ce
2022 4464 93 42 crêpe
2138 4462 38 33 de
2201 4462 106 34 Chine
2330 4461 94 33 blanc
2448 4458 103 43 drapé
2574 4458 37 33 de

1779 4511 94 34 main
1893 4510 39 33 de
1951 4510 117 32 maître
2087 4515 27 26 et
2132 4507 259 34 l'étincellement
2409 4504 54 33 des
2476 4504 136 42 feuilles

1779 4568 40 21 en
1863 4554 170 43 poussière
2078 4553 38 32 de
2159 4552 169 33 diamants
2375 4550 56 42 qui
2467 4550 144 41 forment

1780 4599 175 43 guirlande
1999 4605 119 27 autour
2155 4597 38 32 de
2230 4597 33 33 la
2298 4595 89 34 taille
2421 4601 72 26 sont
2528 4605 84 21 rom-

1780 4645 93 33 binés
1896 4644 38 33 de
1958 4643 33 34 la
2016 4643 77 42 plus
2115 4641 132 42 exquise
2265 4641 113 42 façon.
2431 4638 61 33 Les
2509 4638 104 33 beaux

1780 4690 139 33 cheveux
1944 4688 70 33 d'or
2040 4687 38 33 de
2105 4685 250 34 Mademoiselle
2380 4683 136 33 Dorziat
2540 4689 73 26 sont

1780 4734 34 34 la
1839 4733 89 34 seule
1954 4740 73 26 note
2052 4730 120 35 colorée
2196 4730 39 33 de
2262 4727 183 36 l'ensemble
2469 4739 72 21 avec
2566 4727 46 33 les

1783 4778 125 44 pierres
1951 4776 59 44 qui
2048 4774 181 36 scintillent
2276 4786 59 21 sur
2372 4785 50 21 ses
2461 4771 151 34 bracelets
