3665 5091
388 233 39 34 34
3268 147 231 43 VOGUE

388 233 39 34 34

3248 273 244 5 ----

1138 4176 137 34 L'ART
1323 4176 68 33 DE
1438 4175 358 36 L'ARCHITECTE
1842 4174 128 33 PEUT
2017 4175 389 36 TRANSFORMER
2457 4178 61 34 ET
2567 4174 294 38 AMELIORER

1144 4254 117 33 UNE
1355 4253 306 34 DEMEURE
1737 4251 544 44 PRIMITIVEMENT
2375 4252 496 37 INSIGNIFIANTE

843 4355 178 33 Monsieur
1046 4354 110 33 Guida
1179 4352 52 41 A.
1231 4352 160 41 Doering
1413 4353 171 40 possédait
1606 4355 77 40 près
1700 4354 38 33 de
1760 4355 47 32 St.
1832 4352 105 34 Louis

842 4412 58 20 sur
917 4400 45 32 les
980 4399 95 32 bords
1093 4399 44 32 du
1157 4397 222 42 Mississippi
1396 4408 65 21 une
1479 4397 194 33 charmante
1693 4398 121 42 petite
1814 4398 123 42 maison

842 4443 66 43 qui
908 4443 116 43 avait
1061 4443 46 33 été
1142 4441 198 41 construite
1340 4441 54 41 en
1394 4441 126 41 184.0
1557 4441 135 41 d'après
1730 4455 47 20 un
1815 4442 122 33 modèle

844 4488 112 41 anglais
956 4488 42 41 :
1032 4499 42 21 on
1103 4486 117 41 aurait
1220 4486 101 41 juré
1354 4498 46 20 un
1433 4485 38 32 de
1503 4498 51 19 ces
1587 4486 155 33 manoirs
1742 4486 195 33 délicieux

844 4544 122 21 comme
983 4544 41 20 on
1041 4544 40 20 en
1099 4538 167 25 rencontre
1285 4530 85 32 dans
1387 4530 29 32 le
1438 4537 84 34 pays
1543 4529 56 33 des
1621 4529 69 40 Lacs
1690 4529 42 40 ;
1757 4530 88 33 mais
1867 4530 70 32 Mr.

845 4576 108 33 Guido
983 4575 41 33 A.
1051 4575 148 41 Doering
1231 4587 41 21 ne
1301 4573 135 43 possède
1461 4582 63 33 pas
1548 4573 145 33 l'amour
1718 4574 56 32 des
1799 4582 140 33 cottages

847 4622 77 32 dont
942 4633 84 20 nous
1043 4632 100 21 avons
1154 4619 119 33 célébré
1284 4619 28 32 le
1324 4618 142 41 charme,
1480 4618 25 32 il
1515 4630 20 29 y
1549 4630 19 20 a
1580 4618 154 42 quelques
1745 4619 169 32 semaines
1928 4631 12 26 ;

852 4666 23 32 il
900 4678 19 20 a
940 4665 81 33 donc
1042 4664 108 33 résolu
1170 4663 196 42 d'agrandir
1387 4674 60 21 son
1469 4662 80 42 petit
1570 4663 134 32 manoir
1725 4670 28 25 et
1777 4663 25 33 il
1824 4676 19 20 a
1867 4676 74 20 ren-

850 4710 108 33 contré
976 4718 81 33 pour
1080 4721 33 20 ce
1134 4708 129 32 dessein
1282 4720 46 20 un
1348 4706 70 34 ami
1435 4706 170 33 architecte
1622 4707 70 42 qui.
1711 4720 40 20 en
1770 4708 170 32 soulevant

851 4756 46 32 les
931 4767 100 27 murs,
1065 4766 37 20 en
1135 4752 238 41 agrandissant
1397 4752 45 32 les
1461 4752 145 41 fenêtres
1630 4759 28 25 et
1683 4751 46 33 les
1756 4759 118 35 portes,
1901 4765 41 20 en

2081 4354 189 42 changeant
2295 4357 30 31 le
2351 4358 72 39 toit,
2451 4371 40 20 en
2519 4359 152 40 ajoutant
2695 4355 154 43 quelques
2874 4353 82 33 ailes
2982 4352 20 32 à
3027 4350 101 33 droite
3153 4356 28 24 et

2082 4399 158 41 quelques
2274 4401 85 33 ailes
2394 4403 20 32 à
2440 4404 137 40 gauche,
2605 4416 19 19 a
2649 4399 197 44 transformé
2870 4398 102 32 d'une
2991 4396 103 42 façon
3120 4393 61 33 ires

2083 4444 208 33 américaine
2317 4446 34 33 la
2378 4448 135 32 maison
2542 4446 176 43 primitive.
2768 4444 44 32 Le
2837 4443 136 32 résultat
2995 4451 122 22 comme
3140 4450 42 20 on

2084 4495 79 34 peut
2180 4488 28 32 le
2227 4490 69 31 voir
2314 4498 48 25 est
2381 4492 150 41 agréable
2550 4493 20 31 à
2587 4491 88 39 l'œil,
2694 4496 28 27 et
2738 4489 28 32 le
2790 4486 221 44 propriétaire
3028 4484 58 42 qui
3103 4496 20 20 a
3139 4482 45 33 du

2084 4532 79 41 goût
2196 4540 81 34 peut
2309 4547 35 20 se
2378 4536 73 32 dire
2478 4536 84 42 qu'il
2587 4535 106 34 habite
2718 4546 40 20 en
2782 4533 104 32 même
2909 4538 106 33 temps
3040 4540 65 21 une
3129 4526 55 33 des

2087 4577 77 40 plus
2164 4577 155 40 vieilles
2346 4581 145 33 maisons
2491 4581 92 33 des
2607 4576 315 37 Etats-Unis-où
2947 4581 70 26 cent
3043 4584 61 21 ans
3129 4578 56 25 ont

2083 4621 167 41 quasiment
2250 4621 68 41 le
2332 4625 92 32 recul
2441 4625 46 33 du
2508 4625 201 42 Moyen-âge
2726 4635 40 21 en
2784 4622 122 40 Europe
2906 4622 34 40 -
2940 4622 71 40 et
3029 4630 39 20 en
3083 4616 103 33 même

2086 4672 108 42 temps
2221 4678 68 21 une
2317 4667 156 35 demeure
2549 4671 55 41 Up
2640 4677 29 25 to
2705 4666 65 34 date
2846 4664 150 43 précédée
3029 4670 61 34 par
3121 4672 66 21 une

2086 4709 125 51 citerne
2268 4714 156 32 entourée
2473 4714 103 33 d'une
2623 4712 153 42 margelle
2821 4710 39 33 de
2907 4720 73 27 gros
3028 4705 158 34 moëllonJ

2088 4754 60 42 qui
2208 4763 78 34 peut
2347 4758 105 32 servir
2509 4759 38 33 de
2606 4757 129 44 piscine
2792 4768 44 20 au
2892 4765 85 21 cœur
3033 4751 37 32 de
3118 4749 70 33 l'été
