3613 5063
184 182 67 42 15
306 170 262 53 Janvier
3168 188 39 33 29

196 296 137 76 LA
404 294 362 77 LUTTE
826 294 463 78 CONTRE
1344 298 98 73 les
1500 296 319 74 RIDES
1888 298 593 85 PHYSIQUES
2540 316 71 56 et
2668 296 538 78 MORALES

773 478 72 48 La
885 477 255 62 première
1182 478 103 49 ride
1320 495 84 30 sur
1441 476 44 48 le
1522 476 193 61 visage,
1756 476 46 49 la
1843 481 257 57 première
2141 478 139 58 ride
2280 478 139 58 dans
2419 478 195 58 l'âme,

772 595 127 48 c'est
953 594 44 49 le
1056 595 231 61 "Mané,
1336 594 204 60 Thécel,
1593 594 244 49 Pharè"
1893 597 70 49 du
2019 598 155 48 festin
2226 597 60 49 de
2337 594 282 49 Balthazar

208 748 84 98 L

299 749 34 39 E
372 748 79 41 Roi
488 748 47 39 de
572 747 125 40 Perse
742 747 138 51 Cyrus
922 746 234 53 assiégeait
1199 747 224 52 Babylone.
1497 745 97 40 Bal-

327 804 162 49 thazar,
517 802 189 42 confiant
735 803 106 40 dans
876 803 55 39 les
962 802 310 55 gigantesques
1304 802 207 42 murailles
1542 801 51 40 de

326 860 37 40 la
390 860 97 40 ville
512 874 77 25 aux
612 858 166 51 jardins
805 858 259 52 suspendus,
1093 876 44 24 se
1165 861 97 40 riait
1287 860 66 40 des
1375 858 144 40 efforts
1543 857 52 40 de

197 931 73 24 son
298 915 168 40 ennemi
493 925 41 30 et
558 913 182 41 oubliait
766 929 50 25 en
845 914 51 40 de
922 914 125 40 folles
1074 917 140 52 orgies
1240 917 55 39 les
1319 914 144 41 ennuis
1491 913 100 40 d'un

196 971 98 50 long
318 970 124 52 siège.
494 970 93 41 Une
612 969 118 49 nuit,
730 969 59 49 il
789 969 218 49 célébrait
1033 987 53 24 au
1115 973 143 40 milieu
1283 972 47 39 de
1353 985 59 25 ses
1437 969 158 41 courti-

196 1041 94 25 sans
318 1036 44 30 et
389 1026 175 40 entouré
590 1026 72 39 des
690 1025 94 52 plus
809 1026 124 52 jolies
962 1026 108 41 filles
1099 1029 53 39 de
1181 1044 72 24 son
1281 1028 135 39 harem
1444 1025 37 40 la
1510 1025 85 39 fête

197 1082 68 40 des
294 1081 151 41 Sacées
472 1097 7 25 :
506 1082 81 51 pris
615 1080 102 41 d'un
747 1081 119 41 accès
895 1082 230 52 d'impiété
1153 1083 209 50 farouche,
1387 1081 106 52 grisé
1520 1095 77 37 par

197 1153 43 25 ce
268 1137 103 52 qu'il
402 1137 164 51 croyait
592 1152 43 25 sa
662 1136 131 49 force,
817 1148 44 30 et
888 1138 59 40 les
978 1153 97 26 sens
1107 1139 190 41 soulevés
1325 1152 71 38 par
1416 1137 36 40 le
1481 1151 118 37 spec-

199 1193 105 40 tacle
327 1192 74 41 des
425 1208 120 37 corps
568 1193 208 40 odorants
800 1204 45 30 et
868 1195 282 41 merveilleux
1175 1195 171 41 étendus
1369 1203 154 30 autour
1545 1192 51 40 de

198 1249 68 50 lui,
292 1248 28 40 il
344 1263 43 25 se
411 1249 50 40 fit
486 1258 203 43 apporter
711 1249 61 40 les
797 1265 126 25 vases
949 1251 141 40 sacrés
1117 1267 85 37 que
1227 1266 69 26 son
1320 1248 102 42 aïeul
1446 1248 152 40 Nabu-

198 1304 267 41 chodonosor
495 1304 115 53 avait
610 1304 136 53 jadis
771 1306 93 40 ravi
889 1306 108 40 dans
1019 1306 38 40 le
1082 1307 161 52 temple
1274 1306 46 40 de
1348 1303 247 54 Jérusalem.

199 1360 124 41 Cette
345 1359 278 52 profanation
646 1361 112 40 était
779 1361 23 40 à
826 1362 124 52 peine
973 1364 237 51 accomplie
1231 1377 89 37 que,
1341 1360 101 41 ainsi
1464 1359 131 52 qu'un

197 1430 123 38 orage
345 1415 169 51 s'élève,
540 1426 101 31 tout
666 1416 276 42 s'assombrit
966 1419 107 40 dans
1097 1419 40 40 la
1164 1419 97 40 salle
1285 1416 156 52 royale;
1467 1430 69 25 sur
1559 1415 38 40 la

198 1471 191 41 muraille
417 1473 188 51 opposée
634 1487 85 25 aux
746 1489 114 35 yeux
889 1475 52 39 de
971 1474 236 41 Balthazar
1232 1488 78 26 une
1335 1472 109 40 main
1480 1471 120 40 flam-

197 1528 192 51 boyante
427 1538 215 42 apparut;
681 1539 117 30 cette
825 1530 115 40 main
969 1540 118 40 traça
1115 1546 50 24 en
1193 1529 118 41 traits
1335 1529 47 39 de
1406 1528 191 40 flammes

198 1583 71 41 des
292 1583 242 41 caractères
560 1585 281 49 mystérieux.
895 1586 88 39 Des
1007 1601 146 37 mages
1178 1586 139 40 furent
1337 1582 164 54 appelés
1525 1582 72 51 qui

200 1654 50 25 ne
284 1650 162 42 purent
477 1640 59 40 les
572 1640 252 49 déchiffrer;
859 1651 42 30 et
934 1640 106 41 c'est
1074 1642 111 40 alors
1220 1655 77 38 que
1327 1640 34 40 le
1393 1637 205 54 prophète

201 1694 156 41 Daniel
384 1695 103 52 parla
487 1695 53 52 :
617 1696 120 40 C'est
761 1697 111 39 Dieu
899 1696 71 52 qui
995 1696 124 41 vient
1144 1696 169 41 d'écrire
1335 1710 61 26 ces
1421 1704 110 31 mots
1556 1703 43 31 et

202 1751 109 41 voici
339 1766 47 25 ce
414 1751 75 53 qui
517 1762 65 30 est
609 1752 91 40 écrit
700 1752 47 40 :
774 1752 145 50 Mané,
954 1751 155 51 Thécel,
1139 1749 198 43 Pharès.
1337 1749 149 43 Mané

204 1806 110 41 Dieu
340 1822 22 24 a
388 1808 174 51 compté
586 1808 56 39 les
664 1808 119 49 jours
808 1808 50 39 de
883 1818 72 30 ton
982 1807 128 52 règne
1135 1818 44 30 et
1202 1808 24 40 il
1250 1823 48 25 en
1321 1822 20 25 a
1364 1805 172 52 marqué
1560 1805 37 39 la

206 1863 69 40 fin.
338 1863 156 40 Thécel
639 1862 67 40 Tu
736 1878 44 24 as
808 1863 67 39 été
904 1863 77 39 mis
1010 1863 110 40 dans
1150 1864 38 40 la
1217 1863 167 41 balance
1410 1872 43 30 et
1479 1871 45 30 tu
1554 1876 43 24 as

207 1919 66 40 été
306 1919 154 40 trouvé
492 1929 94 40 trop
618 1917 174 52 léger.
792 1917 174 52 Pharès
1155 1920 94 39 Ton
1283 1932 193 37 royaume
1508 1931 89 25 sera

208 1974 157 52 partagé
499 1974 56 40 La
581 1974 136 39 même
744 1973 95 41 nuit
863 1973 240 42 Balthazar
1129 1975 67 40 fut
1222 1975 67 40 tué
1312 1984 40 30 et
1374 1973 54 41 les
1453 1973 145 40 Perses

207 2030 302 52 s'emparaient
533 2030 50 39 de
608 2029 244 50 Babylone

333 2144 65 74 c

403 2142 239 42 OMBIEN
683 2142 52 40 de
776 2143 181 40 femmes
997 2155 204 30 rentrant
1239 2144 119 40 d'une
1387 2144 128 40 soirée
1543 2142 55 41 où

429 2198 95 40 elles
567 2213 41 25 se
650 2208 99 30 sont
791 2198 230 42 follement
1064 2201 208 49 amusées,
1313 2200 141 50 seules,
1493 2199 105 40 dans

200 2254 88 40 leur
318 2253 172 40 cabinet
521 2254 51 40 de
604 2253 184 51 toilette,
822 2255 275 51 interrogent
1129 2242 352 54 machinalement
1510 2255 90 40 leur

198 2309 165 52 visage;
388 2308 97 41 elles
511 2309 281 52 aperçoivent
816 2310 201 51 soudain,
1045 2321 253 43 serpentant
1320 2327 67 24 sur
1408 2311 36 40 le
1468 2311 129 49 front,

196 2364 296 41 s'accrochant
523 2380 53 25 au
611 2364 94 41 coin
740 2365 52 40 de
825 2365 118 52 l'œil,
985 2380 56 26 ou
1076 2368 179 51 griffant
1284 2367 103 40 l'aile
1419 2367 55 40 du
1508 2381 89 34 nez,

194 2435 52 25 ou
280 2430 182 30 cernant
491 2420 37 40 le
561 2420 166 41 modelé
760 2422 52 39 de
844 2421 93 41 leur
969 2422 187 50 bouche,
1190 2423 38 40 la
1260 2423 196 52 première
1488 2422 78 49 ride
1566 2422 32 49 ;

195 2491 107 37 pour
327 2475 99 41 elles
453 2475 104 41 c'est
582 2477 36 39 le
643 2476 135 51 Mané,
778 2476 204 51 Thécel,
1010 2478 164 41 Pharès
1201 2479 52 40 du
1279 2478 121 41 festin
1427 2479 50 40 de
1503 2477 98 40 Bal-

193 2532 176 48 thazar;
406 2531 105 41 c'est
544 2532 279 52 l'apparition
860 2533 53 40 de
949 2533 208 42 l'ennemi
1185 2534 262 50 inéluctable,
1478 2534 50 40 de
1559 2533 39 40 la

193 2587 208 41 farouche
435 2588 212 50 camarde,
683 2588 109 40 dont
826 2588 99 41 elles
962 2600 130 31 osent
1126 2590 23 40 à
1187 2590 116 52 peine
1336 2589 195 42 articuler
1563 2589 37 40 le

196 2658 77 26 nom
273 2658 58 26 :
367 2643 40 40 la
443 2643 228 41 vieillesse
842 2644 51 41 Oh
893 2644 52 41 !
984 2656 155 41 certes,
1178 2646 25 40 il
1238 2661 27 36 y
1299 2661 20 24 a
1354 2646 81 40 loin
1472 2645 127 41 d'une

196 2698 209 53 première
428 2699 86 40 ride
535 2699 22 40 à
580 2699 39 40 la
643 2699 128 42 réelle
771 2699 201 42 vieillesse
972 2699 56 42 :
1050 2701 88 41 l'on
1163 2711 103 42 peut
1285 2702 145 51 garder
1451 2716 149 25 encore

196 2755 246 52 longtemps
476 2764 119 32 toute
628 2770 83 25 une
741 2757 201 50 jeunesse
977 2757 282 50 exubérante,
1292 2757 103 41 alors
1429 2772 80 37 que
1542 2757 57 40 les

197 2810 136 41 lentes
365 2811 294 40 meutrissures
689 2811 262 41 continuent
981 2812 53 40 de
1066 2828 43 25 se
1139 2828 151 37 graver
1317 2813 159 52 chaque
1502 2814 99 51 jour

200 2866 106 41 dans
338 2866 40 40 la
411 2866 126 41 chair.
596 2866 116 40 Mais
745 2867 363 52 l'enseignement
1142 2869 94 39 n'en
1269 2879 61 30 est
1360 2884 71 37 pas
1464 2868 135 40 moins

200 2921 31 50 là
231 2921 32 50 ;
298 2921 27 41 il
360 2921 108 51 faut,
502 2922 82 41 bon
619 2922 70 52 gré
724 2923 84 40 mal
843 2924 87 51 gré,
967 2939 53 24 en
1058 2925 184 51 prendre
1276 2939 70 25 son
1380 2924 88 53 parti
1468 2924 45 53 ;
1549 2924 51 40 de

199 2978 202 40 l'instant
422 2993 79 37 que
525 2978 55 40 les
608 2978 108 40 rides
745 2979 320 52 apparaissent,
1090 2980 60 40 les
1176 2980 144 40 heures
1346 2980 49 41 de
1421 2979 178 42 sérénité

204 3043 97 31 sont
323 3033 238 52 comptées;
591 3034 184 52 quelque
799 3035 91 40 soin
916 3050 86 37 que
1026 3035 87 41 l'on
1148 3051 156 36 prenne
1333 3035 21 41 à
1385 3036 215 52 s'opposer

205 3089 22 39 à
252 3089 91 40 leur
367 3089 341 52 multiplication,
735 3090 55 40 du
817 3100 200 31 moment
1041 3092 166 51 qu'une
1232 3091 107 40 seule
1362 3102 63 30 est
1448 3107 150 32 venue,

205 3145 36 39 le
264 3160 75 25 ver
361 3159 176 37 rongeur
558 3146 54 40 du
637 3145 139 40 destin
801 3156 65 30 est
889 3146 123 41 entré
1037 3147 110 40 dans
1172 3147 36 40 le
1232 3162 129 37 corps.
1413 3148 56 39 Et
1491 3147 107 52 puis,

205 3215 104 25 avec
332 3210 113 30 cette
467 3201 200 51 première
691 3201 88 40 ride
803 3202 55 40 du
883 3202 165 51 visage,
1074 3203 194 40 coïncide
1290 3203 310 51 généralement

202 3256 38 39 la
270 3255 204 53 première
500 3256 84 41 ride
611 3257 51 39 de
689 3257 150 50 l'âme;
867 3258 108 40 c'est
1002 3273 59 25 un
1091 3274 230 35 mensonge
1347 3259 105 40 dont
1476 3273 53 25 on
1558 3274 42 24 se

202 3311 103 41 rend
332 3321 169 42 compte
525 3322 96 30 tout
645 3312 103 40 d'un
774 3328 124 37 coup,
926 3328 85 25 une
1038 3314 197 40 trahison
1263 3314 154 40 révélée
1444 3329 74 37 par
1542 3329 55 24 un

201 3377 93 31 mot
319 3367 158 52 surpris
502 3368 317 41 incidemment.
874 3369 125 40 Voilà
1028 3385 86 36 que
1140 3379 123 30 toute
1288 3385 78 25 une
1390 3370 210 41 existence

199 3423 144 52 risque
363 3423 53 40 de
435 3423 220 41 s'écrouler
674 3439 124 37 parce
818 3441 83 36 que
922 3425 87 40 l'on
1031 3425 159 40 devine
1211 3440 80 37 que
1310 3441 43 24 ce
1374 3441 225 37 mensonge

197 3494 51 25 en
271 3478 220 41 dissimule
511 3480 200 50 d'autres,
733 3496 126 36 parce
880 3496 85 37 que
986 3480 88 41 l'on
1098 3497 51 24 ne
1173 3491 103 42 peut
1295 3482 126 40 croire
1442 3481 157 53 qu'une

197 3534 197 41 trahison
421 3534 60 41 ait
502 3536 65 40 été
592 3535 166 53 unique
935 3536 135 41 Rides
1100 3537 58 40 les
1186 3537 91 52 plus
1302 3537 297 41 douloureuses

195 3590 52 41 de
280 3590 256 51 l'existence,
564 3591 108 41 rides
704 3592 73 52 qui
810 3602 203 31 creusent
1045 3593 242 40 lentement
1311 3593 35 40 le
1371 3609 127 34 cœur,
1526 3593 72 52 qui

194 3646 269 40 l'entourent
490 3647 97 40 d'un
620 3647 144 40 réseau
796 3648 268 53 impalpable
1095 3649 53 39 de
1179 3648 162 41 défiance
1341 3648 55 41 !
1453 3648 146 49 Quelle

193 3712 67 30 est
283 3702 40 40 la
350 3701 155 41 femme
528 3703 71 52 qui
624 3718 56 25 un
702 3704 100 51 jour
826 3704 68 40 n'a
921 3719 77 37 pas
1025 3714 105 30 tenu
1158 3704 22 40 à
1208 3719 72 25 son
1305 3705 106 40 amie
1436 3704 161 51 intime,

193 3757 22 40 à
252 3773 45 25 sa
335 3757 254 53 confidente,
625 3758 22 40 à
683 3759 239 41 elle-même
958 3761 236 51 peut-être,
1231 3775 49 24 en
1315 3776 53 24 un
1404 3760 194 53 tragique

193 3813 274 52 monologue,
488 3829 64 26 ces
574 3830 170 37 propos,
767 3830 53 26 ou
844 3816 51 40 de
918 3816 139 52 pareils
1057 3816 53 52 :
1178 3815 191 52 J'aimais
1389 3817 166 51 Jacques
1555 3817 42 51 ;

188 3869 161 53 j'avais
380 3869 214 42 confiance
623 3886 50 24 en
704 3871 82 49 lui;
817 3871 55 40 du
905 3882 200 30 moment
1135 3871 101 52 qu'il
1268 3887 64 24 me
1361 3872 126 40 disait
1515 3887 82 25 une

191 3925 142 51 chose,
369 3925 27 40 il
431 3925 182 41 n'aurait
646 3942 55 36 pu
736 3943 67 24 me
835 3928 123 39 venir
991 3927 22 40 à
1048 3928 126 39 l'idée
1208 3927 100 52 qu'il
1341 3928 255 40 dissimulait

191 3997 55 24 un
284 3980 218 42 semblant
535 3983 50 40 de
623 3997 254 38 mensonge;
913 3998 59 25 un
1006 3984 103 50 jour
1144 3983 24 39 il
1207 3983 250 42 m'annonce
1494 3983 103 53 qu'il

1804 757 101 40 part
1935 764 111 36 pour
2074 765 55 24 un
2158 762 160 38 voyage
2346 761 48 25 en
2422 745 196 48 Vendée;
2645 746 163 50 j'entre
2835 765 77 36 par
2936 750 153 41 hasard
3114 750 101 41 chez

1804 817 76 26 son
1911 804 155 42 libraire
2066 804 53 42 :
2147 803 160 42 celui-ci
2336 817 64 25 me
2429 801 63 41 dit
2521 800 103 53 qu'il
2654 801 96 41 doit
2780 803 58 41 lui
2869 806 201 51 expédier
3098 805 117 53 quel-

1803 873 107 36 ques
1934 860 130 41 livres
2089 861 22 40 à
2134 860 191 41 Arradon
2355 873 68 24 sur
2453 857 36 40 le
2521 856 110 53 golfe
2664 856 57 40 du
2755 858 259 43 Morbihan.
3065 863 50 50 Je
3148 876 66 25 me

1804 914 86 40 suis
1924 916 113 41 alors
2070 917 107 40 senti
2208 916 102 40 dans
2340 913 122 40 l'âme
2494 928 80 24 une
2605 911 292 44 douloureuse
2929 916 213 50 détresse;
3170 917 42 51 je

1804 970 85 40 suis
1916 973 171 40 rentrée
2110 972 99 41 chez
2236 970 95 47 moi,
2352 969 71 51 j'ai
2453 968 142 53 pleuré
2621 967 301 54 longuement,
2946 982 57 40 et,
3034 981 183 44 prenant

1804 1040 100 26 mon
1935 1028 163 51 miroir,
2123 1030 41 51 je
2192 1043 63 25 me
2282 1025 81 41 suis
2390 1039 177 38 aperçue
2594 1038 83 37 que
2701 1024 161 51 j'avais
2891 1042 98 25 sous
3017 1028 58 40 les
3103 1043 107 36 yeux

1806 1096 82 25 une
1913 1083 90 40 ride
2029 1081 242 55 profonde

1811 1196 47 70 p

1856 1197 309 42 'OURTANT
2199 1198 102 41 c'est
2340 1196 34 40 le
2414 1195 120 40 destin
2534 1195 52 40 :
2634 1209 105 25 nous
2790 1210 52 25 ne
2881 1211 198 37 pouvons
3122 1197 83 40 rien

1895 1265 153 29 contre
2083 1270 66 24 ces
2182 1265 195 40 attaques
2415 1252 53 40 du
2512 1261 110 36 sort;
2655 1249 57 41 les
2745 1251 90 41 vies
2869 1251 59 40 les
2974 1253 94 51 plus
3111 1253 100 40 heu-

1804 1323 143 26 reuses
1987 1310 225 41 sombrent
2246 1318 95 32 tout
2375 1307 97 40 d'un
2510 1322 122 36 coup,
2657 1315 168 32 comme
2862 1307 58 41 les
2957 1308 167 53 visages
3153 1307 56 41 les

1805 1364 94 51 plus
1931 1365 284 41 harmonieux
2243 1374 169 44 portent
2439 1362 174 41 soudain
2643 1362 51 39 de
2722 1377 67 25 ces
2818 1362 173 54 griffes
2991 1362 217 54 tragiques

1804 1420 73 49 qui
1906 1432 266 29 accentuent
2197 1432 41 30 et
2263 1419 249 42 désaffinent
2535 1419 56 39 les
2618 1417 138 40 traits.
2812 1418 126 40 Nous
2965 1418 36 40 le
3028 1434 179 33 savons;

1805 1475 23 39 il
1868 1491 28 35 y
1935 1492 22 24 a
1993 1478 74 39 des
2102 1477 256 52 spécialistes
2390 1476 49 39 de
2470 1475 38 40 la
2540 1473 178 49 beauté;
2752 1473 24 40 il
2811 1489 29 35 y
2872 1489 50 24 en
2958 1489 21 24 a
3013 1490 108 36 pour
3152 1474 56 39 les

1805 1531 111 40 rides
1951 1533 201 51 physiques
2152 1533 61 51 ;
2246 1531 156 42 ceux-ci
2430 1538 263 45 promettent
2719 1544 83 37 que
2836 1544 79 37 par
2946 1530 51 39 de
3030 1539 177 31 savants

1804 1602 236 38 massages,
2072 1604 77 36 par
2176 1589 71 40 des
2278 1588 117 52 pâtes
2428 1596 43 31 et
2497 1586 71 41 des
2600 1595 224 41 onguents,
2859 1585 49 39 ils
2946 1586 207 39 rendront
3184 1585 22 40 à

1803 1658 57 24 un
1888 1644 152 52 visage
2073 1659 54 25 ou
2162 1644 21 40 à
2216 1660 56 24 un
2300 1658 117 36 corps
2444 1642 265 52 l'apparence
2744 1640 52 40 de
2832 1655 64 25 ses
2929 1640 155 52 quinze
3117 1656 89 25 ans.

1804 1698 35 40 Il
1863 1714 29 36 y
1915 1714 53 25 en
2003 1715 22 24 a
2061 1715 109 36 pour
2200 1700 57 40 les
2291 1698 104 41 rides
2428 1698 149 40 morales
2577 1698 57 40 :
2665 1696 179 50 ceux-là,
2878 1695 330 54 s'embusquent

1804 1755 156 51 auprès
1997 1755 76 40 des
2116 1755 177 41 femmes
2335 1755 105 39 dont
2480 1754 46 39 ils
2568 1752 203 41 devinent
2811 1767 84 37 que
2936 1751 36 40 le
3014 1752 196 41 bonheur

1804 1810 194 50 s'effrite,
2033 1821 46 30 et
2111 1811 107 40 dans
2250 1811 108 40 leurs
2391 1825 151 37 propos
2584 1817 254 41 tentateurs,
2879 1808 156 52 jouent
3076 1808 52 40 de
3170 1807 36 41 la

1801 1867 202 50 jeunesse
2025 1867 203 40 éternelle
2250 1866 122 52 qu'ils
2395 1875 173 30 sauront
2589 1863 210 40 susciter

1808 1980 72 73 R

1884 1970 257 51 EMÈDES
2171 1980 255 50 misérables,
2454 1993 256 39 apparences
2745 1988 235 42 trompeuses
2980 1988 65 42 :
3082 1987 125 31 vaut-

1912 2036 26 40 il
1963 2052 78 36 pas
2071 2037 142 40 mieux
2240 2045 98 32 tout
2363 2035 286 48 abandonner,
2673 2034 145 40 laisser
2846 2034 38 39 la
2911 2034 100 58 nuit
3039 2033 168 42 tomber

1805 2105 71 25 sur
1897 2092 85 50 soi,
1982 2092 34 50 s
2016 2092 69 50 en
2109 2092 103 40 aller
2232 2092 22 40 a
2275 2092 227 49 vau-l'eau,
2523 2092 40 38 n
2563 2092 203 38 attendre
2784 2092 93 50 plus
2897 2092 51 37 de
2965 2092 40 38 1
3005 2092 202 38 existence

1804 2162 83 36 que
1907 2147 53 40 de
1981 2147 238 41 médiocres
2240 2147 277 50 mélancolies,
2538 2146 50 41 de
2607 2145 221 41 dérisoires
2846 2145 216 48 bonheurs
3158 2145 49 48 ;

1805 2217 99 36 non,
1937 2203 26 40 il
1994 2206 102 37 faut
2124 2204 159 52 réagir;
2313 2202 25 40 il
2367 2203 94 40 faut
2488 2203 153 47 lutter;
2672 2212 133 30 certes
2835 2200 26 41 il
2891 2211 66 30 est
2985 2211 142 31 atroce
3156 2200 51 40 de

1803 2258 95 40 voir
1938 2274 73 25 sur
2052 2274 76 24 son
2168 2259 145 52 visage
2351 2258 56 40 les
2446 2257 223 53 premières
2709 2271 198 38 marques
2947 2256 72 41 des
3058 2257 149 40 heures

1804 2313 344 50 descendantes;
2190 2325 135 30 certes
2365 2314 25 39 il
2430 2324 63 30 est
2532 2313 271 40 abominable
2843 2312 286 52 d'apprendre
3169 2312 39 40 la

1805 2369 198 41 trahison
2025 2370 106 40 d'un
2154 2371 90 40 être
2265 2371 111 49 cher,
2399 2370 50 40 de
2471 2385 40 24 se
2533 2380 174 30 trouver
2727 2368 164 41 devant
2910 2368 38 39 la
2972 2368 234 41 révélation

1805 2425 56 40 du
1888 2426 190 51 premier
2103 2441 246 35 mensonge,
2376 2426 103 39 mais
2503 2425 38 40 la
2565 2425 67 40 vie
2658 2424 109 40 n'est
2790 2424 77 40 elle
2892 2438 75 37 pas
2993 2440 82 24 une
3099 2424 110 40 lutte

1806 2481 243 52 perpétuelle
2049 2481 62 52 ?
2172 2482 60 40 Ce
2259 2481 111 40 n'est
2399 2496 73 37 pas
2504 2479 149 54 auprès
2684 2480 71 40 des
2786 2480 214 40 donneurs
3032 2480 51 40 de
3113 2494 99 26 con-

1805 2536 110 52 seils,
1954 2537 157 52 auprès
2149 2537 73 41 des
2259 2537 258 52 hygiénistes
2553 2535 327 53 professionnels
2915 2550 53 25 ou
3005 2535 72 41 des
3112 2550 98 26 con-

1805 2592 214 41 solateurs
2052 2593 174 40 attitrés
2258 2592 103 53 qu'il
2391 2592 96 41 faut
2515 2591 198 42 chercher
2742 2591 36 40 le
2809 2600 135 31 secret
2974 2591 71 40 des
3077 2591 135 40 résur-

1806 2649 159 49 rections
1965 2649 54 49 ;
2041 2648 108 41 c'est
2170 2664 50 25 en
2243 2649 233 40 soi-même.
2527 2648 34 40 Il
2581 2647 96 41 faut
2696 2663 81 24 une
2799 2646 180 52 hygiène
3000 2647 210 52 physique

1805 2713 43 30 et
1870 2720 83 24 une
1977 2704 186 52 hygiène
2186 2704 183 48 morale;
2392 2703 24 40 il
2441 2703 93 41 faut
2554 2718 165 25 exercer
2740 2718 43 24 sa
2806 2702 173 40 volonté
3001 2702 21 40 à
3045 2702 167 40 vouloir

1806 2770 135 30 rester
1966 2761 133 51 jeune
2130 2760 51 40 de
2210 2775 123 37 corps
2362 2769 43 30 et
2433 2760 163 48 d'âme;
2625 2768 44 31 et
2695 2774 50 24 en
2775 2759 136 40 même
2940 2768 139 42 temps
3108 2757 101 53 qu'il

1805 2814 97 41 faut
1932 2816 207 40 habituer
2169 2831 75 25 son
2275 2830 121 37 corps
2427 2815 21 40 à
2478 2830 82 25 une
2590 2814 240 40 nourriture
2857 2813 135 51 sobre,
3016 2814 120 40 vivre
3159 2828 51 25 au

1804 2872 137 49 grand
1966 2872 77 48 air,
2063 2871 140 40 éviter
2222 2872 58 39 les
2303 2871 170 52 paradis
2496 2870 212 41 artificiels
2730 2869 71 53 qui
2820 2884 108 38 pour
2944 2885 55 24 un
3020 2879 193 31 moment

1805 2927 52 39 de
1884 2927 117 52 gaîté
2029 2927 158 40 factice
2213 2927 263 50 détraquent
2502 2925 355 41 inévitablement
2881 2924 270 53 l'organisme
3177 2925 35 40 le

1805 2982 143 41 mieux
1972 2983 236 49 constitué,
2232 2998 51 25 en
2308 2983 137 39 même
2473 2992 139 41 temps
2641 2981 24 40 il
2694 2981 95 41 faut
2814 2995 175 38 exposer
3016 2996 74 25 son
3120 2981 93 40 âme

1805 3053 84 25 aux
1917 3039 128 40 rudes
2074 3038 169 40 souffles
2271 3038 51 40 de
2347 3038 39 39 la
2413 3048 166 40 nature,
2607 3037 224 52 appliquer
2856 3051 73 26 son
2956 3052 119 25 cœur
3100 3036 113 41 souf-

1805 3093 120 41 frant
1951 3104 152 30 contre
2129 3094 58 39 les
2214 3093 187 52 énergies
2401 3093 208 52 latentes
2636 3093 71 39 des
2733 3092 131 41 forêts
2890 3101 43 30 et
2958 3092 51 40 de
3040 3092 39 40 la
3112 3107 99 25 mer.

1806 3149 33 39 Il
1874 3150 97 40 faut
2003 3150 157 51 garder
2190 3150 37 39 le
2259 3149 182 49 sourire;
2473 3149 57 40 les
2560 3164 110 35 yeux
2697 3148 71 52 qui
2793 3148 196 51 pleurent
3012 3158 98 30 sont
3132 3163 81 24 une

1805 3205 183 41 lâcheté.
2043 3205 219 50 Sourions,
2280 3204 104 40 mais
2403 3205 51 40 de
2473 3220 65 25 ces
2561 3204 178 40 sourires
2761 3204 72 52 qui
2856 3219 42 24 se
2918 3204 293 48 contiennent,

1804 3275 74 25 car
1901 3276 109 25 nous
2036 3276 159 24 savons
2219 3261 36 39 le
2277 3260 153 40 factice
2453 3270 43 30 et
2518 3260 35 39 le
2577 3259 182 40 théatral
2786 3260 71 39 des
2881 3258 131 40 éclats
3037 3260 50 39 de
3111 3259 100 48 rire;

1805 3331 137 35 ayons
1971 3317 53 39 de
2052 3316 416 40 l'attendrissement
2493 3316 105 39 dans
2625 3315 36 39 le
2689 3315 163 51 regard,
2882 3314 104 40 mais
3015 3330 75 36 pas
3118 3314 92 52 plus

1804 3372 105 51 qu'il
1939 3388 52 24 ne
2018 3372 205 40 convient
2251 3372 95 39 d'en
2374 3371 162 40 donner
2558 3370 21 41 à
2604 3371 71 39 des
2698 3371 110 40 êtres
2833 3370 191 51 indignes
3049 3371 51 40 de
3125 3385 88 25 sus-

1805 3428 108 40 citer
1936 3429 52 39 de
2012 3428 183 52 grandes
2220 3427 212 40 douleurs.

1804 3542 44 74 J

1858 3541 287 51 EUNESSE,
2182 3541 106 40 c'est
2321 3540 105 40 ainsi
2464 3557 81 36 que
2588 3556 104 24 nous
2740 3551 41 30 te
2827 3540 245 53 garderons,
3108 3540 104 41 c'est

1886 3598 108 39 ainsi
2023 3612 84 37 que
2132 3607 45 30 tu
2203 3607 179 30 resteras
2406 3597 136 52 partie
2572 3597 242 51 intégrante
2847 3597 51 39 de
2930 3597 280 50 nous-même,

1805 3662 44 30 et
1874 3653 162 52 malgré
2061 3653 362 40 l'avertissement
2446 3654 71 39 des
2542 3652 228 52 prophètes
2795 3652 155 39 Daniel
2975 3653 55 39 du
3056 3652 154 50 destin,

1807 3709 162 51 malgré
1991 3709 59 39 les
2071 3709 147 50 Mané,
2247 3708 150 51 Thécel,
2420 3709 168 50 Pharès,
2611 3723 83 37 que
2715 3708 35 40 le
2773 3718 89 30 sort
2883 3708 146 40 inscrit
3050 3709 161 39 devant

1807 3779 76 25 nos
1906 3780 114 35 yeux
2043 3779 109 37 pour
2174 3765 170 39 abattre
2366 3779 74 25 nos
2462 3764 200 52 énergies,
2686 3779 106 25 nous
2815 3778 323 38 provoquerons
3160 3779 49 24 en

1807 3835 108 25 nous
1944 3836 56 24 un
2029 3820 57 40 tel
2114 3830 171 30 sursaut
2310 3820 51 39 de
2386 3820 174 41 volonté
2586 3835 82 36 que
2695 3835 105 25 nous
2828 3834 207 38 pourrons
3063 3819 149 41 tendre

1807 3891 96 25 vers
1927 3876 37 40 le
1987 3876 76 40 ciel
2088 3891 56 24 un
2167 3876 143 52 visage
2333 3875 114 52 clair,
2471 3876 85 51 uni,
2580 3876 95 39 lisse
2698 3891 166 25 comme
2886 3875 36 40 le
2944 3875 118 41 front
3084 3876 127 40 d'une

1807 3931 154 41 enfant
1982 3932 52 40 de
2055 3931 153 52 quinze
2230 3947 88 35 ans,
2349 3946 82 37 que
2461 3947 104 25 nous
2597 3932 232 51 garderons
2863 3947 55 24 un
2952 3946 117 25 cœur
3101 3946 112 36 mys-

1810 3987 178 51 térieux,
2018 3987 324 52 impénétrable,
2366 3997 42 30 et
2430 3987 112 41 fier
