3763 5149
328 270 21 32 ii
3419 243 56 45 F
3475 243 56 45 0
3531 243 113 45 GUE

848 380 900 184 L'HIVER
1896 408 244 140 EN
2288 372 864 184 SUISSE

572 587 105 32 Pour
693 589 91 29 tous
810 584 331 44 renseignements
1169 586 246 30 concernant
1444 582 58 32 les
1531 580 134 33 billets
1692 579 49 33 de
1769 577 190 35 Chemins
1986 576 50 33 de
2068 575 70 40 fer,
2160 576 54 33 les
2243 574 198 43 Voyages,
2473 574 57 33 les
2565 571 140 43 Sports
2740 572 153 35 d'hiver
2931 578 38 29 et
3005 575 55 33 les
3102 573 113 35 Fetes
3249 573 198 45 sportives

574 651 37 30 et
636 646 348 39 divertissements,
1011 646 50 33 les
1085 645 173 34 Stations
1284 643 162 40 d'hiver,
1478 643 57 33 les
1562 641 182 34 Stations
1772 639 231 38 balnéaires,
2030 637 216 40 Sanatoria,
2284 636 56 33 les
2370 626 326 44 Établissements
2731 636 279 33 d'Instruction
3039 634 172 35 officiels
3237 641 41 29 et
3305 634 142 45 privés,

1692 702 56 33 les
1777 689 145 49 Écoles,
1951 699 218 33 s'adresser
2200 695 41 35 à:

578 768 305 43 L'OFFICE
904 766 237 44 SUISSE
1167 767 91 41 DU
1283 763 403 50 TOURISME,
1720 761 283 48 Lowenstrasse,
2025 758 64 50 55,
2109 758 142 50 Zurich,
2287 758 14 44 1
2334 758 36 44 et
2392 770 46 33 sa
2460 757 237 51 Succursale,
2721 758 108 46 Place
2854 756 273 56 St.-François,
3151 757 36 51 6,
3211 757 240 47 LAUSANNE.

577 838 338 44 L'AGENCE
936 837 400 44 OFFICIELLE
1362 834 142 43 DES
1527 831 335 45 CHEMINS
1894 831 87 41 DE
2009 829 127 41 FER
2163 811 397 68 FÉDÉRAUX,
2587 839 104 32 rue
2717 828 343 52 Lafayette,
3086 827 365 44 20-PARIS.

1163 899 87 33 Aux
1280 899 191 32 Bureaux
1499 896 50 34 de
1580 894 304 34 L'AMERICAN
1914 891 222 34 EXPRESS
2162 891 84 41 Co.,
2275 902 49 23 en
2357 893 163 33 France.

1164 960 88 32 Aux
1282 960 191 32 Bureaux
1501 957 52 33 de
1580 957 124 33 Thos.
1733 954 142 35 COOK
1900 953 73 34 and
2001 952 94 39 Son,
2122 961 46 23 en
2198 952 163 35 France.

1165 1021 88 33 Aux
1284 1021 191 32 Bureaux
1506 1018 51 33 de
1586 1016 240 35 VOYAGES
1852 1015 46 34 de
1926 1012 121 34 "DAIL
2047 1012 62 34 Y
2136 1012 156 42 MAIL,"
2317 1014 22 34 à
2368 1015 124 39 Paris,
2522 1015 35 36 5,
2587 1023 69 23 rue
2682 1013 147 34 Scribe.

462 1108 220 88 LES
790 1106 555 88 GRISONS
1454 1094 18 96 I
1566 1104 444 88 SPORTS
2106 1100 447 90 D'HIVER
2624 1118 238 64 DANS
2922 1098 716 88 L'OBERLAND

367 1213 202 32 Demandez
593 1216 32 29 la
649 1214 172 31 brochure
847 1211 189 32 illustrée
1036 1211 189 32 "L'Hiver
1253 1219 77 24 aux
1358 1209 81 33 Gri-
2153 1206 68 87 B
2221 1206 68 87 E
2289 1206 68 87 R
2357 1206 68 87 N
2425 1206 68 87 0
2493 1206 68 87 1
2561 1206 104 87 S
2711 1204 186 82 Altitude
2903 1205 121 79 1000

365 1259 118 33 sons"
508 1268 43 21 au
579 1259 142 30 Bureau
748 1255 121 32 officiel
886 1256 41 30 de
943 1254 314 39 renseignements,
1278 1253 20 31 à
1317 1253 122 31 Coire.
2153 1243 173 50 à
2326 1243 520 50 1650
2861 1205 163 79 mètres.

350 1296 636 124 MALOJA
986 1296 1091 124 KANDERSTEG
2138 1328 19 8 -
2230 1326 377 56 GRIESALP
2607 1326 167 56 sur
2774 1326 379 56 KIENTAL
3214 1358 17 6 -
3328 1356 315 56 GSTAAD

365 1440 179 41 Engadine
577 1440 77 30 1811
689 1439 136 29 mètres.
876 1436 136 32 Station
1040 1436 33 31 la
1105 1436 82 40 plus
1219 1435 222 32 ensoleillée.
1652 1434 245 50 Prospectus
1933 1443 36 34 et
2009 1435 371 48 renseignements
2423 1449 73 34 par
2537 1431 61 43 les
2638 1428 204 47 Bureaux
2880 1428 184 46 officiels
3105 1430 46 42 de
3194 1432 378 45 renseignements.

664 1482 91 31 Tous
771 1480 48 31 les
835 1485 114 36 sports
966 1479 153 32 d'hiver.
3026 1493 7 8 -

627 1567 65 83 D
742 1565 66 84 A
853 1565 66 84 V
968 1565 80 84 0
1105 1565 64 83 S

359 1671 137 85 sports
512 1565 197 185 d'hiver,
709 1565 219 185 1560-1860
928 1565 65 185 m.
993 1565 243 185 altitude.
1243 1667 125 84 place
1372 1667 72 76 de
1560 1598 642 107 Montreux
2238 1653 42 9 -
2322 1598 638 99 Oberlrnd
3044 1594 542 101 Bernois

360 1672 136 31 Station
525 1670 200 39 climatique
757 1667 43 32 de
830 1668 111 31 haute
973 1672 196 36 montagne
1201 1673 34 26 et

359 1711 451 65 sports
810 1711 580 65 d'hiver,
1390 1711 644 65 1560-1860
2034 1711 193 65 m.
2227 1711 644 65 altitude.
2871 1711 322 65 7000
3193 1711 389 65 lits.

402 1802 295 86 L'HIVER
758 1802 52 83 A
882 1800 198 87 ST..
1080 1800 319 87 MORITZ
1699 1840 369 41 MONTPE.UX
2716 1784 136 122 Z
2852 1784 136 122 w
2988 1784 205 122 E:
3193 1784 413 122 1%MME

356 1908 91 43 LE
476 1905 287 46 CENTRE
790 1904 335 46 MONDIAL

652 1946 937 112 ereSdSfPUOKRTId
1589 1946 117 112 S
1706 1946 117 112 U
1823 1946 820 112 D'nHiIVVEt.rR
2643 1946 117 112 i
2760 1946 644 112 ^bobsleigh
3404 1946 178 112 a.

652 1913 711 177 CHATEAV
1363 1913 800 177 -o'O^BTX
2163 1913 802 177 5-^TAAD
3038 1884 261 169 curung
3299 1884 300 169 mockEy\

358 1976 1633 107 «Q—0
2706 1976 259 63 p
3042 1988 562 70 /c~QUNGr~oc~y\

358 2042 526 81 Renseignements,
884 2042 329 81 programme
1213 2042 131 81 des
1344 2042 263 81 sports,
1607 2042 197 81 liste
1804 2042 167 81 des
2008 2049 45 74 |
2053 2049 160 74 1*"*"
3038 2040 12 77 IIl
3050 2040 10 77 l
3204 2044 241 42 -5K.A~rirNG
3596 2058 12 59 ï1

356 2086 123 36 hôtels,
521 2090 79 27 sont
646 2088 156 37 envoyés
849 2095 65 31 par
962 2086 360 34 le
1322 2086 841 34 Bureau
2163 2086 1082 34 oiffciel
3245 2086 363 34 de

743 2083 2862 121 renseignements.

360 2182 3166 132 LAUSANNE-OUCHY

1985 2227 1528 60 CAV-X

541 2309 77 33 Lac
644 2309 142 34 Léman
877 2309 116 43 Ligne
1017 2310 50 32 du
1093 2310 171 42 Simplon
1677 2296 96 29 <LJJE
1773 2296 32 29 £
1805 2296 65 29 ZE-
2727 2315 65 6 -

358 2371 131 30 Centre
529 2369 44 31 de
624 2370 232 31 nombreuses
898 2371 216 31 excursions.
1180 2371 181 40 Agréable
1408 2381 44 21 en
1768 2357 61 85 7
1859 2357 24 85 I
1883 2357 36 85 I
1955 2357 64 84 R
2054 2357 11 81 1
2096 2356 73 86 C
2198 2356 69 84 H
2562 2347 174 216 1
2736 2347 698 216 MONTANA

357 2418 98 27 toute
501 2413 129 31 saison.
706 2414 201 31 Favorable
956 2424 87 31 pour
1089 2418 82 28 tous
1220 2415 51 31 les
1319 2421 133 35 sports.
1866 2402 148 40 »
2055 2402 10 36 I
2098 2411 71 31 \-/
2198 2402 12 38 I
2256 2406 11 34 I
2563 2402 658 74 PdV:7
3244 2413 44 64 du
3288 2413 164 64 siiiiplon.

360 2459 96 30 Pour
495 2355 706 151 renseignements,
1201 2355 485 151 s'adresser
1686 2355 132 151 au
1818 2355 573 151 Sécretasirpe
2391 2355 353 151 oretsn.
2744 2355 132 151 ZU
2876 2355 220 151 RICH
3096 2355 356 151 MONTANA
3485 2446 53 26 AIt.
3552 2447 62 26 1550
3625 2455 26 16 Ill.

360 2457 109 77 Pour
469 2457 348 77 renseignements,
817 2457 110 77 s'ad
932 2468 112 66 resser
1044 2459 409 74 de
1523 2466 140 40 Unique
1689 2474 87 31 pour
1803 2462 132 42 plaisirs
1952 2468 33 25 et
2003 2461 140 37 études,
2143 2461 122 37 achats
2265 2461 52 37 et
2317 2461 194 37 affaires.
2564 2436 110 75 (5000
2674 2436 129 75 feet).
2803 2436 147 75 Station
2950 2436 203 75 chmatenque
3153 2436 131 75 d'ete
3310 2484 28 22 et
3350 2452 136 54 d'hiver.
3532 2447 107 66 Sports:

507 2502 34 31 la
557 2502 22 17 Il
594 2501 148 34 Société
758 2502 65 33 des
840 2502 192 33 Hôteliers
1044 2502 32 41 ,
1096 2504 203 30 Lausanne.
1506 2519 134 25 Voitures
1653 2517 124 26 directes
1787 2518 27 24 et
1825 2514 168 32 Wagon-lits
2006 2514 34 26 de
2059 2512 84 27 Paris
2158 2514 29 25 et
2204 2513 35 26 de
2258 2513 257 28 Londres-Calais.
2565 2504 17 52 j
2914 2513 76 31 Golf,
3005 2513 146 29 Aviation,
3172 2511 60 32 Ski,
3255 2514 150 30 Patinage.

2047 2635 1037 27 ^llilllllll!lllllllllll|[lli[|lllllllilll|[lllllllllll!l!lll!llllllll!|||||||!!illl!!|[||lll|||||||lllll||lllllill|ll|||||]||lill|[||||!ll[l!Hi:!lllillll!ll]|llllllll!!lilli;!li):i
3133 2637 8 15 M
3178 2637 19 15 l.il
3347 2637 47 17 .Il-11
3415 2636 7 16 :I
3476 2635 183 19 :i.1

2048 2750 16 85 j
2386 2769 169 51 UNE
2615 2769 271 52 BONNE
2944 2769 435 52 NOUVELLE

2048 2844 17 86 1
2390 2866 260 50 POUR
2712 2865 158 50 LES
2934 2865 446 52 PARENTS

2050 3074 622 123 The
2750 3072 568 105 Children's

2051 3235 17 113 j
2466 3224 468 104 Costume
2994 3224 332 116 Royal

2052 3393 464 46 JOURNAL
2570 3395 76 44 des
2705 3375 376 65 ÉLÉGANCES
3137 3394 423 47 ENFANTINES

2053 3503 17 51 j
2561 3500 152 42 Publié
2745 3511 156 44 quatre
2933 3499 80 43 fois
3045 3516 80 38 par
3157 3515 54 25 an

2215 3621 113 78 CE
2359 3621 141 42 journal
2531 3623 91 33 n'est
2655 3635 61 29 pas
2747 3623 118 41 publié
2899 3629 86 35 pour
3017 3624 46 34 les
3094 3622 151 35 enfants.
3317 3626 28 33 Il
3376 3624 95 44 parle
3500 3624 58 35 des

2055 3670 16 35 !!
2220 3672 74 27 ~~<
2345 3666 141 35 enfants
2502 3667 87 34 mais
2606 3675 85 34 pour
2706 3667 47 35 les
2769 3675 154 36 parents.
2966 3667 28 33 Il
3010 3678 52 24 est
3076 3681 68 21 une
3160 3679 119 24 source
3296 3669 262 43 d'inspirations

2055 3715 17 40 g
2348 3723 90 29 pour
2448 3712 135 34 donner
2594 3713 18 32 à
2629 3712 171 35 l'enfance
2813 3720 93 27 cette
2920 3723 144 33 marque
3078 3714 217 42 personnelle
3309 3716 59 42 qui
3384 3714 47 34 lui
3447 3713 112 35 donne

2056 3760 16 40 |
2211 3768 46 20 un
2290 3756 180 35 caractère
2497 3756 159 43 original.
2721 3757 28 33 Il
2780 3756 158 36 contient
2970 3765 117 27 toutes
3118 3758 46 33 les
3195 3760 219 34 nouveautés
3445 3771 56 21 sur
3530 3759 29 34 le

2056 3804 16 41 |
2211 3808 160 26 costume
2401 3800 44 34 de
2470 3814 39 21 ce
2540 3801 92 43 petit
2661 3802 137 42 monde,
2827 3812 58 23 sur
2914 3800 89 34 leurs
3036 3811 248 33 amusements,
3314 3805 89 34 leurs
3432 3804 126 42 jouets,

2056 3849 17 41 g
2212 3845 89 33 leurs
2328 3844 115 43 livres,
2467 3846 75 34 leur
2565 3846 200 41 éducation,
2791 3859 42 22 en
2860 3857 46 21 un
2933 3855 74 25 mot
3026 3855 80 26 tout
3126 3859 38 21 ce
3184 3847 59 41 qui
3264 3861 170 23 concerne
3454 3848 32 33 la
3505 3849 54 33 vie

2056 3894 17 40 |
2212 3889 194 34 enfantine.
2469 3891 56 34 On
2561 3904 23 29 y
2621 3899 163 26 trouvera
2821 3891 59 33 des
2914 3889 284 46 photographies,
3232 3892 59 34 des
3327 3893 145 40 dessins,
3501 3893 58 34 des

2056 3938 17 41 |
2213 3933 232 35 illustrations
2475 3949 43 20 en
2550 3935 158 34 couleurs
2739 3935 85 34 d'un
2854 3946 104 30 genre
2988 3937 67 33 très
3088 3936 288 45 caractéristique
3406 3946 36 26 et
3470 3937 89 34 aussi

2057 3983 16 41 |
2212 3978 60 34 des
2298 3978 146 34 conseils
2471 3993 89 30 pour
2585 3981 74 33 leur
2685 3980 133 35 donner
2844 3980 184 43 beaucoup
3053 3981 43 35 de
3122 3980 118 43 plaisir
3263 3982 19 33 à
3311 3984 69 33 bon
3410 3991 149 34 compte.

2058 4044 16 41 |
2213 4039 99 34 Celui
2339 4039 60 43 qui
2425 4040 62 35 lira
2513 4050 37 25 et
2575 4040 158 35 étudiera
2759 4042 29 34 le
2810 4040 179 43 "Journal
3015 4042 59 35 des
3102 4035 189 48 Élégances
3318 4042 240 36 Enfantines"

2058 4089 17 41 j
2213 4093 53 25 est
2291 4096 118 21 assure
2435 4084 42 35 de
2503 4086 127 34 choisir
2654 4086 30 33 le
2709 4087 146 41 premier
2880 4084 136 43 chaque
3041 4087 115 33 saison
3181 4098 38 22 ce
3244 4089 84 41 qu'il
3347 4103 23 30 y
3388 4102 19 21 a
3426 4087 43 34 de
3485 4089 74 41 plus

2059 4134 17 41 j
2215 4141 162 22 nouveau
2399 4137 35 26 et
2451 4138 43 26 de
2515 4131 78 42 plus
2614 4130 146 43 typique
2778 4131 86 34 dans
2884 4130 33 33 la
2936 4130 102 35 mode
3057 4130 194 35 enfantine.

2061 4246 17 69 1
2338 4240 127 62 The
2513 4241 357 64 Children's
2918 4241 289 65 Costume
3251 4245 206 76 Royal

2062 4358 16 41 g
2555 4362 87 35 peut
2664 4354 73 34 être
2760 4355 133 34 obtenu
2920 4352 231 38 directement
3176 4354 59 35 des

2062 4408 182 52 1
2244 4408 823 52 ÉDITEURS

2063 4470 17 57 g
2715 4475 147 35 ROLLS
2909 4475 159 36 HOUSE

2063 4531 17 58 1
2324 4544 20 32 2
2370 4544 209 35 BREAMS
2607 4545 304 41 BUILDINGS,
2938 4545 243 36 LONDRES
3207 4547 256 42 (Angleterre)

2063 4626 17 40 g
2361 4628 36 26 et
2421 4632 75 23 sera
2521 4621 136 43 envoyé
2683 4630 119 27 contre
2826 4634 69 22 une
2920 4633 131 24 somme
3077 4624 42 34 de
3144 4630 145 33 quatre
3314 4626 116 35 francs

2063 4670 17 41 j
2692 4666 220 41 cinquante
2937 4668 166 34 centimes

2064 4748 17 42 |
2527 4745 48 34 Le
2600 4744 158 36 Numéro
2782 4746 136 34 d'hiver
2942 4745 98 35 vient
3064 4747 42 35 de
3131 4747 153 43 paraître
