3655 5095
515 187 37 33 16
3292 167 235 42 VOGUE

514 304 75 72 A
768 280 696 98 L'ÉCOLE
1464 280 261 98 DE
1725 280 261 98 LA
1986 280 522 98 MODE
2668 272 860 98 ÉGYPTIENNE

1164 504 145 49 Voici
1350 502 46 49 le
1435 502 229 62 premier
1701 501 155 49 d'une
1895 501 125 48 série
2056 500 279 60 d'articles,
2366 499 128 48 série
2532 498 81 62 qui
2654 496 220 49 traitera

1167 687 70 49 du
1301 686 452 61 développement
1812 697 50 37 et
1924 685 62 48 de
2046 684 309 49 l'évolution
2435 682 64 48 de
2579 682 43 48 la
2695 679 176 58 mode,

1163 872 227 48 d'antan
1432 883 56 37 et
1526 870 65 49 de
1630 888 75 30 ses
1746 882 235 50 rapports
2020 887 127 31 avec
2185 869 47 48 la
2273 868 158 49 mode
2479 866 393 62 d'aujourd'hui

501 1567 51 42 La
552 1567 173 42 coiffure
763 1566 99 41 égyp-

498 1612 110 32 tienne
618 1619 45 25 est
675 1623 63 21 une
749 1622 114 21 source

498 1656 240 41 d'inspiration
793 1654 71 33 iné-

498 1700 151 42 puisable
675 1708 85 34 pour
785 1700 80 32 l'ar-

643 1745 74 32 tiste

970 1066 93 100 u

1073 1066 68 34 NE
1177 1065 61 34 des
1274 1064 210 35 caractéris-

1097 1111 118 42 tiques
1234 1111 48 33 les
1298 1110 80 42 plus
1391 1122 93 20 mar-

1097 1155 109 48 quées
1234 1155 44 33 de
1312 1155 33 32 la
1379 1154 106 33 mode

960 1200 42 32 de
1039 1211 55 21 ces
1133 1200 178 32 dernières
1348 1200 136 31 saisons

961 1243 55 33 fut
1037 1243 56 43 la
1093 1243 224 43 persistance
1317 1243 93 43 avec
1410 1243 76 43 la-

960 1288 115 42 quelle
1100 1288 66 34 elle
1194 1287 218 44 reproduisit
1438 1287 47 33 les

960 1333 202 33 vêtements
1189 1332 44 34 de
1258 1333 97 33 l'une
1373 1345 46 20 ou
1444 1332 43 33 de

961 1377 174 42 plusieurs
1162 1377 61 33 des
1250 1376 162 43 périodes
1439 1376 47 33 les

962 1422 77 41 plus
1053 1422 177 33 fameuses
1243 1416 44 39 de
1302 1421 185 33 l'histoire.

963 1467 64 32 Les
1062 1466 151 42 grandes
1248 1466 157 33 maisons
1445 1465 44 34 de

963 1520 149 24 couture
1140 1510 44 34 de
1215 1511 100 33 Paris
1349 1510 141 42 s'inspi-

965 1555 110 40 rèrent,
1075 1555 55 40 il
1143 1555 33 42 y
1176 1555 33 42 a
1209 1555 67 42 peu
1276 1555 70 42 de
1359 1563 129 34 temps,

965 1600 60 33 des
1043 1599 122 34 modes
1182 1599 47 33 du
1246 1599 202 43 Moyen-âge
1448 1599 41 43 ;

966 1657 42 21 en
1040 1645 116 32 même
1190 1653 117 34 temps
1348 1656 47 21 on
1436 1644 54 32 vit

968 1689 138 33 revivre
1158 1688 48 34 les
1255 1688 234 42 vertugadins

968 1734 241 41 pittoresques
1272 1733 62 43 qui
1401 1745 90 21 sem-

968 1778 137 33 blaient
1120 1777 194 34 descendre
1332 1777 61 34 des
1412 1790 80 30 por-

968 1823 105 32 traits
1120 1821 44 34 de
1169 1823 248 45 Velasquez,
1456 1830 36 25 et

498 1867 121 34 c'était
668 1880 136 21 comme
847 1880 46 20 un
937 1867 141 42 cortège
1128 1866 204 34 d'Infantes
1381 1866 112 42 Espa-

499 1912 116 41 gnoles
648 1925 67 30 que
746 1913 70 32 l'on
854 1912 167 33 admirait
1055 1911 89 33 dans
1185 1911 48 34 les
1268 1912 148 41 champs
1450 1911 43 33 de

499 1956 148 34 Courses
672 1970 44 20 ou
743 1969 68 30 que
836 1957 70 33 l'on
933 1955 221 43 rencontrait
1179 1955 89 34 dans
1294 1956 49 33 les
1369 1956 78 32 thés
1474 1956 18 32 à

499 2001 31 33 la
549 2001 113 33 mode.
703 2002 65 33 Les
786 2001 108 41 lignes
912 2000 215 34 essentielles
1146 2008 37 25 et
1200 2001 28 32 si
1246 2001 169 32 délicates
1433 2000 60 33 des

499 2053 174 26 costumes
693 2046 47 33 du
760 2046 198 33 Directoire
977 2044 210 34 trouvaient
1205 2045 202 42 également
1426 2057 68 21 une

499 2090 98 41 place
624 2090 88 33 dans
740 2091 32 32 la
802 2090 103 33 mode
933 2089 282 42 d'aujourd'hui,
1244 2098 37 25 et
1309 2102 43 21 en
1381 2090 113 32 même

500 2142 127 34 temps,
653 2143 181 25 contraste
860 2142 210 32 savoureux,
1098 2134 166 42 l'époque
1294 2136 87 31 1880
1406 2133 88 34 dont

499 2178 200 42 cependant
722 2179 60 34 des
807 2179 167 42 critiques
999 2179 43 33 de
1067 2179 88 41 goût
1179 2179 199 41 pouvaient
1401 2178 95 33 criti-

499 2234 87 31 quer
608 2223 224 43 l'apparence
857 2224 28 32 si
910 2236 68 29 peu
1011 2223 159 33 normale
1196 2232 37 24 et
1257 2223 238 42 l'inspiration

501 2266 131 43 parfois
660 2268 27 33 si
720 2268 175 42 comique,
924 2268 55 33 les
1038 2267 171 33 bouffants
1282 2267 213 34 totalement

500 2311 160 42 déplacés
694 2321 36 25 et
762 2312 70 34 les
867 2312 177 34 rentrants
1137 2324 49 20 un
1220 2325 69 29 peu
1323 2320 82 34 trop
1441 2324 55 21 ac-

500 2357 156 40 centués,
706 2357 166 42 jouissait
923 2357 86 33 d'un
1063 2356 120 42 regain
1237 2356 259 34 incontestable

501 2400 218 34 d'actualité.
778 2401 105 33 Enfin
917 2414 89 29 pour
1039 2401 177 40 conclure,
1250 2401 139 33 l'année
1421 2400 75 34 der-

503 2445 103 40 nière,
627 2445 32 34 la
680 2446 103 33 mode
804 2455 160 24 remonta
985 2446 78 42 plus
1085 2445 90 33 haut
1195 2446 129 42 qu'elle
1344 2458 43 21 ne
1406 2445 31 34 le
1456 2445 40 33 fit

501 2489 139 42 jamais,
663 2499 36 25 et
721 2491 129 33 s'éleva
871 2491 129 42 jusque
1023 2490 89 33 dans
1136 2490 48 33 les
1208 2499 116 33 temps
1348 2490 47 33 les
1419 2489 76 43 plus

503 2534 140 33 anciens
664 2535 42 33 de
726 2536 168 41 l'Egypte
914 2548 90 29 pour
1024 2548 23 29 y
1068 2535 165 33 arracher
1253 2548 55 20 ces
1330 2534 164 43 tuniques

503 2579 173 41 étranges,
695 2592 55 21 ces
768 2580 126 41 drapés
913 2580 230 42 hiératiques,
1162 2588 36 24 et
1216 2580 94 33 mille
1327 2579 167 33 éléments

504 2623 237 43 pittoresques
760 2633 35 25 et
814 2624 163 34 bizarres.

604 2724 48 21 DE
679 2724 44 22 LA
748 2718 266 29 MULTIPLICITÉ
1040 2725 67 21 DES
1135 2724 260 22 INSPIRATIONS

552 2800 176 35 Ceci-et
744 2802 87 33 c'est
843 2802 43 34 de
904 2802 32 33 la
952 2801 227 43 multiplicité
1195 2801 59 34 des
1270 2801 224 42 inspirations

506 2844 89 34 dont
613 2858 87 21 nous
718 2847 156 42 parlons,
874 2847 105 42 --ne
994 2853 155 36 manque
1164 2859 62 29 pas
1244 2847 43 33 de
1301 2846 134 33 donner
1448 2858 47 20 un

507 2890 118 41 regain
642 2891 43 33 de
700 2891 141 34 vitalité
859 2892 18 32 à
895 2892 172 33 l'histoire
1084 2891 43 33 de
1144 2891 32 33 la
1194 2891 114 34 mode.
1349 2890 147 34 Comme

506 2946 45 21 on
571 2947 18 20 a
608 2935 31 33 le
656 2935 95 34 droit
768 2936 43 33 de
829 2936 128 33 choisir
974 2937 95 33 l'une
1086 2948 45 21 ou
1151 2936 127 33 l'autre
1294 2935 125 34 vêture
1437 2934 59 43 qui

507 2979 101 41 plaît,
630 2988 35 25 et
685 2993 69 30 que
775 2981 70 33 l'on
867 2989 98 33 peut,
987 2993 81 21 sans
1090 2988 80 34 trop
1192 2988 119 34 porter
1330 2979 167 42 ombrage

507 3023 18 32 à
552 3035 63 21 son
639 3025 175 42 élégance,
839 3025 179 42 s'inspirer
1042 3025 86 33 d'un
1154 3024 101 34 siècle
1278 3024 149 34 lointain
1451 3036 44 21 ou

507 3067 107 34 d'une
637 3070 111 33 année
769 3070 203 42 prochaine,
992 3070 73 34 cela
1088 3069 138 34 revient
1248 3069 18 33 à
1290 3068 73 34 dire
1381 3081 68 29 que
1467 3068 30 33 le

509 3112 86 39 goût
614 3114 183 40 personnel
819 3115 83 41 joue
924 3114 32 34 le
978 3113 173 44 principal
1175 3113 70 33 rôle
1268 3122 36 25 et
1326 3125 79 30 que,
1430 3125 67 21 une

508 3156 130 34 femme
658 3158 266 42 d'aujourd'hui
945 3172 94 21 cesse
1059 3158 112 33 d'être
1190 3158 162 33 l'esclave
1372 3157 43 33 de
1435 3169 61 21 son

509 3203 178 32 couturier
707 3216 45 20 ou
775 3203 43 33 de
840 3216 36 20 sa
898 3204 210 32 couturière.
1154 3202 241 42 L'expression
1417 3214 81 21 con-

509 3246 114 33 sacrée
689 3247 201 34 l'uniforme
916 3248 43 33 de
985 3248 32 33 la
1037 3247 238 33 Parisienne"
1304 3259 18 20 a
1341 3246 107 41 vécu;
1476 3246 20 32 il

510 3290 91 32 n'est
626 3291 77 41 plus
730 3292 225 40 d'uniforme,
983 3293 21 32 il
1031 3300 53 26 est
1110 3303 69 21 une
1205 3290 224 42 multiplicité
1455 3290 42 34 de

509 3342 123 25 tenues
658 3344 35 24 et
717 3336 31 33 la
775 3349 121 29 guerre
920 3345 54 25 est
998 3336 178 43 peut-être
1200 3348 68 21 une
1293 3335 59 33 des
1377 3347 120 21 causes

508 3377 278 37 déterminantes
815 3380 43 34 de
884 3393 37 21 ce
949 3381 77 41 fait,
1054 3381 31 33 la
1114 3392 122 30 guerre
1262 3380 60 42 qui
1350 3380 147 32 habitua

509 3430 101 26 notre
629 3424 57 32 œil
706 3425 19 32 à
745 3425 78 33 voir
841 3425 48 33 les
909 3434 176 24 costumes
1106 3425 47 32 les
1175 3424 77 41 plus
1272 3424 145 40 variées,
1438 3424 59 33 des

509 3466 98 33 bleus
642 3468 155 41 horizon,
835 3469 59 34 des
921 3470 137 39 khakis,
1084 3469 60 33 des
1170 3477 108 32 verts,
1305 3468 59 34 des
1390 3469 107 32 bruns

508 3519 35 24 et
566 3512 113 34 même
700 3513 30 33 le
751 3514 105 33 vieux
878 3522 35 25 et
935 3512 230 35 traditionnel
1189 3525 159 29 garance.
1395 3513 29 33 Il
1446 3522 53 24 est

508 3554 92 34 donc
626 3558 140 40 permis,
793 3558 27 33 si
846 3558 70 33 l'on
943 3571 35 21 se
1004 3567 78 25 sent
1107 3558 105 33 l'âme
1239 3558 140 32 raffinée
1406 3566 34 24 et
1467 3558 30 32 la

509 3600 102 38 grâce
626 3592 203 43 onduleuse
860 3602 106 34 d'une
994 3603 132 33 Marie-

509 3643 210 36 Antoinette
732 3646 42 34 de
793 3647 177 33 s'habiller
983 3648 143 32 suivant

510 3688 32 33 la
584 3689 104 34 mode
721 3690 46 33 du
806 3690 186 34 XVIIIeme
1025 3692 101 32 siècle

509 3733 182 42 expirant;
718 3735 27 32 si
772 3736 70 32 l'on
861 3748 35 21 se
919 3745 78 24 sent
1023 3736 103 33 l'âme

510 3777 145 42 étrange
670 3778 42 34 de
724 3779 171 34 l'Infante
906 3780 220 42 Marguerite

510 3821 214 43 d'Espagne,
735 3824 163 41 d'élargir
908 3837 51 20 ses
973 3825 153 32 hanches

511 3877 44 20 au
588 3878 128 31 moyen
740 3868 60 34 des
828 3869 137 41 paniers
994 3870 26 32 si
1051 3881 76 30 per-

509 3920 201 25 versement
742 3913 259 40 incommodes;
1035 3922 34 25 et
1098 3914 27 31 si

510 3953 70 33 l'on
604 3967 35 21 se
666 3965 78 25 sent
770 3957 104 33 l'âme
901 3958 161 42 tragique
1083 3957 42 34 de

510 3997 32 33 la
594 4000 244 34 malheureuse
897 4002 228 42 Impératrice

510 4042 157 41 Eugénie
700 4046 60 49 qui
792 4045 101 33 vient
920 4046 43 33 de
995 4046 131 34 mourir

510 4087 100 41 après
630 4089 98 33 avoir
752 4090 160 42 pendant
933 4091 192 42 cinquante

510 4143 62 20 ans
608 4133 141 40 agonisé
774 4134 47 32 du
850 4134 81 34 rêve
958 4135 167 33 intérieur

510 4175 42 33 de
568 4187 51 21 ses
635 4177 100 42 vingt
750 4178 128 33 années
895 4179 229 42 triomphales

510 4219 43 34 de
572 4220 171 42 jeunesse,
764 4235 45 20 on
836 4231 86 33 peut
947 4224 178 42 s'inspirer

511 4263 45 34 du
581 4265 133 34 célèbre
740 4266 143 33 tableau
910 4267 43 33 de
972 4268 153 34 Winter-

512 4308 113 34 halter
642 4319 35 24 et
697 4311 169 42 s'essayer
884 4311 18 33 à
921 4313 203 40 reproduire

509 4353 49 33 les
603 4355 176 41 suprêmes
831 4355 179 42 élégances
1063 4358 59 41 qui

511 4398 233 35 fleurissaient
803 4399 87 33 dans
950 4400 33 33 la
1039 4413 84 21 cour

512 4442 162 34 d'amour
691 4444 42 34 de
751 4444 289 34 Fontainebleau.

559 4487 49 33 Ce
635 4498 80 24 sont
741 4497 117 25 toutes
885 4501 54 21 ces
969 4490 153 42 époques

513 4544 68 30 que
599 4544 86 22 nous
699 4534 200 33 étudierons
915 4533 93 34 l'une
1024 4535 99 42 après

514 4577 127 33 l'autre
674 4578 86 33 dans
794 4579 140 41 Vogue;
971 4591 38 21 ce
1044 4588 81 24 sont

516 4634 54 21 ces
593 4623 223 33 merveilleux
833 4632 174 24 moments
1025 4624 44 33 où
1092 4624 31 33 la

517 4678 125 30 parure
680 4667 165 33 féminine
876 4668 165 42 atteignit
1077 4681 47 20 un

517 4723 207 30 paroxysme
770 4712 59 42 qui
877 4712 136 43 chaque
1060 4713 64 33 fois

519 4755 163 36 semblait
731 4756 153 34 définitif
928 4769 68 30 que
1040 4770 85 21 nous

1642 2629 78 33 Vers
1745 2628 26 32 le
1797 2627 113 33 milieu
1936 2626 38 32 de
2009 2626 169 42 l'Empire
2212 2626 167 42 égyptien,

1637 2686 40 20 on
1719 2672 42 33 vit
1805 2672 54 32 des
1900 2671 179 32 merveilles
2121 2671 39 32 de
2205 2671 177 42 bijouterie

1637 2717 57 43 qui
1727 2715 218 35 recouvraient
1972 2715 56 33 des
2058 2715 160 42 tuniques
2251 2716 131 33 étroites

1738 2762 37 32 de
1809 2761 69 33 leur
1912 2760 115 33 beauté
2065 2760 209 34 scintillante

1547 2935 220 42 analyserons
1787 2933 50 40 ici,
1856 2941 34 25 et
1908 2945 85 20 nous
2012 2932 163 42 espérons
2196 2945 69 30 que
2283 2946 62 22 nos
2365 2934 156 35 lectrices

1548 2972 191 50 prendront
1763 2986 123 26 autant
1911 2976 42 34 de
1979 2977 85 41 goût
2090 2977 18 33 à
2134 2977 62 34 lire
2215 2991 62 20 nos
2296 2979 140 34 articles
2454 2993 68 29 que

1549 3037 85 20 nous
1668 3035 122 22 aurons
1818 3022 40 34 de
1885 3021 220 34 satisfaction
2131 3021 18 34 à
2176 3022 47 33 les
2252 3023 136 42 rédiger
2406 3024 18 33 à
2449 3025 74 33 leur

1549 3069 182 33 intention.

1758 3168 42 21 LA
1824 3167 99 22 MODE
1950 3167 33 20 IL
2008 3167 22 20 Y
2056 3167 22 21 A
2103 3155 104 33 6.000
2230 3167 71 23 ANS

1593 3246 98 34 Nous
1723 3246 142 33 n'avons
1896 3256 67 30 que
1993 3244 59 33 des
2085 3244 212 34 indications
2329 3246 71 33 très
2433 3259 91 21 som-

1548 3291 123 33 maires
1700 3303 56 20 sur
1784 3290 45 33 les
1857 3288 117 34 modes
2003 3288 167 43 adoptées
2199 3302 64 29 par
2292 3299 101 25 notre
2422 3292 101 34 chère

1548 3336 110 33 aïeule
1691 3335 91 41 Eve;
1816 3334 319 34 affectionnait-elle
2169 3334 30 33 le
2232 3336 214 41 vertugadin
2481 3350 42 20 en

1548 3380 132 34 feuilles
1694 3379 42 35 de
1750 3380 111 41 vigne,
1878 3379 30 32 la
1927 3379 147 41 tunique
2092 3391 41 21 en
2152 3378 134 35 feuilles
2301 3380 43 33 de
2362 3381 159 42 palmier,

1548 3437 44 21 ou
1622 3425 30 33 la
1680 3437 84 29 cape
1784 3437 41 20 en
1846 3435 86 31 peau
1955 3422 42 34 de
2021 3423 78 41 tigre
2099 3423 40 41 ?
2170 3436 87 21 nous
2286 3425 80 33 n'en
2393 3438 128 21 savons

1550 3470 82 32 rien.
1673 3470 130 32 Toutes
1825 3469 44 33 les
1887 3468 243 41 conjonctures
2149 3477 82 24 sont
2249 3470 194 40 possibles

1594 3514 63 33 Les
1670 3513 161 42 premiers
1845 3512 291 42 renseignements
2152 3525 68 30 que
2233 3526 86 21 nous
2336 3527 110 21 avons
2466 3527 57 21 sur

1548 3559 80 32 l'art
1643 3558 44 33 du
1703 3567 165 32 costume,
1882 3558 84 33 c'est
1983 3570 41 20 en
2040 3558 139 42 Egypte
2197 3571 68 29 que
2284 3571 86 21 nous
2390 3559 132 34 devons

2575 1066 44 33 les
2648 1065 173 34 chercher.
2871 1065 29 32 Il
2930 1076 27 30 v
2957 1076 42 30 a
3029 1064 50 33 six

2575 1110 89 33 mille
2695 1122 60 21 ans
2796 1109 32 34 la
2864 1101 215 41 civilisation

2574 1154 207 43 égyptienne
2803 1154 97 33 avait
2926 1153 79 41 déjà
3026 1162 53 24 at-

2575 1200 88 33 teint
2695 1211 47 21 un
2776 1199 69 32 très
2882 1199 197 41 important

2574 1244 264 42 développement
2838 1244 57 42 ;
2924 1243 82 33 l'art
3036 1242 43 34 de

2575 1289 30 33 la
2626 1288 141 42 lingerie
2789 1288 55 33 n'a
2869 1288 125 42 jamais
3020 1287 59 33 dé-

2576 1333 98 43 passé
2700 1333 31 33 le
2755 1333 127 33 niveau
2911 1332 85 43 qu'il
3027 1341 52 24 at-

2575 1377 125 42 teignit
2755 1377 19 33 à
2824 1390 38 21 ce
2911 1385 169 25 moment.

2576 1422 195 43 Lorsqu'on
2785 1421 218 34 démaillotte
3015 1434 67 21 une

2577 1467 127 33 momie
2736 1475 35 25 et
2803 1479 69 30 que
2902 1467 69 33 l'on
3001 1479 81 20 con-

2577 1511 141 42 temple,
2767 1511 32 33 la
2848 1511 143 43 plupart
3035 1511 45 33 du

2577 1565 113 33 temps
2712 1568 42 21 en
2777 1556 77 33 état
2880 1556 42 34 de
2946 1568 136 21 conser-

2577 1601 120 33 vation
2743 1601 251 40 merveilleuse,
3035 1600 46 33 les

2578 1645 218 33 bandelettes
2827 1645 27 33 si
2884 1645 84 34 fines
2994 1653 36 25 et
3056 1645 25 33 si

2575 1690 161 42 joliment
2759 1690 122 33 ornées
2906 1690 60 42 qui
2999 1690 84 33 l'en-

2576 1734 158 42 veloppe,
2759 1747 47 20 on
2840 1747 41 21 ne
2912 1743 85 33 peut
3021 1747 62 29 pas

2577 1792 41 20 ne
2657 1791 62 29 pas
2761 1779 74 33 être
2876 1779 128 33 étonné
3048 1788 35 24 et

2576 1823 125 33 séduit.
2773 1824 101 33 Nous
2934 1836 149 21 sommes

3180 1573 61 33 Les
3264 1572 116 41 bijoux
3402 1570 46 33 les
3472 1569 73 43 plus

3177 1617 107 33 riches
3294 1615 253 34 enrichissaient

3178 1669 134 26 souvent
3321 1661 46 32 les
3377 1661 169 32 vêtements

3178 1707 46 33 les
3245 1706 78 42 plus
3340 1717 66 21 nus
3422 1712 29 26 et
3469 1704 78 33 sim-

3330 1750 70 42 ples

2576 1868 174 33 d'ailleurs
2780 1868 204 34 tributaires
3003 1868 43 34 de
3068 1869 31 34 la
3119 1871 102 34 mode
3240 1870 211 43 égyptienne
3469 1869 18 33 à
3506 1880 43 21 un

2576 1913 99 42 point
2696 1913 109 42 qu'on
2829 1925 42 22 ne
2893 1913 134 33 saurait
3049 1913 84 44 dire,
3158 1928 69 21 non
3250 1916 194 33 seulement
3466 1924 84 32 pour

2574 1970 38 21 ce
2638 1957 60 42 qui
2725 1969 170 22 concerne
2922 1958 32 33 la
2983 1958 113 42 mode,
3126 1961 86 33 mais
3240 1972 124 22 encore
3390 1970 89 31 pour
3506 1969 44 22 un

2576 2001 107 43 grand
2708 2002 146 33 nombre
2877 2002 155 34 d'autres
3057 2006 200 42 pratiques;
3281 2013 100 25 notre
3403 2002 147 34 division

2575 2041 46 38 du
2639 2054 113 34 temps
2771 2055 53 25 est
2841 2047 231 43 égyptienne;
3091 2050 170 34 certaines
3279 2049 43 34 de
3339 2061 61 21 nos
3419 2059 132 31 expres-

2575 2092 91 32 sions
2683 2099 35 25 et
2736 2091 183 43 beaucoup
2937 2091 43 34 de
2997 2105 62 21 nos
3077 2095 165 33 allusions
3259 2103 64 25 ont
3339 2106 68 21 une
3423 2092 129 42 origine

2574 2135 230 43 égyptienne;
2836 2136 18 33 à
2886 2136 97 33 Paris
3014 2140 334 39 particulièrement,
3379 2150 86 21 ceux
3495 2136 56 43 qui

2575 2188 80 26 sont
2675 2180 111 42 légion
2808 2181 60 42 qui
2889 2181 137 43 chaque
3044 2183 80 41 jour
3145 2183 186 42 regardent
3351 2182 201 42 l'obélisque

2575 2237 41 21 en
2643 2233 201 25 traversant
2869 2225 32 33 la
2927 2226 104 33 Place
3056 2228 42 34 de
3124 2229 31 33 la
3182 2227 195 41 Concorde,
3404 2227 146 38 saluent,

2575 2281 78 21 sans
2672 2269 72 33 s'en
2763 2269 124 34 rendre
2904 2279 141 34 compte
3063 2273 31 34 la
3113 2274 144 42 plupart
3275 2273 46 33 du
3341 2281 127 33 temps,
3487 2283 65 21 une

2574 2313 147 34 divinité
2738 2314 223 42 égyptienne.

2734 2403 226 34 L'ANCIENNE
2988 2409 145 35 ÉPOQUE
3160 2411 238 29 ÉGYPTIENNE

2621 2492 48 32 La
2702 2491 103 34 mode
2837 2493 212 42 égyptienne
3082 2496 120 42 portée
3235 2508 63 30 par
3330 2496 47 33 les
3410 2494 142 34 femmes

2575 2536 264 41 d'aujourd'hui
2865 2546 53 25 est
2945 2551 96 23 assez
3066 2541 219 42 compliquée
3309 2549 35 25 et
3373 2538 180 43 composée

2575 2581 205 33 d'éléments
2796 2581 195 43 disparates
3008 2593 35 25 et
3058 2586 111 32 variés
3186 2585 60 42 qui
3263 2594 78 24 tous
3358 2583 196 43 cependant

2576 2634 80 25 sont
2680 2625 107 34 d'une
2812 2627 111 33 vérité
2950 2628 191 44 historique
3167 2629 269 34 incontestable.
3486 2628 67 33 Car

2576 2670 26 33 si
2622 2682 85 21 nous
2727 2671 146 33 n'avons
2892 2684 61 29 pas
2971 2673 43 34 de
3029 2674 175 41 journaux
3222 2674 43 33 de
3283 2673 103 34 mode
3403 2673 43 34 de
3463 2680 91 26 cette

2575 2715 147 42 époque,
2755 2715 27 33 si
2814 2728 86 21 nous
2933 2729 41 23 ne
3005 2719 190 41 possédons
3229 2731 115 21 aucun
3376 2718 178 33 interview

2576 2759 59 34 des
2660 2759 126 41 grands
2811 2761 192 35 couturiers
3027 2763 140 41 d'alors,
3194 2776 88 20 nous
3307 2775 161 27 sommes,
3494 2772 60 32 par

2575 2812 133 32 contre,
2725 2804 180 34 tellement
2921 2806 109 34 riches
3048 2807 42 34 de
3107 2808 62 33 bas
3188 2807 125 42 reliefs,
3331 2808 42 33 de
3391 2817 161 32 gravures

2576 2848 42 34 de
2639 2848 131 33 dessins
2791 2849 44 33 où
2857 2849 47 34 les
2926 2851 76 41 plus
3025 2852 135 34 infimes
3182 2852 126 34 détails
3329 2852 46 33 du
3398 2861 155 24 costume

2576 2901 80 25 sont
2674 2894 181 41 rapportés
2875 2906 84 23 avec
2977 2909 68 21 une
3063 2906 121 25 exacte
3203 2897 160 40 minutie,
3383 2909 67 30 que
3469 2907 83 22 nous

2576 2949 159 30 pouvons
2760 2937 83 40 dire,
2870 2939 18 32 à
2914 2952 46 21 un
2985 2941 36 33 fil
3046 2943 89 41 près,
3161 2951 180 24 comment
3365 2940 189 34 s'habillait

2576 2994 67 21 une
2667 2981 127 34 femme
2820 2982 42 34 de
2888 2984 47 33 tel
2961 2985 76 34 état
3063 2987 116 41 social,
3207 2999 88 30 pour
3320 2986 80 34 telle
3425 2986 129 33 circon-

2576 3035 119 24 stance
2713 3026 42 33 de
2773 3026 31 33 la
2822 3027 67 34 vie.

2620 3070 68 40 Qui
2720 3071 76 41 plus
2829 3081 45 24 est
2874 3081 35 24 :
2943 3074 46 34 les
3024 3075 260 35 innombrables
3318 3075 144 33 momies
3496 3073 56 34 des

2576 3115 126 42 grands
2738 3116 135 33 musées
2909 3120 190 41 européens
3137 3133 86 21 nous
3259 3129 63 24 ont
3358 3120 115 33 donné
3508 3119 44 33 les

2575 3168 174 25 costumes
2775 3163 233 42 eux-mêmes;
3034 3174 36 24 et
3094 3178 68 21 une
3188 3165 140 33 raffinée
3353 3163 159 43 pourrait
3535 3162 17 34 à

2576 3217 46 20 un
2645 3204 56 33 bal
2725 3214 118 32 porter
2866 3207 31 32 la
2921 3209 82 33 robe
3025 3210 71 41 qui,
3121 3210 21 32 il
3166 3223 21 29 y
3211 3222 19 20 a
3253 3210 91 33 deux
3366 3209 93 33 mille
3482 3219 70 28 ans,

2576 3249 117 33 faisait
2724 3250 111 33 valoir
2867 3251 46 33 les
2946 3253 157 34 charmes
3136 3254 42 34 de
3210 3254 151 42 quelque
3393 3253 89 34 amie
3514 3252 39 33 de

2574 3294 119 32 Thaïs.

2622 3338 27 33 Il
2666 3338 77 33 faut
2760 3338 79 34 bien
2856 3340 200 44 s'imaginer
3071 3344 84 42 qu'il
3172 3357 22 28 y
3211 3356 18 20 a
3247 3356 41 20 eu
3305 3343 42 33 de
3364 3342 190 34 nombreux

2575 3383 249 41 changements
2867 3385 86 34 dans
2987 3388 32 33 la
3053 3388 102 34 mode
3196 3388 230 42 égyptienne;
3460 3399 44 20 on
3538 3397 16 21 a

2575 3435 149 25 souvent
2741 3428 173 35 tendance
2928 3431 18 33 à
2962 3432 109 34 croire
3088 3434 110 41 qu'un
3216 3441 158 24 costume
3391 3431 163 42 égyptien

2575 3472 88 33 était
2689 3471 194 36 forcément
2905 3475 42 34 de
2969 3477 158 33 couleurs
3150 3477 193 41 bigarrées,
3343 3477 211 41 brillantes,

2575 3516 166 33 constellé
2777 3517 42 33 de
2850 3518 120 41 bijoux
3008 3522 221 40 étincelants,
3268 3522 45 33 tel
3351 3534 41 21 en
3425 3532 130 22 somme

2576 3562 108 41 qu'on
2704 3573 17 20 a
2742 3561 196 37 l'habitude
2957 3566 42 34 de
3018 3567 128 33 révêtir
3170 3567 31 32 la
3210 3566 201 49 figuration
3430 3564 124 34 d'Aïda

2948 3624 44 20 ou
3024 3611 42 33 de
3095 3610 200 43 Cléopâtre.
3348 3609 208 43 Cependant

2948 3656 177 42 lorsqu'on
3156 3655 120 33 étudie
3305 3656 47 33 les
3382 3663 171 25 costumes

2949 3700 63 33 tels
3039 3701 102 41 qu'ils
3166 3700 135 33 étaient
3326 3700 117 42 portés
3472 3699 83 33 dans

2949 3745 31 33 la
3014 3744 160 43 période
3174 3744 220 43 égyptienne
3394 3744 161 43 s'éten-

2948 3789 89 33 dant
3061 3790 43 33 de
3129 3790 69 33 l'an
3224 3789 94 33 trois
3318 3789 110 33 mille
3450 3795 105 27 avant

2947 3834 240 42 Jésus-Christ
3207 3834 142 42 jusqu'à
3373 3834 69 33 l'an
3468 3833 86 33 deux

2949 3879 92 33 mille
3059 3879 79 42 cinq
3156 3887 92 32 cent,
3267 3892 45 20 on
3338 3887 53 25 est
3416 3877 138 43 surpris,

2949 3936 42 20 au
3034 3924 185 38 contraire,
3261 3936 64 29 par
3364 3923 33 33 la
3430 3921 126 43 grande

2950 3968 185 42 simplicité
3147 3968 42 33 de
3201 3968 92 41 ligne
3304 3980 44 21 ou
3364 3968 42 33 de
3418 3967 137 34 couleur

2949 4013 59 42 qui
3028 4013 167 42 présidait
3213 4025 43 20 au
3272 4012 100 34 choix
3390 4012 59 33 des
3464 4012 92 33 vête-

2949 4066 127 32 ments,
3105 4057 188 42 simplicité
3319 4057 59 43 qui
3405 4057 56 33 n'a
3488 4056 67 32 rien

2949 4102 43 33 de
3040 4102 225 42 comparable
3309 4102 17 33 à
3376 4102 31 33 la
3457 4099 98 35 mode

2949 4146 195 43 parisienne
3159 4147 58 42 qui
3234 4146 110 42 prend
3359 4159 51 21 ses
3425 4146 129 33 thèmes

2950 4191 245 42 d'inspiration
3216 4204 42 20 en
3279 4192 150 41 Egypte.

2994 4236 98 33 Dans
3154 4236 31 33 la
3248 4236 114 33 vieille
3424 4235 130 42 époque

2948 4281 225 41 égyptienne,
3201 4280 32 33 la
3261 4280 128 34 femme
3428 4277 126 45 portait

2949 4338 67 20 une
3034 4325 120 42 espèce
3170 4325 42 33 de
3231 4325 148 43 tunique
3397 4324 156 33 fourreau

2949 4370 69 33 très
3044 4370 126 33 étroite
3197 4370 60 42 qui
3284 4370 32 33 la
3343 4369 149 34 revêtait
3516 4366 39 34 de

2950 4415 30 32 la
3034 4415 156 33 ceinture
3254 4427 67 21 aux
3385 4412 168 35 chevilles.

2948 4459 164 42 Tunique
3136 4459 76 42 plus
3231 4471 68 30 que
3320 4458 186 34 décolletée
3523 4462 31 27 et

2950 4504 59 42 qui
3035 4503 119 34 faisait
3178 4503 113 33 valoir
3323 4504 47 33 les
3403 4503 151 33 charmes

2950 4561 85 21 avec
3053 4561 67 21 une
3136 4548 206 34 abondance
3357 4548 83 42 qu'il
3456 4544 99 35 serait

2950 4593 138 33 difficile
3105 4593 43 33 de
3167 4593 139 33 réaliser
3324 4588 229 46 aujourd'hui,

2950 4637 130 42 malgré
3093 4646 100 25 toute
3204 4637 159 35 l'audace
3374 4632 143 38 moderne
3517 4632 36 38 !

2951 4683 54 32 De
3037 4683 124 39 même,
3188 4695 115 20 aucun
3332 4683 110 42 jupon
3472 4689 84 33 pour

2950 4739 54 21 ces
3035 4727 145 33 beautés
3211 4727 197 40 anciennes,
3435 4734 45 31 et,
3507 4721 48 36 s'il

2950 4771 77 33 faut
3046 4784 41 21 en
3106 4771 109 34 croire
3240 4772 47 33 les
3311 4771 245 42 chroniqueurs
