3587 5059
418 158 40 38 48
3370 97 186 113 roGii

393 2400 205 41 Pittoresque
627 2400 74 34 robe
730 2400 21 33 à
780 2409 198 35 panneaux,
1011 2416 74 21 avec
1125 2402 66 35 un

392 2444 234 43 empiècement
642 2444 57 33 des.
714 2445 138 43 épaules
869 2448 252 41 correspondant
1121 2448 54 41 ,à

391 2488 260 42 l'empiècement
674 2488 56 34 des
758 2489 154 34 hanches,
957 2491 71 34 Des
1048 2492 127 34 bandes

391 2533 39 32 de
441 2533 150 34 couleurs
602 2545 40 21 en
654 2541 162 26 contraste
830 2535 84 33 d'un
926 2544 162 26 amusant
1100 2532 73 47 effet

1257 283 58 43 LA
1358 281 162 34 JEUNE
1558 279 139 34 FILLE
1733 279 88 39 QUI
1856 277 59 35 SE
1949 275 222 36 PREPARE
2204 275 136 35 POUR
2375 274 101 35 SON
2512 273 225 35 PREMIER

1254 527 96 33 BAL
1410 523 174 37 PEUT
1607 523 286 36 S'HABILLER
1938 522 30 34 A
2014 522 58 34 LA
2129 521 165 39 MODE,
2356 519 97 35 CAR
2509 520 84 35 LES
2640 519 95 36 SIL-

1253 771 276 35 HOUETTES
1565 769 96 35 DES
1694 769 159 35 ROBES
1887 768 131 35 SONT
2051 768 66 34 DE
2144 762 128 40 PLUS
2300 758 69 43 EN
2402 766 121 34 PLUS
2556 766 182 35 JEUNES

1617 3816 102 34 Nulle
1750 3815 73 34 robe
1856 3815 87 33 n'est
1971 3814 78 42 plus
2082 3815 144 42 élégante
2260 3816 124 42 qu'une

1616 3861 245 33 robe-manteau
1885 3859 21 33 à
1929 3858 147 43 tunique.
2126 3859 45 34 Ce
2194 3860 126 33 modèle
2343 3872 41 21 en

1616 3904 92 42 twill,
1726 3917 41 21 en
1783 3904 95 34 linon
1897 3915 41 22 ou
1956 3915 40 21 en
2013 3904 93 42 crêpe
2124 3904 38 33 de
2178 3903 82 42 soie,
2276 3904 24 33 'a
2319 3917 66 21 une-

1616 3949 111 35 blouse
1748 3962 39 21 en
1809 3948 123 43 pointe,
1955 3955 28 26 et
2003 3960 48 21 un
2067 3948 93 42 jabot
2181 3947 64 34 très
2266 3957 117 34 seyant

1186 4524 47 42 (A
1250 4527 141 41 gauche)
1416 4530 100 34 Voici
1531 4545 67 21 une
1613 4533 75 33 robe
1704 4533 79 34 dont
1797 4534 47 33 les
1860 4534 106 42 lignes

1182 4578 76 25 sont
1280 4571 65 33 très
1369 4572 23 33 à
1414 4574 36 33 la
1473 4576 97 33 mode
1592 4590 41 20 en
1657 4590 34 20 ce
1714 4586 154 33 moment,
1893 4578 74 33 robe

1182 4614 144 34 chemise
1345 4628 41 21 en
1405 4630 92 30 serge
1517 4632 43 24 ou
1579 4634 42 21 en
1639 4622 97 34 linon
1754 4623 107 42 épais.
1905 4622 62 33 Les

1181 4658 110 50 lignes
1320 4660 160 41 pointues
1502 4664 34 34 la
1559 4665 209 43 distinguent
1802 4674 29 26 et
1860 4667 27 33 s'
1892 4666 75 34 har-

1182 4703 169 34 monisent
1363 4717 75 21 avec
1449 4707 35 33 la
1496 4710 151 33 manière
1658 4710 79 34 dont
1747 4712 58 32 elle
1816 4724 34 20 se
1860 4712 107 42 ferme

2037 4534 46 42 (A
2105 4532 117 42 droite)
2248 4535 89 34 Robe
2358 4535 148 34 nouvelle
2526 4542 28 26 et
2575 4535 193 33 charmante
2788 4534 22 33 à

2034 4579 82 34 trois
2133 4579 138 42 volants,
2293 4580 59 41 qui
2370 4593 35 20 se
2424 4579 142 34 croisent
2584 4591 59 22 sur
2662 4580 45 33 la
2711 4578 96 43 jupe.

2035 4624 104 34 Notez
2156 4624 34 33 la
2201 4623 110 43 forme
2330 4624 165 42 originale
2513 4624 38 33 de
2568 4624 35 33 la
2620 4623 96 39 blouse
2716 4623 42 39 ;
2777 4623 33 33 la

2035 4668 74 33 robe
2148 4674 46 28 est
2232 4667 216 43 élégamment
2486 4668 114 36 bordée
2635 4669 39 32 de
2712 4667 97 43 petits

2035 4712 127 35 rubans
2178 4712 121 43 plissés
2316 4713 59 42 qui
2391 4713 33 34 la
2442 4720 130 26 cernent
2588 4712 40 33 de
2643 4720 73 26 tous
2726 4712 83 33 côtes

3524 2345 33 46 1

2860 2418 82 33 Robe
2965 2417 64 33 très
3047 2418 104 41 jeune
3175 2430 73 22 avec
3271 2430 65 21 une
3359 2418 106 33 blouse
3486 2417 15 32 à
3518 2410 39 37 tailll

2853 2463 119 41 longue
2995 2469 28 26 et
3045 2463 143 33 sections
3210 2472 61 24 sur
3292 2463 28 33 le
3342 2463 113 33 devant
3475 2456 45 38 dont
3520 2456 37 38 III

2853 2506 185 35 extrémités
3048 2508 148 41 forment
3213 2519 50 24 un
3277 2507 88 43 large
3381 2498 80 45 nœud
3461 2498 96 45 daniJ

2854 2551 70 34 dos.
2994 2551 62 34 Les
3082 2551 156 36 manches
3252 2551 146 42 -lonsues
3422 2563 42 22 ou
3490 2551 67 178 courlji

3488 2584 70 144 i
