3671 5089
127 219 26 41 1
153 219 40 41 s
251 207 185 54 Janvi
453 224 56 26 er
3300 246 40 31 43

138 295 765 98 L'ÉLÉGANCE
1098 320 341 75 POUR
1613 322 239 75 LES
2058 326 533 76 PETITES
2768 330 574 80 BOURSES

197 2564 100 43 Tout
297 2564 200 43 vaporeux,
497 2564 60 43 sa
557 2564 200 43 garniture
757 2564 60 43 de
817 2564 183 43 dentelle

190 2611 150 42 d'argent
366 2609 176 43 l'empêche
572 2610 38 33 de
637 2610 157 34 s'envoler
823 2611 21 33 à
872 2610 128 42 chaque

192 2662 215 27 mouvement.
448 2655 44 34 Le
505 2655 81 41 fond
600 2662 68 26 tout
684 2654 85 34 droit
785 2663 47 26 est
847 2668 41 20 en
904 2656 93 33 satin

983 4639 55 34 En
1060 4638 200 35 mousseline
1281 4652 41 21 ou
1343 4652 40 21 en
1403 4638 103 41 satin,
1529 4639 27 33 il
1576 4646 78 36 peut

981 4684 65 34 être
1063 4684 92 43 porté
1171 4691 86 34 pour
1273 4685 46 32 les
1336 4684 98 42 petits
1450 4683 115 34 dîners
1583 4684 20 33 à
1620 4684 34 32 la

982 4729 144 33 maison.
1169 4727 29 35 A
1198 4727 104 35 noter
1319 4729 47 33 les
1376 4737 89 34 pans
1482 4728 170 34 retournés

981 4780 29 28 et
1034 4774 29 33 le
1086 4772 103 44 gansé
1214 4773 58 41 qui
1296 4773 138 34 termine
1451 4772 34 33 la
1504 4773 147 33 ceinture

1310 601 253 63 Quelques
1620 603 128 48 riens
1820 602 180 52 faciles
2059 606 28 50 à

1313 784 158 51 faire
1471 784 186 51 d'une
1734 785 239 61 élégante
2035 801 54 37 et

1306 971 293 49 charmante
1648 966 277 62 simplicité
1990 971 91 61 qui

1308 1187 59 30 ne
1450 1166 213 50 coûtent
1767 1184 93 44 pas
1959 1168 124 49 cher

1236 1548 38 98 1

1287 1546 24 32 L
1331 1554 48 25 est
1399 1555 91 23 assez
1511 1543 138 34 curieux
1671 1543 43 33 de
1735 1551 179 25 constater
1937 1544 184 42 l'échange
2143 1545 42 33 de

1306 1598 83 25 mots
1426 1600 65 30 que
1529 1599 85 22 nous
1653 1587 129 34 faisons
1822 1599 86 22 avec
1948 1600 64 21 nos
2052 1589 133 33 voisins

1305 1632 306 41 d'outre-Manche,
1654 1633 86 33 c'est
1780 1631 88 33 ainsi
1911 1645 70 29 que
2024 1633 34 33 la
2103 1634 82 33 robe

1221 1677 190 35 d'intérieur
1434 1676 82 43 qu'il
1541 1685 53 25 est
1618 1677 138 41 élégant
1781 1675 181 44 d'appeler
1996 1677 69 35 ici
2099 1677 87 35 tea-

1222 1723 80 40 gown
1369 1722 135 34 devient
1523 1733 41 20 en
1583 1721 202 42 Angleterre
1805 1729 35 25 et
1859 1733 43 21 en
1921 1721 197 43 Amérique
2138 1735 46 20 un

1222 1767 223 42 "négligée".
1505 1765 74 34 Elle
1616 1774 53 26 est
1706 1765 174 33 d'ailleurs
1906 1778 92 29 pour
2026 1766 158 35 d'autres

1222 1811 124 34 raisons
1370 1812 28 35 le
1422 1811 90 41 sujet
1536 1809 42 34 de
1604 1823 61 21 nos
1691 1810 291 42 préoccupations
2010 1823 61 21 car
2097 1824 87 21 nous

1220 1868 140 22 sommes
1387 1868 39 21 en
1451 1854 152 43 Janvier,
1632 1856 30 32 le
1690 1854 86 33 mois
1804 1854 60 34 des
1892 1854 136 34 visites.
2082 1856 101 34 Nous

1221 1900 137 34 n'avons
1376 1913 43 29 pu
1438 1912 22 29 y
1478 1910 121 31 penser
1617 1900 86 33 dans
1723 1896 32 36 la
1773 1898 106 34 fièvre
1898 1899 63 42 qui
1979 1899 141 43 préside
2140 1913 43 21 au

1219 1944 96 34 choix
1329 1945 55 33 des
1399 1943 150 35 cadeaux
1564 1943 42 35 de
1621 1943 89 35 Noël
1727 1952 35 25 et
1778 1951 121 33 avant,
1915 1943 128 34 Grand
2060 1944 87 34 Dieu
2147 1944 35 34 !

1221 1989 247 34 n'avions-nous
1487 1999 60 30 pas
1566 1988 18 33 à
1603 2001 86 22 nous
1707 1987 143 43 équiper
1868 2000 91 30 pour
1976 1988 128 34 l'hiver
2104 1988 32 34 ?

1264 2034 59 33 Les
1339 2041 117 35 quatre
1472 2032 149 34 modèles
1639 2032 150 34 dessinés
1807 2044 58 21 sur
1881 2040 96 26 cette
1994 2044 91 31 page
2103 2042 79 25 sont

1220 2085 76 26 tout
1314 2078 149 42 indiqués
1482 2089 88 30 pour
1588 2077 32 34 la
1640 2077 128 34 femme
1787 2076 136 34 adroite
1944 2077 62 42 qui
2027 2086 89 33 peut
2135 2079 47 33 les

1218 2121 82 34 faire
1321 2122 182 34 elle-même
1526 2122 91 33 seule
1639 2134 45 21 ou
1709 2133 83 22 avec
1815 2121 104 33 l'aide
1944 2121 44 33 de
2012 2122 33 32 la
2070 2123 113 41 petite

1217 2167 194 33 couturière.
1463 2166 48 32 La
1542 2166 81 34 robe
1653 2179 42 21 en
1726 2166 87 33 haut
1842 2174 37 25 et
1909 2166 19 33 à
1961 2166 138 41 gauche
2130 2176 53 24 est

1217 2212 171 41 composée
1410 2210 81 33 d'un
1514 2209 84 34 fond
1622 2223 41 22 en
1687 2210 91 34 satin
1802 2222 128 22 mauve
1954 2210 162 34 ceinturé
2139 2211 43 34 de

1217 2255 105 34 ruban
1339 2256 103 33 violet
1458 2263 35 25 et
1509 2254 89 34 vo:lé
1616 2256 85 32 d'un
1720 2254 108 43 grand
1846 2254 97 34 carré
1962 2254 44 34 de
2025 2267 157 22 mousse-

1214 2299 67 34 line
1300 2300 78 33 d'un
1398 2311 123 22 mauve
1541 2299 76 42 plus
1639 2307 147 26 soutenu
1808 2298 89 34 dont
1917 2299 190 42 l'ampleur
2129 2309 53 24 est

1216 2352 134 27 retenue
1371 2357 40 21 au
1436 2356 61 21 cou
1521 2356 62 29 par
1606 2357 47 20 un
1677 2344 111 33 mince
1812 2343 113 33 ruban
1950 2344 129 33 assorti
2104 2344 19 33 à
2148 2344 32 33 la

1213 2388 157 35 ceinture.
1417 2389 48 33 La
1491 2389 205 33 mousseline
1722 2396 53 26 est
1800 2388 129 33 bordée
1955 2387 44 34 de
2026 2387 155 35 dentelle

1212 2431 152 43 d'argent
1385 2446 66 29 que
1473 2433 69 32 l'on
1565 2442 85 33 peut
1672 2432 138 34 obtenir
1833 2445 42 21 en
1899 2432 176 42 peignant
2098 2441 82 25 tout

1210 2476 212 43 simplement
1453 2489 67 21 une
1551 2478 113 34 vieille
1697 2476 160 41 dentelle,
1892 2476 153 43 procédé
2081 2489 97 23 assez

1213 2522 147 43 rustique
1378 2521 82 34 mais
1480 2521 59 42 qui
1562 2522 114 34 donne
1701 2534 46 20 un
1773 2529 214 34 surprenant
2012 2521 165 34 résultat.

1208 2565 54 33 On
1275 2566 77 42 peut
1352 2566 141 42 teindre
1504 2565 86 35 ainsi
1602 2567 86 33 dans
1700 2574 78 25 tous
1790 2566 47 33 les
1849 2574 80 25 tons
1939 2565 44 34 de
1994 2565 124 42 métal,
2127 2579 49 28 or,

1209 2620 117 31 argent
1337 2624 41 21 ou
1392 2611 87 33 acier
1492 2609 58 35 des
1564 2611 166 34 dentelles
1747 2609 192 35 ordinaires
1953 2610 62 42 qui
2034 2609 145 35 devien-

1210 2663 82 25 nent
1308 2656 80 33 ainsi
1405 2655 57 34 des
1480 2655 191 41 garnitures
1690 2655 104 33 d'une
1812 2654 132 42 grande
1960 2654 177 42 élégance.

1254 2699 50 33 En
1321 2700 81 33 haut
1417 2708 34 25 et
1467 2699 18 33 à
1502 2699 112 35 droite
1630 2712 86 21 nous
1732 2711 135 30 voyons
1884 2712 48 20 un
1951 2699 136 42 négligé
2105 2700 70 32 très

1207 2743 140 41 original
1365 2752 34 26 et
1417 2744 67 33 très
1504 2745 159 40 gracieux
1680 2756 45 22 on
1745 2752 86 34 peut
1849 2744 31 33 le
1899 2743 88 34 faire
2007 2743 45 34 de
2071 2743 105 42 façon

1207 2786 19 33 à
1261 2800 36 22 ce
1329 2788 79 44 qu'il
1442 2788 66 34 soit
1542 2788 194 35 réversible.
1795 2788 55 33 En
1885 2787 174 34 duvetine
2094 2788 80 34 bleu

1206 2833 124 32 canard
1356 2833 142 33 doublée
1523 2832 42 35 de
1591 2846 75 21 rose
1691 2832 69 34 très
1787 2833 79 42 pâle
1891 2845 46 21 ou
1964 2831 91 34 dans
2083 2833 92 33 deux

1205 2884 77 25 tons
1301 2878 40 33 de
1357 2878 93 41 beige
1467 2877 72 33 l'un
1557 2878 181 41 beaucoup
1757 2877 76 42 plus
1853 2877 85 33 clair
1957 2889 69 30 que
2045 2877 129 34 l'autre

1206 2920 20 32 il
1250 2922 101 33 serait
1370 2921 315 43 particulièrement
1706 2921 85 34 chic.
1839 2922 29 32 Il
1891 2921 114 34 forme
2028 2933 50 21 un
2102 2922 70 33 très

1205 2964 91 43 large
1315 2967 134 33 kimono
1468 2966 86 34 dans
1574 2967 31 34 le
1624 2967 61 33 dos
1706 2979 34 21 se
1759 2966 156 33 croisant
1934 2965 138 34 devant
2092 2979 80 20 sous

1203 3008 58 34 des
1285 3020 190 25 ornements
1500 3010 43 34 de
1567 3011 177 42 gallalithe
1770 3018 188 26 ramenant
1983 3010 189 43 l'ampleur

1202 3053 43 33 de
1262 3054 31 34 la
1311 3056 149 42 tunique.
1503 3055 91 34 Pour
1612 3057 46 33 les
1678 3055 143 34 beautés
1841 3055 129 33 brunes
1991 3063 114 33 ayant
2124 3068 45 20 un

1240 3101 70 40 type
1369 3100 20 33 il
1405 3099 102 34 serait
1522 3100 68 34 très
1606 3101 74 33 chic
1695 3112 41 21 en
1753 3100 75 32 noir
1842 3099 130 34 doublé
1988 3098 44 34 de
2048 3107 121 34 tango.

1247 3138 44 39 Le
1314 3144 124 34 modèle
1438 3144 161 34 dessiné
1623 3157 42 22 en
1690 3145 61 32 bas
1776 3152 36 25 et
1837 3143 18 34 à
1881 3144 116 33 droite
2022 3152 55 25 est
2102 3157 68 20 une

1201 3187 186 36 ravissante
1418 3189 80 33 robe
1529 3190 59 41 qui
1621 3197 85 35 peut
1737 3189 73 33 être
1842 3188 124 42 portée
1998 3200 91 30 pour
2122 3189 47 32 les

1200 3232 103 39 petits
1324 3233 108 34 dîners
1454 3241 95 26 entre
1571 3234 138 33 intimes
1732 3233 18 33 à
1772 3233 32 33 la
1827 3233 149 40 maison,
2000 3232 104 33 étant
2126 3233 43 33 de

1198 3275 104 41 lignes
1329 3278 72 41 plus
1429 3277 156 42 précises.
1638 3278 46 33 Le
1712 3289 142 29 corsage
1882 3285 54 25 est
1965 3289 48 20 un
2044 3277 124 42 simple

1199 3319 145 36 kimono.
1380 3322 76 33 Une
1470 3330 143 27 couture
1627 3335 42 21 en
1685 3322 85 33 biais
1787 3334 58 20 sur
1860 3321 152 42 l'épaule
2027 3320 140 43 dispose

1197 3363 176 44 l'ampleur
1397 3366 41 34 de
1464 3366 100 41 façon
1592 3368 18 32 à
1638 3380 37 20 ce
1701 3378 67 30 que
1795 3366 32 33 la
1857 3366 83 33 robe
1968 3365 70 33 soit
2065 3374 101 25 toute

1195 3408 110 35 droite
1328 3411 138 33 environ
1491 3412 124 41 quinze
1639 3410 222 35 centimètres
1888 3409 209 34 au-dessous
2124 3410 42 33 de

1194 3453 31 32 la
1253 3455 91 34 taille
1369 3455 42 34 où
1439 3456 30 32 la
1495 3456 83 41 jupe
1605 3464 53 26 est
1678 3455 181 33 rattachée
1880 3460 44 28 au
1947 3454 101 33 haut.
2101 3455 63 33 Les

1191 3507 158 26 coutures
1365 3508 76 25 sont
1456 3500 136 34 laissées
1608 3508 162 26 ouvertes
1787 3499 88 33 dans
1893 3500 30 32 le
1941 3499 62 33 bas
2021 3511 59 20 sur
2097 3512 67 20 une

1193 3542 145 35 hauteur
1360 3544 41 34 de
1424 3544 56 33 dix
1504 3545 240 40 centimètres;
1769 3544 43 33 de
1836 3544 138 42 chaque
1999 3543 80 33 côté
2104 3544 58 32 des

1192 3586 127 36 bandes
1349 3589 43 32 du
1423 3589 83 33 tissu
1538 3598 145 33 partant
1713 3588 183 34 au-dessus
1928 3588 43 33 de
2003 3587 32 33 la
2068 3588 95 33 taille

1191 3631 198 36 reviennent
1415 3634 188 34 s'attacher
1629 3634 46 33 du
1703 3633 78 33 côté
1808 3633 133 42 opposé
1969 3631 84 34 d'où
2082 3633 79 32 elles

1189 3685 79 24 sont
1298 3678 123 41 parties
1452 3677 154 35 formant
1636 3678 87 34 ainsi
1754 3689 68 21 une
1854 3685 94 25 sorte
1980 3676 44 33 de
2091 3677 34 33 V

1188 3719 85 35 dans
1296 3722 29 33 le
1346 3723 70 32 bas.
1461 3723 48 32 La
1531 3724 166 38 ceinture,
1721 3722 107 42 qu'on
1853 3730 87 34 peut
1962 3721 198 41 supprimer

1187 3764 18 32 à
1236 3766 138 34 volonté
1404 3767 84 33 mais
1518 3768 60 41 qui
1608 3767 82 34 rend
1721 3767 32 32 la
1784 3766 84 34 robe
1899 3766 78 42 plus
2008 3765 103 34 facile
2141 3766 17 33 à

1186 3818 124 27 mettre
1328 3824 84 29 pour
1430 3811 45 34 les
1494 3813 176 33 occasions
1690 3811 45 33 où
1758 3811 30 33 le
1808 3819 178 33 tea-gown
2006 3818 55 25 est
2079 3819 79 33 trop

1186 3854 139 43 négligé,
1344 3865 51 24 est
1413 3855 165 35 terminée
1596 3869 63 30 par
1678 3868 45 21 un
1744 3856 106 41 gansé
1869 3855 47 32 du
1937 3855 115 32 même
2070 3855 86 33 tissu

1184 3900 137 33 enroulé
1351 3913 56 20 sur
1436 3900 175 35 lui-même
1641 3909 36 26 et
1706 3900 122 42 frangé
1860 3912 44 21 au
1937 3899 100 33 bout.
2092 3900 63 32 Les

1184 3954 179 29 panneaux
1386 3953 152 33 peuvent
1559 3946 73 33 être
1655 3944 124 34 bordés
1803 3944 86 33 d'un
1913 3952 63 24 ton
1999 3951 157 26 contras-

1182 3995 79 26 tant
1281 4001 43 21 ou
1345 3989 45 33 du
1412 3989 84 33 tissu
1519 3989 45 34 du
1588 3989 142 42 négligé,
1754 3989 18 32 à
1794 3988 158 40 volonté,
1974 4000 45 21 ou
2043 3988 112 34 même

1181 4031 72 34 être
1287 4034 110 41 garnis
1431 4033 83 33 d'un
1549 4035 105 41 picot.
1714 4034 53 32 En
1803 4032 211 34 mousseline
2047 4033 107 41 jaune

1182 4076 124 36 bordée
1324 4078 42 34 de
1385 4078 73 34 noir
1475 4090 44 21 ou
1540 4079 42 34 de
1602 4079 78 33 bleu
1702 4078 132 33 marine
1854 4078 64 33 elle
1938 4089 74 21 sera
2034 4085 80 25 tout
2134 4077 16 33 à

1181 4120 64 34 fait
1262 4122 188 34 délicieuse.

1224 4166 46 33 Le
1286 4167 131 34 modèle
1434 4168 195 41 représenté
1646 4180 42 21 en
1705 4167 62 33 bas
1784 4174 36 25 et
1837 4166 18 33 à
1873 4165 114 34 droite
2004 4174 54 24 est
2074 4178 78 29 par-

1178 4209 250 36 ticulièrement
1448 4211 132 43 simple.
1625 4212 65 33 Sur
1710 4223 46 21 un
1776 4210 86 34 fond
1883 4210 44 34 de
1947 4209 93 34 satin
2061 4210 89 33 deux

1178 4254 162 35 hauteurs
1363 4256 42 34 de
1428 4257 206 34 mousseline
1657 4264 81 25 sont
1760 4255 136 33 réunies
1920 4266 59 22 sur
2001 4254 148 42 l'épaule

1176 4311 61 29 par
1252 4300 42 34 de
1309 4301 124 42 petites
1449 4301 101 33 fleurs
1567 4302 60 33 des
1643 4301 156 41 champs.
1840 4300 47 33 Le
1904 4307 175 33 tea-gown
2097 4308 51 25 est

1175 4338 115 40 froncé
1305 4358 56 21 sur
1376 4358 46 20 un
1437 4345 171 43 élastique
1624 4346 18 33 à
1659 4346 32 32 la
1706 4344 97 34 taille
1819 4343 167 43 marquée
2001 4355 64 30 par
2080 4356 66 21 une

1173 4388 152 36 ceinture
1336 4389 41 34 de
1388 4390 101 33 fleurs
1503 4390 247 34 multicolores.
1800 4389 28 32 Il
1844 4397 53 25 est
1910 4387 236 43 particulière-

1174 4442 95 25 ment
1291 4435 103 41 jeune
1416 4442 35 26 et
1473 4446 85 22 avec
1581 4435 91 33 deux
1693 4432 103 35 fonds
1820 4441 36 26 et
1878 4432 90 34 deux
1990 4444 45 21 ou
2061 4433 83 33 trois

1172 4477 149 43 voilages
1331 4479 41 34 de
1384 4479 206 34 mousseline
1602 4487 85 35 peut
1698 4479 72 32 être
1782 4477 185 34 renouvelé
1979 4476 18 33 à
2010 4476 133 35 l'infini.

2450 2568 43 33 Ce
2509 2568 125 42 négligé
2644 2577 46 26 est
2703 2583 63 21 une
2778 2572 230 37 combinaison
3020 2575 38 33 de
3074 2576 85 34 deux
3169 2585 73 26 tons

2446 2621 28 25 et
2487 2613 38 33 de
2537 2613 85 33 deux
2633 2614 113 35 tissus.
2781 2616 56 34 En
2849 2617 151 36 duvetine
3012 2628 29 25 et
3053 2621 189 34 charmeuse

2448 2658 24 33 il
2499 2665 45 26 est
2563 2657 20 34 à
2608 2658 34 33 la
2662 2660 71 42 fois
2759 2660 126 43 élégant
2902 2670 30 26 et
2954 2664 65 33 très
3043 2666 197 42 confortable

1745 4638 112 42 Jeune
1872 4645 29 26 et
1917 4637 174 34 charmant
2106 4650 33 21 ce
2154 4645 159 34 tea-gown
2330 4650 85 20 com-

1745 4683 79 42 posé
1840 4683 84 33 d'un
1935 4681 88 44 fond
2039 4689 112 27 retenu
2169 4682 21 33 à
2202 4682 34 33 la
2248 4681 91 34 taille
2351 4690 63 34 par

1743 4739 66 22 une
1825 4727 146 33 ceinture
1983 4726 39 33 de
2031 4727 107 41 lfeurs
2154 4734 29 26 et
2198 4734 161 26 recouvert
2375 4727 38 32 de

1741 4771 87 34 deux
1853 4772 157 33 hauteurs
2035 4771 38 33 de
2090 4770 199 35 mousseline
2313 4770 100 34 claire
