3649 5101
512 219 38 22 I3
3294 191 247 42 VOGUE

1082 849 95 42 Qu'il
1196 848 106 35 serait
1324 857 164 25 amusant
1510 849 94 33 d'en-

1080 894 113 33 tendre
1207 901 80 26 cette
1302 893 133 42 poupée
1449 901 154 26 raconter

1080 946 69 25 tout
1166 951 34 20 ce
1218 950 62 30 que
1296 950 54 21 ses
1366 950 91 29 yeux
1474 946 58 25 ont
1547 950 54 28 vu,

1080 983 90 33 mais
1177 983 165 42 peut-être
1352 983 125 32 vaut-il
1488 983 116 33 mieux

1081 1028 119 41 qu'elle
1238 1040 41 20 ne
1315 1027 30 32 le
1383 1027 119 42 puisse
1540 1036 63 34 pas

508 1164 438 75 HEURS
946 1164 293 75 ET
1388 1164 743 76 MALHEURS
2276 1158 474 78 D'UNE
2750 1158 790 78 'ROSALIE"

1294 1361 208 50 Tantôt
1549 1363 129 48 dans
1729 1363 43 48 la
1812 1361 202 60 vitrine,
2056 1361 185 48 tantôt
2286 1378 64 30 au
2391 1359 134 47 beau
2565 1358 172 48 milieu

1297 1528 71 49 du
1409 1529 147 49 salon
1596 1530 310 61 d'essayage,
1947 1528 102 47 Zoé
2089 1539 218 37 raconte
2346 1544 76 31 ses
2461 1538 282 36 aventures

1298 1709 54 37 et
1474 1699 193 48 mêmes
1785 1714 72 31 ses
1979 1696 242 48 histoires
2347 1694 392 50 sentimentales

1762 1864 204 34 DESSINS
2016 1864 95 33 PAR
2161 1863 117 34 FISH

488 2008 50 100 J

551 2009 27 32 E
597 2008 187 42 m'appelle
800 2009 50 41 Zoé
850 2009 39 41 ;
908 2023 87 20 vous
1015 2023 55 21 me
1088 2011 184 34 connaissez
1272 2011 51 34 ?
1370 2012 74 33 Non
1444 2012 37 33 ?

571 2053 41 41 Je
631 2053 69 33 suis
718 2053 201 42 cependant
937 2055 80 33 bien
1036 2055 213 42 mignonne;
1274 2057 35 41 je
1328 2056 71 33 suis
1414 2069 68 21 une

573 2098 136 41 poupée
724 2110 45 21 ou
787 2097 47 33 du
852 2099 112 33 moins
981 2112 69 21 une
1067 2100 74 33 tête
1158 2100 43 34 de
1218 2101 159 39 poupée;
1394 2114 87 21 vous

487 2154 207 29 comprenez
714 2142 11 33 ?
768 2143 97 33 Vous
884 2144 137 34 m'avez
1040 2157 63 29 pas
1123 2158 47 20 vu
1191 2140 89 38 dans
1293 2140 40 38 la
1353 2146 130 33 vitrine

488 2186 42 33 de
549 2187 185 33 Monsieur
751 2187 132 41 André,
903 2188 30 33 le
952 2189 160 41 magasin
1132 2190 76 33 chic
1228 2190 43 33 de
1290 2190 32 32 la
1344 2190 78 34 Rue
1441 2191 42 33 de

488 2230 181 34 Courcelles
669 2230 50 34 ?
774 2232 98 34 Vous
905 2233 124 34 n'avez
1062 2234 74 33 rien
1169 2247 47 20 vu
1251 2235 82 32 alors
1333 2235 42 32 ?
1433 2235 49 33 La

488 2275 189 41 prochaine
692 2275 65 34 fois
773 2289 68 30 que
856 2289 87 21 vous
960 2278 67 34 irez
1042 2290 64 30 par
1120 2279 33 32 là
1170 2291 42 21 ne
1228 2291 177 30 manquez
1420 2292 62 30 pas

487 2319 44 34 de
548 2320 90 42 jeter
658 2333 46 20 un
725 2333 91 30 coup
831 2320 77 43 d'œil
908 2320 39 43 ;
967 2335 88 21 vous
1071 2335 211 29 aperçevrez
1297 2336 69 21 une
1387 2324 96 34 drôle

489 2363 43 34 de
553 2365 111 50 petite
685 2365 138 34 binette
845 2366 119 41 ronde,
988 2379 85 22 avec
1095 2367 61 34 des
1178 2381 94 29 yeux
1294 2368 118 41 ronds,
1436 2382 47 20 un

490 2409 91 41 petit
601 2409 88 33 bout
709 2409 42 34 de
772 2422 63 21 nez
855 2411 100 41 rond,
976 2424 47 21 un
1044 2412 93 41 petit
1157 2422 148 24 menton
1327 2413 100 40 rond,
1448 2423 36 24 et

490 2453 59 34 des
568 2454 100 41 joues
690 2466 112 29 roses;
824 2454 176 35 d'ailleurs
1021 2457 83 32 Fish
1126 2469 19 21 a
1167 2458 71 41 pris
1260 2470 57 20 ma
1340 2470 144 21 ressem-

490 2497 143 42 blance;
656 2511 87 21 vous
767 2499 124 34 n'avez
912 2501 82 42 qu'a
1019 2501 164 42 regarder
1205 2502 44 33 aù
1274 2503 89 32 haut
1386 2502 42 34 de
1451 2503 30 33 la

1537 2025 97 30 page.
1677 2012 73 34 Suis
1769 2023 58 31 pas
1847 2010 127 41 gentille
1974 2010 43 41 ?
2059 2011 95 40 Non,
2174 2011 89 41 vrai,
2284 2024 37 20 ce
2340 2023 68 31 que
2426 2022 88 21 vous

1535 2058 70 33 êtes
1630 2057 152 40 difficile;
1805 2064 34 24 et
1860 2055 75 41 puis
1960 2067 88 21 vous
2074 2067 115 29 savez,
2213 2056 35 41 je
2274 2056 70 33 suis
2370 2067 43 21 en
2439 2054 74 34 bois

1536 2102 86 33 mais
1642 2102 57 39 j'ai
1720 2113 58 30 pas
1798 2112 45 21 un
1863 2111 94 21 cœur
1978 2099 43 34 de
2041 2100 86 39 bois,
2142 2100 34 41 je
2195 2100 71 33 suis
2285 2099 144 35 tendre

1580 2147 67 41 J'ai
1676 2146 57 34 des
1761 2145 122 43 petites
1912 2156 91 21 sœurs
2003 2156 46 21 :
2078 2157 23 29 y
2130 2157 19 20 a
2179 2145 153 41 Lolette,
2362 2144 150 40 Céleste,

1536 2191 197 40 Marianne,
1763 2188 177 36 Clitandre
1970 2197 35 25 et
2035 2189 76 42 puis
2143 2190 91 40 moi;
2266 2190 86 33 c'est
2381 2188 71 33 moi
2482 2188 31 33 la

1536 2236 76 42 plus
1637 2236 96 33 belle.
1779 2234 163 34 Chacune
1966 2233 18 33 à
2009 2242 81 24 tour
2114 2233 43 34 de
2181 2228 84 46 rôle,
2291 2246 87 22 nous
2403 2245 110 21 avons

1537 2289 99 25 notre
1652 2281 78 41 jour
1747 2279 40 33 de
1804 2278 68 33 fête
1889 2277 87 38 celui
1994 2278 44 33 où
2057 2290 46 21 on
2122 2290 88 21 nous
2230 2279 117 34 donne
2365 2279 31 32 la
2415 2278 100 42 place

1537 2325 194 33 d'honneur
1751 2336 42 21 au
1815 2323 86 33 beau
1923 2322 118 34 milieu
2064 2322 43 34 de
2128 2322 33 33 la
2184 2323 210 34 devanture.
2441 2322 72 34 Des

1537 2370 87 33 soies
1640 2370 17 33 à
1674 2369 119 39 droite,
1809 2367 56 33 des
1881 2366 86 34 soies
1983 2367 18 33 à
2019 2367 145 41 gauche,
2181 2367 61 34 des
2258 2368 177 33 fourrures
2452 2379 63 30 par

1537 2414 147 34 derrière
1711 2422 33 25 et
1770 2413 57 33 des
1854 2411 128 33 chichis
2011 2420 166 33 partout;
2208 2413 91 33 alors
2327 2413 31 33 le
2386 2411 129 34 monde

1537 2459 161 41 s'arrête;
1715 2470 22 30 y
1737 2470 33 30 a
1786 2457 57 33 des
1859 2456 67 33 bon
1944 2468 77 29 gros
2039 2469 85 21 avec
2141 2456 61 34 des
2220 2458 130 41 petites
2367 2456 146 34 femmes

1537 2512 116 25 toutes
1673 2503 134 42 petites,
1827 2509 33 26 et
1878 2500 75 42 puis
1974 2500 59 34 des
2054 2513 133 29 grosses
2208 2502 121 34 dames
2349 2513 86 22 avec
2454 2501 59 33 des

2565 2009 105 42 petits
2690 2010 135 41 gamins
2845 2010 43 34 de
2907 2010 71 33 rien
2999 2008 149 42 dutout;
3168 2009 218 43 quelquefois
3405 2024 23 30 y
3447 2023 18 20 a
3485 2011 59 33 des

2566 2066 79 29 gens
2663 2066 152 30 connus;
2832 2055 62 42 j'ai
2912 2067 43 21 au
2974 2066 46 20 un
3038 2054 131 33 sourire
3186 2053 46 34 du
3250 2054 182 35 Maréchal
3450 2056 92 33 Foch

2565 2111 45 20 un
2638 2111 89 30 coup
2754 2099 96 34 d'œil
2877 2098 235 35 d'Alexandre
3139 2099 120 33 Duval
3286 2107 36 26 et
3348 2112 47 22 un
3422 2100 120 42 regard

2564 2144 78 32 ému
2667 2143 155 34 d'André
2846 2144 43 35 de
2913 2143 225 42 Fouquières.
3185 2144 95 33 Mais
3304 2144 100 43 c'que
3425 2145 119 42 j'aime

2564 2200 122 21 encore
2718 2189 115 34 mieux
2865 2202 68 30 que
2964 2188 32 33 la
3028 2187 207 42 devanture,
3268 2189 86 33 c'est
3384 2190 109 33 d'être
3525 2190 17 33 à

2564 2233 172 34 l'intérieur
2736 2233 44 34 :
2805 2246 39 29 ça
2868 2235 85 32 c'est
2976 2244 48 21 un
3048 2232 151 42 paradis.
3241 2233 33 33 Y
3292 2245 19 21 a
3329 2233 46 34 du
3395 2247 73 21 rose
3486 2247 57 20 sur

2564 2277 46 34 les
2626 2290 105 28 murs,
2748 2290 22 30 y
2770 2290 34 30 a
2820 2278 46 33 du
2883 2279 78 33 bleu
2978 2289 59 21 sur
3051 2277 46 33 les
3113 2277 178 42 fauteuils,
3307 2291 22 29 y
3329 2291 33 29 a
3378 2279 59 34 des
3452 2280 90 41 tapis

2564 2334 63 30 par
2647 2330 89 26 terre
2757 2331 35 25 et
2813 2324 77 41 puis
2912 2323 59 33 des
2992 2321 103 33 fleurs
3117 2330 35 25 et
3172 2322 78 42 puis
3272 2317 60 39 des
3354 2324 112 33 robes

2564 2366 59 34 des
2656 2367 98 33 robes
2789 2367 18 33 à
2841 2368 72 33 s'en
2947 2378 119 21 crever
3090 2366 47 34 les
3164 2379 91 29 yeux
3281 2367 260 35 d'admiration.

2564 2411 158 33 D'abord
2743 2425 23 29 y
2787 2424 19 21 a
2827 2412 185 34 Monsieur
3028 2410 119 34 André
3165 2411 31 34 le
3214 2420 140 33 patron,
3373 2414 30 33 le
3421 2414 123 33 maître

2564 2468 134 22 comme
2720 2469 86 21 nous
2827 2457 138 40 disons;
2989 2455 20 33 il
3031 2464 53 25 est
3105 2456 82 41 bon,
3210 2456 22 33 il
3253 2465 54 25 est
3327 2457 101 42 beau,
3451 2458 19 32 il
3492 2467 51 25 est

2563 2501 207 42 intelligent,
2795 2514 68 22 une
2887 2501 113 43 perle;
3025 2500 87 34 c'est
3134 2501 31 34 le
3188 2501 78 43 plus
3291 2503 109 41 grand
3424 2503 121 33 artiste

1313 4652 182 35 Monsieur
1517 4654 117 35 André
1656 4669 34 21 se
1713 4665 127 26 montre
1862 4659 180 34 seulement
2063 4661 47 33 les
2131 4661 123 41 grands
2271 4661 110 42 jours,
2404 4661 118 43 souple
2544 4674 123 21 comme
2690 4674 47 21 un

1312 4709 131 39 roseau,
1468 4700 158 42 parfumé
1649 4701 57 33 des
1730 4702 97 50 pieds
1851 4702 21 33 à
1895 4703 34 33 la
1953 4704 60 34 tête
2036 4713 29 25 et
2087 4705 140 35 sachant
2251 4719 73 21 avec
2347 4707 57 33 des
2428 4719 148 20 nuances
2601 4706 138 43 infinies

1312 4742 153 43 modifier
1488 4756 60 22 son
1574 4746 128 33 accueil
1724 4747 136 34 suivant
1884 4748 85 41 qu'il
1991 4749 100 42 s'agit
2113 4750 40 34 de
2177 4751 180 43 quelqu'un
2381 4752 46 33 du
2452 4751 110 42 gratin
2588 4764 42 21 ou
2655 4752 82 33 d'un

1845 4792 151 34 acheteur
2013 4794 38 33 de
2069 4795 144 43 Chicago
