3593 5041
230 135 26 39 I
256 135 39 39 5
352 122 30 52 J
382 122 30 52 a
412 122 45 52 ri
457 122 45 52 z>
502 122 30 52 i
532 122 30 52 e
562 122 49 52 r
3191 152 37 33 33

2570 1990 47 33 La
2634 1989 82 33 table
2734 1988 37 32 de
2788 1987 53 33 toil
2841 1987 65 33 •tte
2920 1985 126 42 pliante
3063 1985 37 31 de

2568 2028 76 47 nos
2644 2028 228 47 grand'mères
2872 2028 38 47 a
2910 2028 116 47 fait
3069 2042 37 20 sa

2566 2075 228 45 réapparition
2794 2075 52 45 et
2846 2075 177 45 renferme
3045 2086 58 20 au-

2560 2123 112 41 jourd'
2678 2118 76 36 hui
2754 2118 76 36 des
2830 2118 134 36 boîtes
2964 2118 57 36 et
3021 2118 80 36 des

2555 2168 131 41 flacons
2725 2166 37 32 de
2786 2166 127 42 formes
2942 2163 91 32 très
3033 2163 74 32 mo-

2561 2212 126 33 dernes.
2749 2207 98 36 Deux
2847 2207 216 36 couvercles
3063 2207 40 36 à

2563 2256 140 33 coulisse
2735 2267 34 20 se
2803 2254 135 42 glissent
2970 2264 58 20 sur
3058 2252 45 33 les

2563 2301 269 41 compartiments
2859 2298 38 32 de
2930 2296 64 34 côté
3022 2305 83 33 pour

2566 2345 85 33 tenir
2690 2358 39 20 en
2772 2341 117 45 place
2889 2341 78 45 les
2967 2341 138 45 bijoux

276 2481 84 33 Bien
386 2480 67 42 pris
479 2493 41 20 au
547 2481 119 42 début,
693 2484 38 33 ils
756 2494 156 33 peuvent
936 2486 76 33 être
1038 2486 171 34 toutefois

228 2526 67 33 très
320 2524 217 43 rapidement
558 2527 157 43 conjurés;
715 2527 64 43 il
801 2539 53 25 est
876 2531 69 33 bon
968 2530 141 33 d'avoir
1132 2539 78 25 tou-

225 2571 97 40 jours
345 2569 87 33 dans
455 2570 30 32 la
508 2583 143 30 nursery
673 2585 67 22 une
763 2574 164 35 bouteille
950 2574 86 33 d'un
1062 2575 148 42 tonique

229 2614 255 34 recommandé.
525 2616 126 37 Quand
672 2617 46 34 les
740 2619 152 34 troubles
914 2619 43 33 de
978 2619 33 33 la
1033 2632 90 29 peau
1146 2628 64 25 ont

229 2659 68 41 pris
321 2658 60 34 des
404 2659 216 41 proportions
642 2660 236 44 inquiétantes
901 2676 64 29 par
987 2664 93 33 suite
1103 2663 107 34 d'une

230 2703 199 42 négligence
442 2715 42 21 ou
500 2703 44 33 du
561 2706 157 33 mauvais
734 2708 75 33 état
824 2708 42 34 de
881 2708 102 33 santé
999 2708 43 33 de
1059 2708 152 33 l'enfant

229 2760 44 21 on
301 2747 108 33 devra
435 2747 185 35 demander
644 2752 127 33 conseil
798 2765 42 20 au
867 2752 213 43 spécialiste.
1130 2753 80 33 Une

230 2791 238 34 consultation
496 2795 213 39 personnelle
738 2805 53 24 est
820 2797 208 42 préférable,
1061 2797 89 33 mais
1183 2797 28 33 si

232 2837 62 33 elle
327 2844 55 25 est
414 2836 203 42 impossible,
651 2839 31 33 la
715 2841 301 42 correspondance
1050 2841 158 33 donnera

233 2880 222 34 d'excellents
474 2881 171 35 résultats.

380 2980 119 23 AVANT
523 2982 41 21 LE
589 2976 122 30 DÉBUT
735 2986 94 22 DANS
856 2987 43 20 LE
924 2986 134 21 MONDE

282 3057 127 40 Quand
427 3058 30 33 la
473 3059 99 41 jeune
589 3060 67 34 fille
675 3063 130 33 atteint
822 3064 87 42 l'âge
928 3063 61 43 qui
1009 3062 150 43 précède
1178 3063 31 32 la

240 3102 129 41 grande
389 3102 129 43 époque
537 3104 44 33 du
604 3105 109 34 début
734 3106 86 35 dans
842 3108 31 33 le
894 3107 142 41 monde,
1060 3107 92 34 l'eau
1175 3116 35 24 et

241 3147 29 33 le
297 3159 108 21 savon
432 3156 71 24 sont
532 3161 120 22 encore
679 3150 47 34 les
753 3152 167 34 éléments
949 3151 184 34 essentiels
1162 3151 45 33 du

240 3191 212 33 traitement.
493 3192 90 44 Trop
604 3204 161 32 souvent,
787 3196 46 34 les
855 3197 110 33 mères
988 3204 221 34 permettent

237 3235 18 32 à
282 3235 91 34 leurs
398 3235 80 33 filles
502 3236 106 35 d'être
633 3238 205 36 influencées
864 3241 88 33 dans
979 3240 31 34 le
1036 3240 104 33 choix
1166 3239 42 33 de

236 3279 90 34 leurs
342 3279 133 34 articles
489 3280 40 34 de
543 3282 135 34 toilette
693 3296 63 29 par
770 3285 31 33 la
816 3285 110 33 forme
941 3284 43 34 de
1000 3285 33 33 la
1050 3285 108 39 boîte,
1175 3284 32 33 la

236 3323 162 34 nouvelle
433 3336 126 23 nuance
594 3326 105 35 d'une
733 3329 143 41 poudre,
912 3342 46 21 ou
996 3329 32 33 le
1065 3328 141 43 parfum

233 3368 167 43 exotique
428 3368 40 33 de
496 3371 209 40 pommades.
757 3373 35 33 Si
821 3374 31 33 la
880 3375 107 41 jeune
1016 3373 70 33 fille
1116 3373 91 33 tient

233 3413 224 33 absolument
472 3413 17 33 à
506 3414 29 33 la
551 3416 141 41 poudre,
709 3417 67 33 afin
793 3418 42 34 de
851 3431 35 21 se
901 3418 137 34 donner
1054 3418 31 33 le
1101 3417 107 34 senti-

232 3465 101 26 ment
365 3457 122 42 qu'elle
516 3468 51 24 est
598 3473 65 21 une
695 3463 129 40 grande
854 3475 186 30 personne,
1075 3462 21 32 il
1128 3461 80 34 faut

232 3501 152 42 prendre
412 3502 104 41 grand
545 3504 72 33 soin
646 3518 66 30 que
741 3515 92 25 cette
862 3507 136 43 poudre
1028 3506 69 34 soit
1126 3506 80 33 bien

231 3558 99 29 pure,
354 3553 36 25 et
410 3558 44 21 on
475 3546 67 34 fera
565 3548 76 34 bien
663 3550 135 34 d'avoir
820 3564 137 21 recours
980 3559 227 34 auparavant

231 3591 18 32 à
273 3603 47 20 un
344 3590 70 33 bon
435 3591 239 45 antiseptique.
718 3596 113 34 Notre
852 3596 200 43 spécialiste
1072 3595 135 34 fournit

231 3647 46 21 un
311 3634 233 44 antiseptique
575 3637 41 34 de
647 3638 198 36 différentes
878 3640 164 42 qualités,
1076 3640 131 41 adapté

230 3692 69 20 aux
340 3679 175 34 différents
555 3682 146 42 besoins,
742 3685 59 42 qui
842 3698 42 21 ne
927 3685 136 34 fournit
1107 3684 101 42 point

229 3723 198 34 seulement
451 3737 63 21 une
540 3726 85 34 belle
651 3727 94 35 boîte
770 3742 89 29 pour
885 3730 31 33 la
943 3729 148 43 poudre,
1119 3728 87 33 mais

230 3768 72 33 fera
334 3768 177 43 beaucoup
540 3770 41 34 de
609 3771 79 34 bien
717 3785 67 22 aux
812 3787 115 30 peaux
955 3773 61 43 qui
1045 3781 66 26 ont
1139 3785 68 21 une

231 3812 175 34 tendance
439 3813 17 33 à
487 3814 70 34 être
589 3815 183 36 huileuses.
828 3819 48 33 Le
908 3830 162 29 massage
1103 3817 103 33 facial

231 3857 90 33 n'est
347 3869 63 29 pas
437 3858 182 35 nécessaire
644 3874 87 28 pour
756 3875 67 21 une
846 3864 105 40 jeune
976 3863 69 33 fille
1071 3870 36 25 et
1133 3861 73 33 doit

1258 2486 67 33 être
1340 2485 99 33 évité.
1480 2485 31 33 Si
1529 2484 62 34 elle
1607 2497 18 21 a
1643 2485 30 33 la
1690 2497 87 30 peau
1795 2485 67 34 fine
1879 2494 36 25 et
1930 2486 165 40 délicate,
2113 2486 21 33 il
2151 2499 74 21 sera

1259 2542 74 29 sage
1359 2530 40 33 de
1427 2542 34 21 se
1488 2529 107 33 servir
1622 2529 104 34 d'une
1753 2530 83 42 pâte
1865 2531 244 33 nourrissante
2137 2543 87 30 pour

1259 2575 100 33 lutter
1374 2582 117 26 contre
1507 2586 66 21 une
1591 2574 218 34 insuffisance
1825 2574 42 34 de
1885 2575 188 33 nutrition.

1300 2619 87 33 Pour
1401 2618 81 34 celle
1495 2618 59 43 qui
1569 2618 66 33 fait
1648 2631 51 21 ses
1714 2618 126 34 débuts
1855 2618 89 34 dans
1960 2619 30 34 le
2006 2619 141 41 monde,
2162 2620 63 33 elle

1259 2663 108 33 suivra
1386 2675 44 21 un
1449 2663 202 33 traitement
1667 2675 94 22 assez
1778 2664 172 41 analogue
1968 2664 19 33 à
2005 2664 88 33 celui
2113 2664 43 33 de
2173 2676 51 21 ses

1257 2708 113 40 jeunes
1391 2720 125 28 sœurs;
1537 2707 63 33 elle
1619 2707 106 33 devra
1746 2707 85 34 faire
1851 2708 133 42 grande
2005 2708 179 33 attention
2206 2708 18 33 à

1259 2752 117 33 effacer
1392 2752 30 33 la
1440 2751 129 42 poudre
1585 2760 35 25 et
1636 2752 30 33 le
1682 2764 115 29 rouge,
1815 2752 26 32 si
1858 2752 64 34 elle
1938 2766 43 20 en
1999 2752 67 34 fait
2083 2753 140 41 l'usage.

1260 2796 31 33 Si
1310 2796 59 33 elle
1389 2809 33 20 se
1443 2796 83 33 livre
1546 2796 18 33 à
1585 2796 59 33 des
1665 2805 113 33 sports
1799 2796 42 33 de
1862 2797 93 42 plein
1977 2797 52 33 air
2048 2810 45 21 ou
2116 2797 26 33 si
2163 2797 63 34 elle

1260 2853 32 21 se
1313 2841 124 33 couche
1460 2840 89 41 tard,
1573 2840 62 34 elle
1658 2840 105 34 devra
1788 2841 185 34 alimenter
1996 2841 231 34 doublement

1260 2897 34 21 sa
1310 2897 96 30 peau.

1301 2930 94 33 Dans
1414 2929 46 34 les
1481 2929 125 34 années
1626 2929 59 43 qui
1705 2929 140 34 suivent
1864 2929 32 35 le
1915 2930 125 41 début,
2061 2930 31 33 le
2112 2938 113 34 temps

1260 2974 153 33 consacré
1433 2986 65 21 aux
1518 2973 91 34 soins
1629 2973 42 35 de
1690 2973 32 34 la
1743 2986 87 30 peau
1852 2986 75 22 sera
1948 2974 197 34 déterminé
2165 2986 63 30 par

1260 3031 57 20 son
1334 3018 253 42 tempérament
1603 3018 210 42 particulier.

1301 3063 168 42 Quelques
1483 3064 120 40 jeunes
1619 3062 143 34 femmes
1778 3062 43 34 de
1845 3063 203 43 vingt-cinq
2076 3075 61 21 ans
2163 3071 63 24 ont

1261 3119 114 22 encore
1390 3107 29 34 le
1436 3107 89 33 teint
1541 3106 130 43 parfait
1687 3107 42 34 de
1746 3107 72 33 leur
1833 3108 175 41 jeunesse,
2024 3107 118 34 tandis
2160 3120 67 29 que

1261 3151 157 41 d'autres,
1437 3164 61 29 par
1520 3151 179 34 mauvaise
1714 3152 99 33 santé
1828 3164 44 21 ou
1890 3164 64 29 par
1970 3151 189 41 nervosité,
2182 3164 42 20 ou

1261 3208 58 29 par
1335 3208 44 21 un
1394 3208 102 29 usage
1516 3196 200 42 imprudent
1733 3196 42 33 de
1793 3196 237 42 cosmétiques
2044 3208 45 21 ou
2104 3208 122 21 encore

1260 3240 213 42 simplement
1490 3252 62 30 par
1568 3252 148 30 paresse,
1731 3248 64 26 ont
1812 3240 109 42 perdu
1941 3240 32 33 la
1993 3240 175 33 fraîcheur
2185 3239 41 34 de

1259 3283 67 34 leur
1344 3285 167 41 jeunesse,
1533 3284 60 43 qui
1615 3297 42 21 ne
1678 3285 72 32 leur
1771 3296 74 21 sera
1869 3284 133 34 rendue
2022 3284 107 43 qu'au
2153 3284 73 41 prix

1258 3328 99 34 d'une
1374 3329 173 33 attention
1566 3328 156 43 patiente
1740 3337 34 25 et
1793 3328 42 34 de
1853 3328 119 43 peines
1991 3328 148 34 infinies.
2180 3328 46 33 Le

1258 3373 115 42 lavage
1394 3373 180 43 quotidien
1595 3386 84 21 avec
1701 3386 45 20 un
1769 3373 43 33 de
1833 3386 55 20 ces
1911 3386 130 21 savons
2063 3371 164 44 parfaite-

1259 3426 91 25 ment
1367 3430 63 30 pur
1448 3418 86 33 dont
1552 3430 84 21 nous
1655 3430 109 22 avons
1782 3417 66 34 fait
1866 3418 160 33 mention
2045 3418 76 42 plus
2141 3417 86 33 haut

1258 3474 69 21 sera
1346 3462 86 34 alors
1451 3462 82 33 d'un
1552 3462 108 42 grand
1679 3474 148 22 secours.

1490 3563 155 23 SAGESSE
1671 3563 44 22 ET
1739 3563 247 22 PREVOYANCE

1303 3641 87 33 Pour
1410 3642 45 33 les
1477 3641 101 33 tissus
1600 3653 179 27 normaux,
1802 3640 31 33 la
1854 3641 111 34 lotion
1985 3654 45 20 ou
2052 3640 32 34 la
2104 3640 121 40 crème,

1259 3685 55 33 des
1333 3686 145 42 poudres
1498 3685 41 34 de
1558 3686 114 33 bonne
1690 3685 133 43 qualité
1841 3693 37 26 et
1895 3698 48 21 un
1963 3698 66 29 peu
2050 3685 42 33 de
2111 3697 114 29 rouge,

1259 3730 150 34 suffisent
1430 3730 30 34 le
1480 3730 75 42 plus
1578 3738 160 32 souvent,
1760 3729 87 34 mais
1870 3730 120 42 quand
2012 3742 68 21 une
2101 3728 125 34 femme

1258 3782 50 25 est
1339 3775 157 33 accablée
1528 3787 62 30 par
1615 3774 59 34 des
1706 3774 138 34 devoirs
1871 3782 36 25 et
1932 3773 59 34 des
2017 3774 141 41 charges
2185 3773 41 33 de

1258 3826 111 26 toutes
1393 3828 108 25 sortes
1526 3818 59 43 qui
1610 3819 31 33 la
1666 3818 177 42 fatiguent
1867 3826 37 25 et
1928 3818 232 42 l'empêchent
2184 3817 41 33 de

1258 3863 140 41 prendre
1419 3864 44 32 du
1486 3876 97 29 repos
1604 3871 34 26 et
1659 3863 41 33 de
1720 3862 188 40 l'exercice,
1931 3863 20 32 il
1973 3862 78 33 faut
2071 3862 88 33 alors
2180 3875 44 19 un

2281 2500 63 29 peu
2361 2487 74 42 plus
2451 2487 41 33 de
2507 2488 101 33 soins.
2646 2487 96 33 C'est
2756 2485 80 34 folie
2851 2485 18 33 à
2885 2484 62 34 elle
2962 2483 174 43 d'essayer
3151 2483 41 33 de
3208 2496 34 21 se

2281 2531 203 34 convaincre
2503 2532 122 43 qu'elle
2645 2544 40 21 ne
2704 2539 84 34 peut
2806 2539 142 25 trouver
2967 2528 29 33 le
3015 2536 112 34 temps
3147 2527 43 34 de
3209 2540 33 20 se

2283 2588 133 29 reposer
2453 2585 34 24 et
2524 2576 41 34 de
2601 2576 113 33 suivre
2751 2587 60 21 son
2850 2573 214 40 traitement,
3102 2584 58 22 car
3197 2572 44 33 les

2283 2621 147 33 instants
2458 2621 123 42 qu'elle
2608 2629 59 25 eut
2694 2619 177 34 consacrés
2900 2630 65 21 aux
2993 2617 90 33 soins
3112 2617 42 33 de
3182 2629 58 20 son

2282 2665 89 33 teint
2409 2664 87 34 alors
2537 2665 123 43 qu'elle
2699 2664 86 33 était
2825 2674 121 22 encore
2983 2662 104 40 jeune
3127 2669 116 25 seront

2283 2709 153 40 doublés,
2457 2710 117 42 triplés
2595 2722 44 21 ou
2661 2708 220 43 quadruplés,
2903 2706 193 42 lorsqu'elle
3118 2705 126 33 attein-

2284 2753 60 34 dra
2361 2753 30 33 la
2409 2755 175 32 maturité.
2623 2754 77 33 Une
2715 2752 63 34 fois
2795 2765 66 30 que
2877 2750 193 34 l'habitude
3087 2758 52 25 est
3155 2749 89 42 prise

2284 2798 41 33 de
2350 2810 178 22 consacrer
2553 2811 46 20 un
2624 2797 129 34 certain
2779 2805 111 33 temps
2916 2795 135 42 chaque
3075 2795 78 41 jour
3179 2807 66 20 aux

2283 2842 89 33 soins
2398 2843 208 41 personnels,
2631 2855 43 21 on
2698 2841 181 34 obtiendra
2904 2839 58 33 des
2988 2839 163 33 résultats
3177 2839 68 32 très

2283 2886 243 42 satisfaisants,
2545 2899 78 21 sans
2641 2885 226 43 s'apercevoir
2884 2884 41 33 de
2942 2883 139 33 l'effort.

2329 2931 47 33 La
2397 2931 103 42 jeune
2522 2931 126 34 femme
2670 2930 86 33 dont
2777 2930 31 33 la
2831 2929 55 33 vie
2908 2936 52 25 est
2982 2927 28 33 si
3033 2927 123 42 agitée,
3180 2940 66 29 que

2284 2976 45 32 les
2350 2975 176 34 désordres
2548 2988 150 21 nerveux
2717 2983 34 25 et
2771 2974 30 33 la
2822 2973 131 41 fatigue
2972 2980 65 25 ont
3056 2972 78 42 déjà
3155 2984 92 21 com-

2285 3019 116 34 mencé
2417 3019 19 34 à
2453 3020 31 33 la
2501 3032 171 30 marquer,
2688 3019 105 33 devra
2809 3018 114 33 suivre
2938 3024 309 34 courageusement

2284 3064 29 33 le
2332 3064 202 34 traitement
2553 3077 66 30 que
2639 3064 28 33 le
2686 3063 192 42 spécialiste
2898 3061 243 33 recommande
3160 3072 87 30 pour

2283 3109 45 33 les
2355 3108 142 34 femmes
2524 3109 75 42 plus
2626 3108 82 42 âgées
2708 3108 42 42 :
2777 3107 85 34 c'est
2887 3118 66 20 une
2980 3113 93 25 sorte
3098 3105 41 33 de
3166 3104 81 42 pâte

2284 3165 85 30 pour
2388 3152 29 34 le
2435 3153 116 42 visage
2569 3153 85 33 faite
2672 3152 104 33 d'une
2793 3151 187 33 substance
3000 3149 105 41 noire,
3124 3149 124 41 légère-

2285 3205 94 25 ment
2395 3197 160 41 collante,
2573 3210 67 30 que
2657 3196 67 33 l'on
2742 3195 103 34 étend
2864 3206 84 22 avec
2965 3206 46 20 un
3030 3193 97 42 doigt
3144 3205 56 21 sur
3218 3193 28 32 le

2284 3241 126 41 visage,
2425 3253 57 21 sur
2495 3242 29 33 le
2539 3249 152 32 menton,
2707 3240 146 33 derrière
2866 3239 46 33 les
2926 3237 133 34 oreilles
3073 3246 35 25 et
3122 3246 124 24 autour

2284 3285 57 34 des
2365 3298 99 29 yeux,
2487 3286 177 42 obligeant
2686 3285 18 32 à
2728 3296 46 21 un
2797 3295 98 31 repos
2919 3282 153 42 complet
3095 3294 86 30 pour
3203 3293 41 21 au

2285 3329 108 34 moins
2411 3342 66 21 une
2495 3330 121 41 heure;
2635 3330 18 33 à
2671 3341 133 21 mesure
2822 3341 67 30 que
2907 3327 30 33 la
2956 3326 83 42 pâte
3056 3326 109 41 sèche,
3184 3325 61 34 elle

2284 3373 105 43 prend
2407 3387 65 21 une
2488 3375 108 33 teinte
2611 3374 41 34 de
2668 3373 75 42 plus
2759 3385 41 21 en
2816 3373 76 42 plus
2908 3370 103 35 claire
3026 3379 35 25 et
3076 3371 46 33 les
3138 3370 109 42 ingré-

2284 3418 112 34 dients
2413 3427 239 26 commencent
2669 3418 17 33 à
2704 3418 131 42 opérer.
2876 3417 154 40 Lorsque
3048 3415 30 34 la
3097 3415 80 43 pâte
3194 3423 51 25 est

2284 3463 154 33 devenue
2464 3464 65 41 gris
2554 3463 93 41 clair,
2673 3462 31 34 la
2729 3462 146 42 vigueur
2900 3460 45 33 du
2971 3459 118 43 visage
3114 3472 78 21 sous
3218 3459 30 34 le

2285 3520 142 30 masque
2446 3516 52 25 est
2517 3507 213 40 renouvelée,
2751 3507 32 32 la
2804 3506 82 42 pâte
2906 3512 53 26 est
2977 3504 151 41 enlevée,
3149 3512 34 25 et
3202 3516 44 20 on

2285 3564 98 30 passe
2399 3552 133 34 ensuite
2549 3565 67 21 une
2632 3552 111 33 crème
2760 3563 58 21 sur
2834 3550 30 34 le
2881 3549 128 41 visage.

2327 3596 79 34 Tels
2422 3605 79 25 sont
2516 3597 246 43 quelques-uns
2779 3595 58 34 des
2855 3593 204 44 principaux
3074 3593 90 33 soins
3181 3605 67 29 que

2286 3649 76 34 trop
2385 3640 42 34 de
2448 3640 141 35 femmes
2610 3649 64 25 ont
2695 3653 67 20 une
2785 3638 172 35 tendance
2979 3637 17 33 à
3021 3638 159 41 négliger,
3203 3649 43 21 ou

2284 3698 37 21 ce
2340 3685 59 43 qui
2419 3694 52 24 est
2490 3686 81 42 pire,
2593 3686 18 33 à
2632 3684 198 42 dédaigner.
2875 3682 90 34 Elles
2986 3694 42 21 ne
3048 3695 34 20 se
3103 3681 146 34 rendent

2285 3742 59 29 pas
2368 3738 137 34 compte
2527 3731 107 42 qu'un
2658 3742 65 30 peu
2747 3728 140 33 d'effort
2910 3726 133 43 chaque
3064 3727 89 41 jour,
3176 3726 73 33 leur

2284 3774 147 42 épargne
2477 3774 45 34 les
2569 3774 155 34 terribles
2772 3771 208 35 révélations
3027 3770 45 33 du
3121 3770 127 41 miroir,

2284 3818 207 42 lorsqu'elles
2508 3832 40 20 ne
2563 3826 154 35 peuvent
2732 3817 75 42 plus
2823 3824 157 33 compter
2995 3827 57 20 sur
3066 3815 29 34 le
3111 3815 138 33 charme

2280 3862 41 34 de
2340 3863 30 33 la
2387 3863 157 41 jeunesse
2563 3875 87 31 pour
2669 3874 133 21 assurer
2821 3862 72 32 leur
2914 3859 167 34 bonheur.

128 4377 51 33 On
218 4385 78 34 peut
336 4377 168 42 préférer
504 4377 57 42 un

127 4422 118 33 service
272 4422 39 32 de
340 4421 119 34 toilette
485 4423 77 33 dont

127 4467 45 32 les
223 4466 110 42 pièces
385 4466 178 42 répondent

128 4523 72 20 avec
231 4510 171 43 précision
434 4524 44 20 au
509 4512 54 32 dé-

128 4555 112 33 sordre
295 4555 174 33 charmant
523 4557 38 32 de

122 4600 137 40 flacons
259 4600 87 40 aux
364 4600 126 42 formes
514 4600 49 34 bi-

127 4656 108 21 zarres
261 4652 29 25 et
316 4656 83 21 sans
425 4653 137 33 rapport

126 4689 46 32 les
197 4701 65 21 uns
284 4696 74 25 avec
384 4689 46 32 les
452 4697 110 26 autres

307 4794 22 21 D

2910 4389 60 33 Les
2994 4389 131 42 lotions,
3151 4391 46 33 les
3222 4391 119 34 crèmes

2907 4441 28 25 et
2949 4434 46 33 les
3009 4435 153 41 produits
3176 4435 39 33 de
3229 4436 113 33 beauté

2909 4486 161 33 prennent
3118 4492 65 21 une
3230 4481 112 33 valeur

2908 4522 178 35 décorative
3106 4524 168 42 lorsqu'on
3296 4526 46 32 les

2908 4579 148 21 conserve
3084 4569 85 33 dans
3198 4569 55 32 des
3276 4570 66 40 fla-

2907 4624 78 20 cons
2996 4624 39 20 en
3044 4613 114 33 cristal
3167 4613 83 33 clair
3260 4613 83 34 d'un

2907 4663 54 26 ton
3000 4656 123 34 délicat
3123 4656 62 34 et
3227 4659 120 32 assorti

2909 4712 66 21 aux
3022 4702 150 33 couleurs
3224 4702 123 35 aimées
