3725 5129
331 221 18 32 8
3323 186 240 42 rOGUE

331 221 18 32 8

1457 2499 157 35 CHERUIT

2233 2521 138 21 LANVIN

787 2693 45 33 Le
851 2693 67 33 rêve
937 2701 86 34 pour
1043 2694 153 41 parfaire
1214 2707 39 21 sa
1273 2696 120 32 toilette
1412 2696 45 33 du
1477 2696 106 33 matin
1602 2696 99 33 serait

787 2750 33 20 ce
849 2738 154 41 peignoir
1031 2738 39 32 de
1099 2738 116 34 broché
1243 2752 72 21 rose
1343 2741 117 32 doublé
1488 2741 38 32 de
1554 2741 150 32 duvetine

785 2783 83 32 d'un
880 2790 55 25 ton
948 2783 78 41 plus
1036 2790 143 26 soutenu
1192 2796 61 29 que
1264 2785 29 32 le
1304 2785 132 33 dessus:
1447 2785 85 33 dans
1542 2786 46 32 les
1601 2786 104 33 ovales

787 2834 44 26 se
831 2834 148 26 trouvent
991 2827 55 33 des
1057 2827 133 34 dessins
1208 2830 229 41 représentant
1454 2831 55 32 des
1526 2830 179 33 danseuses

2272 2692 88 32 Robe
2382 2692 199 32 d'intérieur
2604 2704 39 20 en
2667 2691 93 41 crêpe
2788 2691 104 32 Turco
2916 2703 70 20 rose
3009 2690 75 42 pâle
3107 2690 77 32 dont

2269 2737 178 40 l'élégance
2470 2744 46 25 est
2538 2743 179 26 recouverte
2739 2736 82 32 d'un
2845 2735 159 33 immense
3027 2742 158 26 manteau

2271 2781 78 33 orné
2367 2781 102 33 d'une
2488 2781 133 41 étrange
2637 2780 145 33 broderie
2800 2780 38 32 de
2855 2792 117 20 menus
2988 2779 199 42 coquillages

2270 2826 80 32 dont
2373 2826 47 32 les
2439 2826 93 32 coins
2558 2826 155 32 viennent
2739 2825 174 32 s'attacher
2940 2836 68 21 aux
3035 2824 151 42 poignets

445 2941 221 33 contestable
681 2954 57 20 car
753 2942 26 32 si
794 2942 33 33 la
842 2941 110 34 forme
967 2942 43 33 de
1025 2943 32 32 la
1073 2943 83 33 robe
1169 2956 46 20 ou
1230 2957 47 20 un
1293 2957 143 21 mouve-

446 2994 98 24 ment
567 2986 145 33 laissent
736 2986 202 42 apercevoir
961 2999 48 20 un
1034 3000 67 29 peu
1126 2988 43 33 de
1192 2988 32 33 la
1249 2989 141 42 lingerie
1415 2990 21 32 il

446 3039 53 24 est
519 3039 111 24 certes
650 3031 77 41 plus
747 3031 140 41 élégant
907 3044 68 29 que
995 3032 47 32 les
1063 3032 91 33 deux
1175 3033 127 34 teintes
1323 3035 114 33 soient

447 3075 171 41 pareilles.
670 3075 183 34 Certaines
881 3088 144 29 parures
1054 3085 81 25 sont
1162 3077 86 33 d'un
1276 3079 78 33 luxe
1381 3092 57 20 ex-

447 3128 194 32 travagant
667 3128 36 24 et
729 3132 63 29 pas
820 3120 113 33 moins
961 3120 44 34 de
1032 3121 85 33 trois
1145 3134 44 20 ou
1219 3132 126 33 quatre
1372 3124 66 32 dif-

447 3163 152 33 férentes
624 3172 109 25 sortes
758 3164 43 33 de
826 3164 169 34 dentelles
1021 3174 81 25 sont
1125 3167 199 42 employées
1350 3181 88 29 pour

448 3207 46 33 les
517 3207 99 34 faire.
661 3208 140 41 Malgré
824 3209 47 33 les
894 3209 192 34 tendances
1109 3210 47 33 du
1180 3222 158 24 moment
1360 3225 78 21 vers

448 3252 46 32 les
521 3252 121 33 choses
669 3252 153 42 simples,
849 3254 172 33 certaines
1047 3254 146 34 femmes
1220 3266 126 24 savent
1371 3270 68 29 que

448 3296 74 32 leur
542 3296 130 33 beauté
694 3297 182 33 ressortira
897 3298 117 33 mieux
1035 3298 43 34 de
1098 3300 122 33 choses
1241 3302 197 41 originales,

448 3340 80 32 elles
551 3349 210 25 trouveront
782 3354 47 20 un
852 3342 101 33 choix
975 3343 185 34 abondant
1182 3346 84 33 chez
1288 3347 150 40 Lanvin,

449 3392 143 25 surtout
617 3397 42 20 en
685 3385 168 34 chemises
881 3386 42 33 de
950 3387 78 33 nuit
1054 3387 88 34 dont
1168 3389 92 34 deux
1286 3391 153 33 modèles

450 3437 81 24 sont
550 3429 199 41 reproduits
770 3442 43 20 au
835 3431 89 32 haut
943 3431 43 33 de
1006 3432 31 32 la
1058 3445 88 29 page
1167 3443 30 32 7.
1242 3434 30 33 A
1293 3436 144 40 gauche,

450 3485 87 20 nous
566 3486 42 20 en
636 3486 135 29 voyons
800 3487 68 20 une
897 3488 42 20 en
967 3476 92 33 voile
1087 3477 104 42 triple
1220 3479 85 33 d'un
1334 3493 106 28 rouge

450 3517 106 32 corail
593 3517 69 33 très
698 3518 61 33 vif.
820 3519 76 33 Elle
931 3528 54 25 est
1020 3521 132 42 coupée
1188 3531 102 26 toute
1326 3525 114 32 droite

450 3561 124 41 plissée
592 3561 134 34 devant
743 3571 35 24 et
795 3562 150 35 derrière
963 3576 85 21 avec
1065 3578 68 21 une
1151 3576 148 26 couture
1317 3581 58 20 sur
1392 3569 47 33 les

450 3606 108 32 côtés.
603 3606 64 33 Les
690 3607 119 41 plissés
831 3616 82 24 sont
933 3608 43 33 de
997 3609 136 43 chaque
1154 3612 79 32 côté
1255 3614 184 32 continués

450 3662 64 29 par
536 3662 48 20 un
607 3651 124 33 volant
758 3651 108 33 brodé
893 3665 42 20 en
963 3653 76 33 noir
1065 3663 35 24 et
1127 3655 85 43 blanc
1212 3655 44 43 ;
1284 3667 100 24 toute
1408 3658 32 33 la

451 3694 149 33 manche
626 3695 153 41 kimono,
805 3696 94 42 large
924 3705 35 25 et
983 3710 126 29 vague,
1128 3708 54 25 est
1207 3701 130 34 brodée
1355 3703 85 32 d'un

451 3737 115 34 dessin
584 3739 76 32 noir
676 3748 35 24 et
727 3740 103 33 blanc
847 3753 41 21 en
905 3742 208 34 vermicelle.
1154 3744 98 35 Celle
1268 3746 43 34 de
1327 3747 114 33 droite

452 3790 52 25 est
525 3795 41 20 en
588 3783 101 42 crêpe
708 3784 117 34 Turco
846 3798 75 20 rose
941 3786 69 33 très
1032 3787 89 41 pâle.
1166 3789 48 33 Le
1235 3790 62 33 dos
1319 3792 122 41 souple

452 3826 120 33 blouse
611 3836 35 24 et
684 3838 134 24 venant
856 3830 192 34 s'attacher
1085 3832 136 35 devant
1258 3835 112 34 forme
1409 3837 31 32 la

453 3874 158 30 manche.
639 3874 36 40 L
675 3874 167 40 ampleur
857 3883 52 24 est
925 3874 138 34 froncée

453 3927 57 20 sur
534 3915 46 33 les
605 3916 96 33 côtés
726 3926 35 24 et
784 3918 32 32 la
841 3919 156 33 ceinture
1022 3920 42 33 de

454 3959 112 33 même
580 3960 87 32 tissu
682 3970 54 24 est
749 3962 93 33 aussi
856 3963 126 34 étroite
996 3977 68 29 que

454 4004 162 41 possible.
675 4004 66 34 Ces
776 4007 100 33 robes
910 4008 43 33 de
988 4009 77 32 nuit

455 4056 80 24 sont
613 4056 117 26 toutes
810 4052 255 34 extrêmement

455 4100 148 32 courtes,
627 4095 177 39 peut-être
826 4108 89 29 pour
938 4109 42 21 ne
1003 4110 62 29 pas

456 4136 163 42 dépasser
662 4137 46 33 du
752 4139 187 41 peignoir
939 4139 126 41 moins

456 4181 81 40 long
554 4181 242 42 qu'autrefois.

502 4225 55 33 De
597 4226 193 34 nombreux
830 4229 152 33 modèles
1024 4230 43 33 de

458 4270 94 32 linon
585 4279 35 23 et
653 4270 42 34 de
727 4271 151 35 dentelle
910 4275 158 32 côtoient

460 4315 81 32 chez
574 4314 148 34 Chéruit
754 4315 59 34 des
848 4320 219 32 nouveautés

460 4359 259 43 sensationnelles
719 4359 49 43 ;
791 4373 67 21 une
879 4375 126 28 parure
1027 4363 43 34 de

301 4537 163 34 Adorable
519 4546 121 34 parure
694 4539 38 33 de

301 4582 83 34 chez
384 4582 133 34 Premet
533 4596 38 20 en
587 4583 93 41 crêpe
695 4584 38 32 de

304 4627 102 43 Chine
406 4627 121 43 garni
549 4628 37 32 de
613 4628 120 33 Valen-

303 4672 131 33 ciennes
471 4681 27 25 et
534 4673 38 32 de
608 4673 125 33 rubans

303 4717 109 33 étroits
467 4718 167 42 formants
696 4718 37 33 de

304 4763 92 41 longs
408 4762 92 34 nœuds
500 4762 93 34 très
608 4762 125 42 touffus

1487 2946 91 33 voile
1603 2958 149 28 marron,
1778 2944 113 43 garnie
1915 2942 40 34 de
1982 2943 92 41 large
2098 2942 151 34 dentelle
2273 2942 115 41 écrue,
2413 2950 54 25 est

1488 2999 80 24 tout
1602 3003 42 20 au
1679 2991 110 32 moins
1821 2987 161 43 originale
2017 2995 35 25 et
2085 2987 210 33 inattendue
2328 2999 138 21 comme

1489 3035 239 33 combinaison
1757 3034 41 33 de
1826 3043 88 23 tons.
1964 3032 80 33 Une
2073 3031 165 33 adorable
2267 3043 128 30 parure
2424 3031 43 33 de

1488 3080 101 41 crêpe
1611 3080 42 33 de
1675 3079 110 34 Chine
1807 3078 81 33 d'un
1911 3089 72 21 rose
2007 3076 128 33 délicat
2156 3084 53 25 est
2231 3076 132 41 coupée
2386 3075 82 33 sim-

1489 3125 156 41 plement
1664 3133 34 24 et
1717 3123 124 34 brodée
1860 3122 82 33 d'un
1961 3121 116 32 dessin
2097 3120 103 33 blanc
2219 3120 92 42 léger
2330 3132 137 21 comme

1489 3181 68 21 une
1589 3169 120 33 ombre
1741 3168 103 33 d'une
1876 3166 187 33 discrétion
2095 3165 219 33 charmante.
2372 3164 97 34 Chez

1490 3214 140 33 Premet
1658 3214 30 32 le
1715 3213 98 41 crêpe
1840 3211 41 34 de
1908 3210 111 33 Chine
2048 3218 52 25 est
2128 3209 161 42 employé
2318 3222 89 29 pour
2435 3209 32 32 la

1489 3258 141 42 lingerie
1658 3267 45 31 et,
1731 3269 133 21 comme
1891 3263 154 34 partout,
2075 3254 29 33 le
2132 3254 91 33 voile
2251 3254 104 42 triple
2378 3262 36 25 et
2438 3254 30 32 le

1490 3303 115 41 linon;
1639 3303 46 32 les
1717 3301 164 34 dentelles
1914 3308 78 24 sont
2026 3307 150 25 souvent
2209 3299 123 41 larges.
2388 3298 80 33 Une

1491 3347 110 42 petite
1623 3359 124 30 parure
1768 3354 52 25 est
1840 3345 101 33 ornée
1962 3344 42 33 de
2027 3344 109 40 larges
2160 3343 133 33 bandes
2316 3343 43 33 de
2382 3343 86 33 tulle

1491 3392 195 41 parsemées
1709 3389 214 44 d'appliqués
1946 3388 41 33 de
2009 3388 101 41 crêpe
2131 3387 42 34 de
2196 3387 114 34 Chine
2332 3400 137 20 comme

1490 3445 195 25 ornement.
1729 3436 48 32 La
1798 3433 126 43 grande
1944 3432 177 43 spécialité
2142 3432 41 33 de
2204 3432 32 33 la
2258 3432 136 33 maison
2415 3441 53 24 est

1491 3481 32 33 la
1545 3481 141 41 lingerie
1706 3492 87 30 pour
1813 3480 30 33 le
1864 3478 66 34 soir
1950 3477 85 33 faite
2056 3477 42 33 de
2119 3476 103 41 façon
2245 3477 18 33 à
2286 3489 38 21 ce
2346 3489 68 30 que
2435 3477 33 32 la

1492 3526 88 32 haut
1610 3526 67 32 soit
1707 3536 93 22 assez
1830 3523 112 42 ajusté
1971 3534 88 30 pour
2088 3534 67 29 que
2185 3521 70 33 l'on
2286 3522 117 41 puisse
2434 3533 34 21 se

1491 3583 120 29 passer
1642 3570 42 33 de
1715 3570 206 40 l'ennuyeux
1952 3567 269 40 soutien-gorge.
2277 3566 48 33 Le
2358 3565 110 42 grand

1490 3615 179 41 problème
1710 3614 29 33 le
1781 3613 67 33 soir
1889 3620 52 25 est
1985 3611 42 33 de
2071 3623 41 20 ne
2161 3623 62 29 pas
2275 3611 99 33 avoir
2425 3610 43 33 de

1492 3659 161 33 bretelles
1685 3671 43 20 ou
1762 3658 25 33 si
1820 3670 65 29 peu
1918 3656 140 42 qu'elles
2093 3668 41 20 ne
2168 3668 34 20 se
2236 3656 123 32 voient
2392 3668 74 29 pas.

1493 3704 152 40 Premet,
1667 3716 62 29 par
1761 3715 36 21 sa
1830 3714 119 29 coupe,
1979 3701 46 33 les
2055 3700 159 41 simplifie
2239 3700 18 32 à
2282 3712 69 21 une
2375 3700 93 33 seule

1492 3748 108 42 paire,
1631 3748 86 33 mais
1740 3760 37 20 ce
1802 3746 102 34 serait
1932 3757 121 21 encore
2082 3744 41 33 de
2153 3753 79 33 trop
2266 3744 88 33 dans
2388 3745 80 32 bien

1492 3793 60 33 des
1581 3805 58 21 cas
1669 3805 86 30 pour
1784 3800 97 25 notre
1909 3789 216 43 tranquillité
2155 3789 26 33 si
2209 3797 93 25 cette
2332 3789 136 33 maison

1493 3838 137 33 n'avait
1667 3850 40 21 eu
1749 3835 219 43 l'ingénieuse
2006 3834 74 33 idée
2119 3833 42 34 de
2199 3833 47 33 les
2292 3833 87 34 faire
2427 3833 43 33 de

1021 4778 148 21 PREMET

2677 4790 126 21 IIENRY
2827 4790 21 21 A
2879 4790 44 21 LA
2949 4783 141 29 PENSÉE

2520 2942 85 33 tulle
2638 2940 94 34 chair
2762 2940 58 42 qui
2851 2940 46 32 les
2929 2939 83 34 rend
3043 2940 87 32 ainsi
3164 2940 334 42 presqu'invisibles.

2562 2987 127 41 Jenny,
2706 2985 73 40 elle,
2797 2997 17 20 a
2831 2985 185 32 combattu
3034 2993 56 25 cet
3106 2985 104 32 ennui
3227 2985 138 33 d'autre
3381 2985 118 41 façon;

2519 3030 119 43 quand
2672 3030 46 32 les
2753 3041 217 29 ennuyeuses
3004 3030 161 32 bretelles
3199 3030 180 33 voudront
3413 3042 86 21 nous

2517 3076 101 41 jouer
2639 3075 29 33 le
2689 3074 106 33 vilain
2818 3082 81 25 tour
2920 3073 43 34 de
2985 3086 35 21 se
3042 3083 156 24 montrer
3221 3087 86 20 nous
3330 3086 169 30 pourrons

2520 3120 47 33 les
2583 3120 117 33 laisser
2717 3119 25 32 si
2760 3131 85 20 nous
2862 3118 130 33 faisons
3009 3131 136 21 comme
3161 3119 63 33 elle
3240 3120 71 41 qui,
3329 3132 87 29 pour
3432 3132 68 20 une

2520 3164 238 34 combinaison
2776 3163 42 33 de
2836 3164 209 33 mousseline
3063 3176 75 21 rose
3156 3164 117 41 garnie
3290 3164 42 33 de
3350 3164 150 33 dentelle

2522 3209 105 52 noire,
2653 3220 83 30 posa
2761 3208 58 33 des
2845 3208 140 33 chaînes
3011 3208 43 33 de
3079 3209 109 41 perles
3214 3208 42 34 de
3279 3209 66 41 jais
3372 3221 57 20 sur
3453 3209 47 32 les

2521 3254 151 41 épaules,
2690 3252 41 33 de
2748 3261 92 24 sorte
2857 3265 68 29 que
2942 3253 26 32 si
2985 3265 44 20 on
3048 3253 47 33 les
3113 3253 75 33 voit
3205 3253 79 33 elles
3302 3254 199 41 paraîtront

2521 3297 292 34 intentionnelles.
2857 3292 79 38 Une
2957 3306 100 25 autre
3078 3298 75 33 idée
3173 3298 42 33 de
3235 3298 117 42 Jenny
3373 3310 43 20 au
3437 3298 62 32 bas

2521 3343 42 33 de
2577 3343 32 33 la
2624 3355 86 29 page
2724 3343 20 31 6
2758 3350 51 24 est
2824 3342 206 34 charmante
3045 3351 34 24 et
3093 3342 143 42 originale
3236 3342 43 42 ;
3295 3355 66 21 une
3376 3355 125 29 parure

2521 3388 42 33 de
2589 3388 93 32 linon
2709 3399 74 20 rose
2808 3395 53 24 est
2887 3387 176 42 découpée
3089 3387 42 33 de
3157 3388 80 32 telle
3263 3387 101 41 façon
3391 3387 109 42 qu'un

2523 3432 110 33 ruban
2664 3431 73 33 noir
2766 3440 146 33 passant
2941 3444 62 29 par
3032 3433 46 32 les
3108 3432 112 33 fentes
3249 3432 116 33 donne
3393 3432 108 32 l'effet

2522 3477 84 32 d'un
2632 3475 131 34 damier
2788 3488 75 20 rose
2888 3485 34 24 et
2948 3476 85 33 noir.
3084 3477 28 32 Il
3139 3477 58 41 n'y
3223 3489 18 20 a
3268 3477 71 32 rien
3365 3476 42 34 de
3432 3476 69 33 très

2522 3521 200 42 particulier
2747 3532 87 30 pour
2860 3520 31 33 la
2918 3521 140 41 lingerie
3085 3521 78 33 sauf
3187 3521 59 33 des
3273 3521 124 33 détails
3423 3521 78 42 jolis

2522 3575 34 24 et
2581 3577 184 22 nouveaux
2787 3564 88 34 dont
2898 3566 96 33 Paris
3018 3574 52 25 est
3093 3567 159 41 toujours
3277 3566 167 42 prodigue
3467 3574 35 24 et

2522 3611 59 42 qui
2604 3619 79 25 sont
2706 3622 60 21 son
2790 3622 138 22 essence
2951 3612 122 32 même.
3120 3611 63 33 Les
3206 3611 143 41 longues
3372 3610 130 34 combi-

2522 3655 139 33 naisons
2680 3655 128 41 jupons
2829 3667 86 21 nous
2936 3655 117 34 furent
3074 3656 159 32 amenées
3254 3668 63 29 par
3336 3656 32 32 la
3388 3667 113 29 vogue

2521 3700 59 33 des
2605 3700 97 33 robes
2726 3699 42 33 de
2790 3699 137 33 velours
2951 3713 57 20 car
3030 3713 37 20 ce
3090 3700 85 33 tissu
3200 3700 108 33 frotte
3330 3709 120 24 contre
3473 3700 30 32 le

2522 3745 90 41 linge
2635 3753 35 24 et
2692 3744 46 32 les
2759 3744 119 41 jambe
2901 3745 163 33 salissant
3086 3745 30 33 le
3138 3745 170 42 pantalon
3331 3753 36 25 et
3388 3745 115 41 empê-

2521 3790 108 32 chant
2649 3788 52 33 de
2701 3788 177 33 marcher.
2922 3789 65 33 Ces
3008 3790 258 33 combinaisons
3287 3798 89 25 sont
3376 3798 126 25 toutes

2523 3834 130 32 droites
2680 3841 120 24 tenues
2828 3845 67 21 aux
2921 3834 140 42 épaules
3088 3847 63 38 par
3177 3834 58 33 des
3263 3835 129 32 rubans
3419 3846 85 21 avec

2899 3888 162 32 souvent,
3081 3881 143 37 devant,
3243 3892 68 20 une
3330 3881 178 39 garniture

2899 3923 43 34 de
2970 3924 88 33 belle
3086 3924 150 33 dentelle
3264 3924 244 41 s'apercevant

2899 3968 87 33 dans
3021 3968 214 34 l'ouverture
3270 3968 43 33 de
3347 3969 31 32 la
3415 3968 92 32 robe.

2900 4013 191 42 Beaucoup
3119 4013 43 33 de
3189 4013 151 33 dentelle
3369 4021 140 24 surtout

2900 4057 42 34 de
2966 4058 69 33 très
3059 4057 85 34 fines
3168 4070 136 21 comme
3328 4058 31 32 la
3383 4057 126 33 Valen-

2900 4103 137 33 ciennes
3086 4111 36 24 et
3170 4102 31 33 la
3250 4102 172 33 Malines

2900 4147 87 33 mais
3028 4147 69 33 très
3138 4159 66 29 peu
3246 4146 190 41 d'Irlande,
3477 4146 32 33 la

2900 4192 150 33 dentelle
3082 4192 27 32 si
3140 4191 71 33 fort
3242 4192 110 32 aimée
3384 4191 21 32 il
3437 4204 22 29 y
3491 4203 18 20 a

2901 4237 167 43 quelques
3093 4237 138 32 années.
3279 4237 47 32 Le
3349 4227 102 42 blanc
3475 4244 34 25 et

2901 4282 30 33 le
2953 4294 73 21 rose
3048 4281 78 42 pâle
3148 4289 78 25 sont
3248 4281 47 32 les
3318 4281 89 33 deux
3430 4289 78 24 tons

2900 4327 142 40 favoris,
3082 4326 86 33 mais
3213 4338 45 20 on
3301 4326 76 32 voit
3417 4324 91 34 aussi

3054 4371 110 40 (Suite
3189 4379 83 33 page
3297 4370 58 42 51)

3244 4555 49 33 Ils
3312 4563 108 25 seront
3439 4554 156 33 délicieux

3242 4600 53 33 le
3295 4600 125 33 minois
3420 4600 126 33 d'une
3576 4596 25 32 P

3243 4644 130 33 sienne
3373 4644 74 33 ces
3447 4644 151 33 bonnets

3246 4688 118 36 matin
3364 4688 59 36 en
3423 4688 138 36 tulle,
3561 4688 40 36 >

3247 4734 78 32 orné
3338 4734 38 32 de
3390 4734 135 32 boutons
3539 4731 35 32 de
3588 4741 11 19 r

3246 4787 28 24 et
3292 4779 119 33 l'autre
3428 4778 37 32 de
3484 4776 99 34 ruban
