3647 5083
268 217 24 40 i
292 217 38 40 S
388 204 261 53 Janvier
3229 222 41 35 39

309 343 61 32 Les
398 344 124 34 soiries
522 344 187 34 brillantes
735 343 39 33 de

308 387 93 42 Lyon
401 387 93 42 sont
494 387 77 42 un
595 387 65 34 des
660 387 114 34 tissus

305 432 48 33 les
377 433 81 42 plus
479 432 179 35 recherchés
679 439 27 26 et
727 432 47 33 les

308 477 81 42 plus
416 490 42 22 en
477 480 116 42 faveur
618 485 84 34 pour
727 476 47 34 les

476 521 138 43 négligés

264 1678 229 76 LES
638 1658 672 100 NÉGLIGÉS
1462 1678 902 76 DEVIENNENT
2512 1676 752 87 PRATIQUES

1036 1849 204 47 Heures
1289 1848 57 47 de
1391 1861 200 45 paresse
1640 1861 64 30 ou
1756 1843 183 49 heures
2000 1844 65 49 de
2123 1845 211 48 détente
2381 1843 113 48 font

1037 2015 422 47 inévitablement
1502 2012 166 59 partie
1708 2010 62 48 de
1811 2011 46 48 la
1898 2012 222 60 journée
2161 2012 155 48 d'une
2356 2009 137 49 Pari-

1035 2180 194 57 sienne,
1261 2178 81 62 qui
1369 2175 182 49 choisit
1577 2192 132 44 pour
1743 2173 104 49 cela
1884 2175 90 48 des
2013 2176 150 48 robes
2196 2185 294 38 amusantes

270 1842 43 100 J

323 1842 156 35 AMAIS
508 1843 288 35 l'intellectualité
826 1857 41 21 ne

349 1899 35 21 se
420 1888 88 34 mêla
544 1900 84 21 avec
662 1896 127 26 autant
823 1889 42 33 de

349 1931 140 35 charme
505 1945 65 21 aux
586 1932 170 33 créations
774 1934 41 32 de
832 1934 31 32 la

263 1988 126 30 parure
408 1985 35 24 et
462 1978 44 32 du
525 1978 101 32 cadre
645 1978 86 31 dans
750 1978 112 42 lequel

262 2033 45 20 on
332 2020 64 33 vit.
445 2021 183 41 Beaucoup
652 2020 43 34 de
718 2020 144 35 femmes

263 2065 166 33 cultivées
452 2066 168 42 adaptent
640 2064 73 33 leur
734 2074 86 34 type
842 2066 19 32 à

264 2121 66 21 une
347 2109 134 42 époque
497 2118 34 25 et
548 2109 18 33 à
583 2121 45 20 un
645 2121 216 31 personnage

261 2153 42 33 de
328 2161 92 25 cette
444 2154 143 42 époque.
628 2153 56 33 De
708 2153 44 42 là,
780 2166 79 22 sans

259 2198 117 39 doute,
396 2209 132 23 comme
545 2206 116 25 toutes
680 2209 42 22 ne
741 2199 119 42 s'hyp-

258 2241 153 33 notisent
428 2254 61 29 pas
507 2254 58 21 sur
582 2241 30 33 le
629 2242 113 34 même
761 2251 96 35 type,

255 2293 92 26 cette
388 2294 92 25 sorte
521 2285 234 35 d'éclectisme
798 2287 60 43 qui
881 2330 6 11 1

254 2329 125 33 résulte
395 2337 35 25 et
446 2331 162 41 apparaît
624 2329 87 35 dans
728 2344 62 21 nos
808 2328 132 37 modes.
980 2332 100 35 Telle
1097 2334 92 32 aime
1204 2333 30 34 le

253 2374 164 33 Watteau
450 2387 103 29 parce
584 2374 125 42 qu'elle
740 2376 137 43 évoque
910 2375 30 34 le
973 2384 88 35 type
1093 2378 60 33 des
1186 2378 46 32 du

253 2419 122 41 Barry,
395 2418 81 34 telle
495 2428 99 25 autre
611 2419 82 41 joue
712 2419 47 35 les
779 2419 157 43 Eugénie
956 2420 177 44 Grandet,
1153 2422 81 34 telle

250 2471 112 32 autre,
383 2462 81 34 bien
482 2463 152 42 éloignée
654 2463 59 34 des
733 2464 91 34 deux
843 2465 202 42 premières,
1067 2480 36 20 se
1124 2467 108 41 prend

250 2519 79 21 sans
361 2519 94 22 cesse
483 2520 87 30 pour
598 2520 68 21 une
695 2509 174 41 princesse
899 2509 169 36 hindoue.
1122 2511 111 33 N'ou-

250 2552 113 33 blions
390 2563 62 30 pas
477 2553 46 33 les
549 2552 127 42 éprises
702 2552 42 35 de
770 2554 208 33 miniatures
1005 2567 166 30 persanes
1198 2564 34 25 et

249 2596 59 33 des
344 2596 115 33 icônes
492 2609 109 21 russes
635 2597 86 33 dans
755 2597 147 44 lesquels
937 2598 19 33 à
992 2599 126 34 l'infini
1152 2599 79 34 elles

250 2640 195 43 puiseront,
475 2650 34 25 et
537 2641 58 34 des
625 2641 157 35 couleurs
812 2650 36 27 et
877 2641 61 34 des
969 2643 144 43 formes,
1145 2657 87 29 pour

250 2697 103 31 parer
386 2679 87 39 dans
504 2698 46 21 un
583 2685 103 34 décor
718 2687 183 34 recherché
934 2699 71 22 une
1039 2690 57 32 sil-

251 2730 148 33 houette
416 2729 193 43 d'élégance
626 2739 36 24 et
678 2730 43 34 de
739 2731 138 34 beauté.

296 2774 49 34 Le
367 2774 87 41 goût
473 2774 40 35 de
533 2775 32 33 la
586 2775 140 33 couleur
746 2785 53 25 est
819 2776 163 34 essentiel
1005 2790 91 30 pour

252 2831 184 29 composer
465 2832 52 21 ces
549 2819 97 33 robes
678 2819 43 34 de
752 2821 135 33 maison
919 2821 88 42 qu'il
1039 2831 55 25 est

252 2864 188 33 charmant
456 2863 40 34 de
512 2872 115 34 porter
644 2864 112 34 même
773 2866 18 33 à
810 2865 79 41 cinq
908 2864 125 36 heures
1049 2880 44 20 au

253 2907 78 34 coin
358 2906 44 35 de
429 2920 59 21 son
512 2908 55 34 feu
594 2920 63 30 par
682 2908 46 34 les
755 2909 64 34 fins
847 2909 245 42 d'après-midi

254 2952 167 33 frileuses.
456 2953 39 41 Je
507 2965 52 21 me
571 2952 160 34 souviens
744 2954 84 33 d'un
842 2965 249 31 arrangement

256 2997 59 42 qui
356 3008 55 22 me
450 2996 139 34 séduisit
627 2998 333 42 particulièrement,
1002 3001 89 33 celui

257 3041 100 42 porté
378 3053 64 29 par
462 3042 29 33 le
510 3042 227 34 Gouverneur
758 3043 42 34 de
822 3043 100 33 Lima
945 3043 89 35 dans
1058 3045 31 32 la

259 3085 93 42 pièce
375 3081 43 38 de
440 3086 148 33 Mérimée
661 3087 46 32 Le
731 3087 147 34 Carosse
901 3087 47 33 du
974 3088 117 34 Saint-

259 3130 252 43 Sacrement";
529 3131 51 42 j'y
599 3130 51 33 vis
672 3130 31 33 là
727 3144 68 21 non
817 3143 79 22 sans
918 3132 117 35 raison
1058 3134 31 33 la

259 3186 123 31 parure
394 3174 100 35 d'une
504 3175 122 34 femme
640 3176 285 34 moëlleusement
938 3177 154 34 étendue

258 3231 58 20 sur
347 3230 61 21 son
438 3219 112 34 divan.
603 3219 99 34 Faite
733 3220 105 34 d'une
869 3232 117 29 grosse
1018 3223 72 33 soie

292 3263 114 41 orange
479 3276 54 21 sur
555 3263 144 43 laquelle
723 3264 59 35 des
806 3266 91 32 lotus
915 3265 43 34 de
977 3266 111 43 larges

255 3307 211 33 dimensions
504 3308 128 34 étaient
672 3309 99 33 tissés
805 3310 86 33 dans
925 3309 47 34 les
1007 3319 81 26 tons

254 3351 163 40 violents,
466 3365 79 21 avec
585 3352 31 34 la
658 3353 146 41 légèreté
853 3353 59 34 des
955 3356 132 34 vieilles

906 4647 44 33 Ce
979 4649 127 42 négligé
1128 4648 70 43 fait
1227 4650 38 33 de
1293 4650 130 42 taffetas
1451 4648 39 33 de
1519 4649 88 43 184.0

903 4692 185 43 changeant
1106 4701 29 26 et
1154 4694 78 33 orné
1250 4694 39 34 de
1307 4694 76 43 pois
1401 4700 47 26 est
1466 4693 140 34 terminé

904 4745 63 33 par
1001 4751 47 21 un
1082 4738 49 33 col
1161 4745 29 26 et
1222 4739 56 33 des
1308 4751 102 21 revers
1441 4737 39 33 de
1514 4738 91 33 satin

1285 2333 155 34 dentelles
1475 2341 136 25 sortant
1633 2345 41 21 en
1698 2344 135 21 mousse
1856 2332 43 34 de
1921 2332 192 35 l'encolure
2135 2342 36 25 et
2193 2333 60 34 des

1285 2378 165 39 manches,
1488 2377 120 34 c'était
1640 2377 78 33 bien
1752 2388 67 21 une
1860 2377 84 33 robe
1981 2378 150 34 trouvée
2164 2389 89 31 pour

1284 2423 29 33 la
1331 2422 139 33 maison.

1325 2468 93 41 Lyon
1434 2465 157 43 fabrique
1607 2466 98 33 sinon
1721 2465 19 33 à
1756 2473 93 26 cette
1870 2466 191 41 intention,
2078 2467 47 32 du
2143 2467 112 33 moins

1284 2524 116 29 propre
1418 2511 17 32 à
1455 2518 54 25 cet
1526 2511 93 41 effet,
1639 2510 58 33 des
1717 2510 103 33 tissus
1840 2510 42 34 de
1907 2510 71 34 soie
1997 2510 90 34 dans
2107 2511 148 42 lesquels

1285 2568 78 21 nous
1388 2555 159 33 n'aurons
1573 2555 81 43 qu'à
1680 2554 125 43 puiser,
1839 2555 87 33 mais
1952 2567 71 21 une
2048 2555 61 34 des
2136 2556 120 33 choses

1283 2599 198 35 essentielles
1506 2612 73 21 sera
1604 2600 43 33 de
1671 2607 117 34 porter
1813 2611 53 21 ces
1898 2599 114 41 robes,
2039 2608 151 33 courtes,
2216 2612 41 20 ne

1283 2645 180 43 dépassant
1501 2656 61 30 pas
1603 2645 32 33 la
1675 2643 156 42 cheville,
1881 2644 218 42 lorsqu'elles
2141 2653 116 25 seront

1312 4424 47 32 La
1379 4421 92 35 mode
1491 4434 20 21 a
1530 4421 202 43 d'imprévus
1751 4429 28 26 et
1801 4430 176 26 amusants
1996 4435 49 20 re-

1309 4476 90 25 tours
1433 4478 69 21 vers
1536 4467 30 33 le
1602 4466 109 43 passé.
1772 4465 88 35 Cette
1896 4466 73 34 robe
2006 4466 39 34 de

1308 4512 124 33 velours
1463 4512 112 33 aurait
1606 4519 48 34 pu
1684 4511 63 33 être
1777 4511 110 41 portée
1916 4519 64 34 par
2010 4511 34 34 la

1308 4556 116 34 célèbre
1440 4556 203 33 romancière
1657 4554 149 43 anglaise
1819 4556 121 42 George
1953 4555 91 34 Eliot

2667 1839 171 33 destinées
2869 1839 19 33 à
2919 1839 31 33 la
2981 1839 152 34 matinée
3162 1839 106 33 seule-

2666 1892 108 25 ment.
2831 1883 112 34 Celles
2964 1884 137 42 portées
3128 1883 139 42 l'après-

2666 1928 95 41 midi,
2822 1936 129 32 seront,
3014 1940 63 30 par
3134 1936 130 32 contre,

2665 1973 153 41 longues,
2860 1972 141 43 jusqu'à
3045 1984 149 22 caresser
3236 1971 29 34 le

2665 2017 91 42 pied,
2771 2029 42 21 en
2827 2017 72 33 cela
2915 2016 155 43 pareilles
3086 2029 65 20 aux
3166 2016 97 33 robes

2665 2061 43 34 de
2732 2061 164 34 chambre
2921 2061 59 34 des
3006 2061 153 33 hommes
3185 2072 77 21 sous

2665 2106 31 33 la
2714 2106 262 33 Restauration.

2710 2150 63 33 Les
2799 2150 103 33 tissus
2928 2150 26 33 si
2980 2149 91 33 doux
3095 2149 57 42 qui
3178 2160 84 22 nous

2666 2203 79 24 sont
2763 2194 163 43 proposés
2945 2194 86 33 dans
3049 2194 46 33 les
3113 2193 150 42 lainages

2665 2239 43 33 de
2726 2247 92 25 cette
2836 2239 145 40 maison,
3001 2238 169 33 semblent
3188 2249 77 31 par-

2667 2283 254 34 ticulièrement
2960 2277 150 39 destinés
3151 2282 18 33 à
3211 2294 53 21 ces

2311 2341 138 32 parures
2483 2327 208 34 douillettes.
2742 2328 54 32 En
2821 2327 124 34 dehors
2975 2326 46 34 du
3054 2326 136 34 velours
3225 2326 42 34 de

2310 2376 99 40 laine,
2445 2374 31 32 la
2507 2371 178 35 Velursine
2719 2380 35 25 et
2787 2372 32 33 la
2854 2371 178 43 Drapella,
3067 2371 31 34 le
3131 2370 136 34 velours

2313 2419 132 35 Salomé
2473 2425 35 26 et
2534 2416 31 33 la
2593 2416 216 41 Mouflonne,
2829 2416 196 34 donneront
3044 2415 30 34 le
3092 2427 175 21 summum

2310 2464 42 34 de
2378 2464 32 33 la
2437 2461 142 40 tiédeur,
2599 2460 87 33 alors
2714 2473 67 29 que
2811 2460 30 34 le
2870 2460 141 34 taffetas
3042 2460 18 33 à
3090 2460 102 33 fleurs
3222 2472 44 21 ou

2310 2510 69 40 uni,
2401 2509 29 32 le
2451 2518 75 30 gros
2556 2505 90 33 satin
2667 2513 35 25 et
2730 2505 29 33 le
2780 2505 126 33 broché
2932 2504 143 42 antique
3101 2516 41 21 ne
3173 2504 95 33 vien-

2310 2555 103 33 dront
2432 2564 67 30 que
2519 2562 86 30 pour
2623 2549 31 33 la
2676 2549 89 33 demi
2786 2549 126 33 saison.
2961 2548 31 33 A
3009 2549 98 41 Lyon
3134 2560 132 28 encore,

2308 2612 45 20 on
2393 2595 159 42 fabrique
2592 2606 87 30 pour
2719 2593 184 43 l'expédier
2946 2606 43 20 au
3033 2593 124 33 Maroc
3200 2605 67 20 une

2307 2643 151 34 certaine
2490 2639 69 33 soie
2587 2638 68 33 très
2688 2646 182 25 amusante
2899 2637 41 34 de
2965 2637 120 33 coloris
3110 2637 87 33 dont
3221 2637 45 33 les

2435 2684 129 34 dessins
2583 2691 79 25 sont
2683 2682 142 43 inspirés
2844 2682 59 34 des
2922 2682 129 33 dessins
3074 2682 190 32 marocains

2435 2737 36 26 et
2507 2727 59 43 qui
2604 2739 18 21 a
2659 2727 110 33 là-bas
2813 2739 47 21 un
2896 2726 115 34 succès
3056 2725 44 42 fou
3100 2725 33 42 ;
3174 2725 90 33 l'une

2434 2773 59 34 des
2526 2772 97 33 robes
2660 2771 42 33 de
2732 2771 163 34 chambre
2925 2770 43 34 de
3006 2770 53 33 M.
3100 2769 163 34 Brissaud

2435 2826 53 26 est
2516 2817 193 42 justement
2738 2815 125 34 voulue
2893 2827 88 31 pour
3012 2814 131 34 utiliser
3174 2822 90 25 cette

2435 2862 69 34 soie
2522 2861 156 42 typique.

2482 2906 68 33 Car
2581 2905 32 33 la
2647 2904 79 34 robe
2758 2904 41 33 de
2825 2904 163 33 chambre
3014 2903 89 33 n'est
3127 2902 75 43 plus
3228 2915 37 21 ce

2435 2949 125 44 qu'elle
2591 2949 55 33 fut
2678 2948 26 33 si
2736 2948 193 42 longtemps
2961 2947 86 34 c'est
3078 2947 19 34 à
3122 2947 72 33 dire
3218 2959 47 21 un

2434 2995 179 33 vêtement
2629 2993 42 33 de
2688 2992 153 34 vieillard
2859 3005 43 21 ou
2921 2991 188 43 d'égrotant
3109 2991 34 43 ;
3143 2991 85 43 elle
3228 2991 36 43 a

2436 3038 104 43 repris
2570 3038 29 33 le
2629 3037 68 33 rôle
2728 3036 123 44 qu'elle
2880 3037 83 42 joua
2996 3048 79 22 sous
3108 3036 157 42 l'époque

2435 3082 250 42 Louis-Philippe
2685 3082 51 42 ;
2760 3081 62 34 elle
2846 3089 53 25 est
2923 3081 29 33 le
2975 3081 179 33 vêtement
3178 3079 86 34 d'in-

2435 3128 126 33 térieur
2577 3126 75 34 chic
2670 3138 60 29 par
2742 3125 188 34 excellence
2943 3133 36 25 et
2993 3137 68 21 non
3076 3124 187 34 seulement

2435 3170 56 36 nos
2547 3170 94 34 belles
2700 3170 85 33 mais
2807 3169 57 34 nos
2921 3169 96 34 beaux
3087 3168 176 34 affection-

2434 3224 83 26 nent
2534 3215 42 33 de
2593 3214 151 34 recevoir
2760 3214 88 34 leurs
2866 3213 138 34 intimes
3024 3212 132 35 enfouis
3176 3213 85 33 dans

2432 3262 58 32 des
2502 3259 119 34 étoffes
2634 3259 107 33 riches
2752 3267 35 25 et
2799 3266 159 34 pesantes
2970 3270 85 21 avec
3066 3257 42 33 de
3119 3257 146 42 grandes

2430 3304 198 36 cordelières
2673 3302 59 44 qui
2769 3302 74 34 leur
2882 3301 154 43 pendent
3077 3301 186 43 jusqu'aux

2432 3348 108 45 pieds.

3067 3390 29 42 J.
3116 3391 42 32 R.
3177 3390 37 33 F.

1742 4648 146 35 N'est-ce
1924 4657 63 34 pas
2025 4662 65 21 une
2126 4650 233 34 réminiscence
2395 4650 45 33 du

1740 4700 106 35 temps
1869 4694 39 33 de
1931 4694 120 42 George
2076 4695 99 41 Sand,
2175 4695 99 41 cette
2274 4695 102 41 robe
2400 4707 39 21 en

1740 4738 91 34 satin
1847 4738 114 34 broché
1976 4745 29 27 et
2019 4738 104 43 vison,
2141 4752 72 21 avec
2233 4739 29 34 le
2280 4739 49 34 col
2347 4739 94 34 blanc
