3593 5069
408 202 39 25 12
3182 182 250 44 VOGUE

412 310 184 73 LES
774 286 528 98 PÉRIODES
1504 308 848 85 ROMANESQUES
2542 310 287 76 CHEZ
3034 310 398 76 LUCILE

416 472 88 98 L

475 473 54 34 ES
549 473 231 34 bienheureux
809 473 121 33 invités
954 473 38 34 de
1014 473 128 41 Lucile,
1170 474 29 33 le
1221 475 80 41 jour
1317 473 45 34 où

529 526 91 26 cette
638 518 131 34 maison
787 518 44 33 fît
850 518 111 33 défiler
976 530 33 21 sa
1027 519 182 33 collection
1227 519 137 33 d'hiver

529 562 132 34 devant
685 575 50 21 ses
760 563 139 33 clientes
924 571 129 25 crurent
1079 563 141 34 assister
1246 564 18 32 à
1294 575 70 21 une

408 607 264 33 reconstitution
705 607 168 33 théâtrale
904 607 54 33 des
989 607 114 33 modes
1138 608 225 42 historiques.

408 652 53 32 En
485 660 134 34 voyant
643 653 195 41 apparaître
862 652 43 33 les
929 652 153 40 modèles,
1110 664 58 21 sur
1192 653 32 33 la
1251 653 114 41 petite

409 696 98 34 scène
527 697 86 33 dont
633 697 46 33 les
701 697 137 32 rideaux
859 697 72 33 bleu
952 697 130 32 sombre
1103 705 80 24 sont
1206 697 159 33 réveillés

408 753 62 29 par
488 741 31 33 la
540 750 80 25 note
640 750 96 25 verte
755 741 44 33 du
820 741 89 41 fond,
929 754 41 20 on
989 741 145 33 oubliait
1155 750 81 24 tout
1257 742 19 32 à
1297 741 69 33 fait

407 786 31 32 la
457 785 100 34 mode
576 794 78 25 tant
673 786 129 33 chacun
821 785 126 34 d'entre
964 798 62 21 eux
1044 786 131 33 semble
1194 786 74 33 être
1288 786 78 33 créé

407 843 82 20 avec
511 831 29 33 le
563 830 63 33 but
648 831 126 42 unique
795 830 40 33 de
855 839 120 24 mettre
996 842 39 21 en
1059 830 97 33 relief
1177 830 32 33 la
1234 830 132 33 beauté

406 875 103 33 d'une
524 875 81 42 jolie
623 875 123 34 femme
763 883 32 25 et
813 887 63 21 non
894 874 40 34 de
951 882 123 25 mettre
1092 887 42 20 en
1153 875 125 33 valeur
1296 887 70 20 une

404 920 89 41 ligne
515 919 18 33 à
556 920 145 42 laquelle
721 932 40 21 on
785 919 139 33 s'entête
944 931 42 21 ou
1009 931 46 20 un
1078 919 88 33 tissu
1190 920 62 41 qui
1276 919 91 42 plaît

402 964 325 42 particulièrement.
774 963 94 42 Lady
891 963 247 33 Duff-Gordon
1166 964 57 33 n'a
1251 964 116 32 même

402 1021 61 29 pas
484 1009 105 32 voulu
612 1008 183 34 s'attacher
815 1008 17 32 à
854 1020 64 21 une
939 1008 151 32 certaine
1112 1008 156 41 période.
1317 1008 50 33 Ici

402 1065 85 21 nous
504 1065 107 22 avons
628 1066 45 20 un
690 1053 175 33 charmant
880 1052 259 42 mousquetaire
1157 1061 83 25 tout
1256 1052 112 42 drapé

400 1097 86 34 dans
516 1110 67 21 une
613 1110 82 29 cape
724 1097 40 33 de
792 1097 130 33 velours
953 1097 65 41 gris
1050 1106 218 24 recouvrant
1299 1110 70 20 une

398 1143 160 41 jaquette
580 1142 85 33 dont
686 1142 30 33 la
742 1141 89 33 taille
859 1149 51 25 est
937 1141 103 33 ornée
1070 1141 61 33 des
1162 1142 209 33 caractéris-

399 1187 112 42 tiques
523 1195 114 33 pattes
650 1187 137 32 carrées.
822 1185 77 33 Ceci
911 1186 119 32 enlevé
1043 1198 88 20 nous
1145 1186 179 33 découvre
1336 1187 33 32 la

398 1231 108 42 petite
532 1231 80 33 robe
637 1231 158 33 moderne
820 1230 43 32 du
889 1238 169 32 moment,
1087 1230 18 33 à
1133 1231 93 41 ligne
1253 1231 117 33 droite

398 1288 41 21 en
465 1275 90 33 satin
581 1275 73 33 noir
679 1284 34 25 et
737 1274 131 34 velours
894 1274 78 41 gris.
1023 1274 153 34 Ensuite
1203 1276 169 41 apparaît

397 1332 66 20 une
486 1320 81 32 robe
587 1319 234 33 réminiscente
846 1318 56 33 des
927 1319 223 33 Florentines
1177 1320 43 33 de
1244 1320 32 33 la
1302 1320 70 33 Re-

396 1364 176 33 naissance
609 1372 79 25 tout
725 1364 41 32 de
802 1363 134 33 velours
976 1364 156 33 écarlate
1172 1364 91 33 dont
1302 1377 70 20 une

395 1409 144 32 manche
560 1407 229 42 demi-longue
810 1407 76 33 finit
909 1420 42 20 en
974 1408 147 41 longues
1145 1409 141 41 pointes
1310 1409 62 42 qui

394 1453 163 33 viennent
585 1452 125 42 jusque
741 1464 56 20 sur
827 1452 29 33 le
889 1452 49 33 sol
972 1460 186 26 retrouver
1190 1454 33 32 la
1256 1454 117 33 traîne

394 1497 112 33 tandis
543 1509 66 29 que
644 1496 122 33 l'autre
795 1496 78 33 bras
912 1505 53 24 est
1003 1498 282 41 complètement
1312 1511 59 20 nu.

392 1541 143 33 Ensuite
553 1553 66 21 une
637 1541 81 33 robe
736 1540 45 33 du
801 1540 248 34 dix-huitième
1069 1542 114 41 siècle,
1204 1543 27 32 si
1251 1543 83 33 cher
1354 1543 19 32 à

391 1585 97 42 Lady
516 1584 257 41 Duff-Gordon,
805 1585 127 41 qu'elle
962 1586 141 33 dessina
1135 1599 90 29 pour
1256 1587 118 34 Cécile

391 1629 102 33 Sorel.
543 1629 53 32 En
621 1629 126 33 broché
773 1630 183 41 turquoise
982 1639 37 24 et
1045 1640 127 32 argent
1199 1644 87 21 avec
1313 1632 61 33 des

390 1674 132 41 paniers
543 1673 41 33 de
603 1673 83 34 tulle
705 1673 181 34 bouffants
907 1687 58 20 sur
984 1675 48 33 les
1053 1675 156 34 hanches
1229 1685 37 25 et
1285 1676 91 34 dont

389 1718 30 33 la
435 1719 84 41 jupe
544 1718 78 33 finit
639 1731 41 20 en
699 1718 151 33 culottes
878 1731 165 29 persanes
1072 1720 222 34 descendant
1312 1734 65 29 par

389 1775 65 20 une
485 1771 100 33 patte
616 1775 135 21 comme
783 1763 59 33 des
877 1764 138 40 guêtres
1047 1765 131 42 jusque
1211 1778 82 21 sous
1327 1766 47 33 les

388 1807 139 33 souliers
546 1806 170 42 d'argent.

554 1907 225 22 SOMPTUEUX
803 1908 212 22 MANTEAUX
1042 1909 50 22 DU
1120 1910 84 22 SOIR

431 1985 90 41 Joan
564 1984 150 42 Sawyer,
757 1985 198 42 lorsqu'elle
997 1986 112 34 dansa
1153 2000 44 20 au
1280 1989 98 41 King

387 2028 172 42 George",
578 2029 46 33 les
644 2030 84 32 soirs
748 2029 43 34 de
810 2030 76 41 gala
906 2031 135 41 portait
1059 2044 70 21 une
1149 2041 102 25 autre
1271 2033 108 34 inter-

388 2073 177 42 prétation
588 2073 42 33 de
652 2074 32 33 la
708 2074 113 33 même
844 2075 75 33 idée
942 2084 35 24 et
1000 2088 37 20 sa
1062 2076 84 34 robe
1169 2077 43 34 de
1235 2078 141 33 velours

388 2117 150 34 écarlate
561 2126 35 25 et
619 2117 42 34 de
685 2119 210 33 mousseline
917 2120 135 41 évêque
1076 2121 91 33 était
1191 2123 94 32 aussi
1310 2131 68 25 ter-

388 2162 113 33 minée
525 2175 42 20 en
591 2162 112 34 forme
727 2163 43 33 de
795 2164 150 41 guêtres.
992 2165 81 33 Une
1099 2174 101 26 autre
1226 2167 85 34 robe
1336 2167 43 34 de

388 2206 128 33 broché
537 2219 39 21 or
598 2215 35 25 et
656 2208 76 33 noir
754 2220 19 21 a
796 2220 47 21 un
867 2218 167 24 amusant
1057 2210 53 33 col
1134 2210 43 34 de
1200 2212 112 41 perles
1336 2212 43 33 de

388 2251 65 41 jais
465 2260 182 24 enserrant
658 2252 30 33 le
700 2265 77 28 cou,
792 2253 30 33 le
837 2253 62 33 dos
914 2262 53 24 est
981 2253 113 34 formé
1109 2255 86 33 d'un
1211 2269 166 29 panneau

391 2295 42 34 de
450 2296 85 33 tulle
552 2296 189 42 bleu-nuit,
760 2298 83 41 rayé
861 2297 43 34 de
919 2298 79 41 jais.

435 2340 55 33 De
509 2341 224 34 merveilleux
752 2351 193 25 manteaux
964 2343 46 33 du
1032 2344 69 32 soir
1121 2345 167 41 ajoutent
1308 2346 18 33 à
1347 2347 32 33 la

1600 2751 49 33 La
1671 2749 144 34 Béatrice
1835 2748 44 32 du
1901 2747 110 33 Dante
2032 2747 54 32 eût
2108 2746 91 33 aimé

1600 2795 20 33 à
1639 2794 146 34 enrouler
1803 2805 58 20 son
1881 2800 95 33 corps
1996 2791 93 33 divin
2110 2791 88 33 dans

1600 2852 32 21 ce
1673 2840 152 38 fourreau
1864 2836 38 33 de
1941 2836 128 33 velours
2110 2836 89 32 lamé

1599 2884 87 42 beige
1704 2891 27 26 et
1750 2889 108 34 argent
1876 2881 78 33 dont
1971 2881 35 33 la
2023 2880 90 42 ligne
2133 2880 64 33 très

1598 2929 117 41 longue
1735 2935 28 26 et
1782 2926 108 34 étroite
1909 2926 121 41 épouse
2050 2925 29 33 le
2100 2933 98 33 corps

1598 2973 119 42 depuis
1735 2973 28 32 le
1781 2971 48 33 col
1846 2970 84 33 droit
1949 2970 38 32 de
2006 2970 81 41 lynx
2107 2969 90 41 beige

1599 3025 28 26 et
1637 3018 80 41 finit
1732 3029 38 21 en
1786 3015 202 34 s'enroulant
2005 3022 120 25 autour
2141 3013 57 33 des

1599 3062 105 42 pieds.
1761 3062 54 33 Un
1845 3068 159 34 panneau
2034 3065 77 35 part
2141 3058 57 32 des

1599 3107 134 42 épaules
1745 3106 148 42 formant
1911 3116 65 21 une
1996 3103 62 33 très
2077 3103 121 41 longue

1599 3152 106 33 traîne
1730 3149 129 35 doublée
1876 3149 38 33 de
1929 3149 127 33 velours
2074 3159 122 29 orange

1598 3374 61 33 Les
1686 3372 197 35 alchimistes
1909 3371 45 33 du
1982 3370 215 42 Moyen-âge,

1595 3427 85 34 pour
1703 3416 232 44 impressioner
1957 3415 88 33 leurs
2068 3414 129 41 clients,

1595 3476 33 20 se
1646 3462 176 43 drapaient
1839 3461 85 33 dans
1942 3460 55 32 des
2016 3466 182 26 manteaux

1595 3505 212 36 ressemblant
1807 3505 178 36 vraiment
2006 3504 19 33 à
2048 3503 148 41 celui-là,

1594 3565 40 21 en
1653 3553 125 32 velours
1797 3550 74 34 noir
1890 3550 78 32 dont
1986 3549 33 33 la
2038 3548 160 33 doublure

1595 3598 37 32 de
1650 3597 89 33 satin
1757 3603 64 26 vert
1840 3592 161 36 absinthe
2001 3592 53 36 se
2054 3592 144 36 termine

1594 3650 62 34 par
1673 3641 80 33 trois
1769 3639 116 43 glands
1902 3639 70 32 d'or
1990 3645 27 25 et
2035 3638 160 40 d'argent.

1601 3687 81 32 Tout
1697 3686 28 33 le
1742 3685 57 33 dos
1816 3691 45 26 est
1878 3682 110 34 décoré
2007 3682 37 33 de
2056 3682 141 43 faisans

1595 3731 112 33 brodés
1741 3742 39 21 en
1816 3741 33 20 or
1884 3728 63 33 très
1982 3727 75 42 pâle
2092 3734 28 25 et
2156 3738 41 21 en

1595 3783 122 34 argent.
1745 3775 43 32 Le
1800 3774 78 33 haut
1890 3773 48 33 col
1949 3779 46 26 est
2008 3772 37 32 de
2057 3770 141 34 zibeline

1596 3998 114 33 Lucile
1727 4004 44 26 est
1789 3996 116 33 célèbre
1923 4003 84 34 pour
2026 4008 51 20 ses
2095 3994 107 34 auda-

1595 4043 124 32 cieuses
1751 4040 247 34 combinaisons
2029 4040 39 33 de
2098 4039 103 41 bleus,

1595 4094 28 26 et
1651 4094 75 25 cette
1754 4085 72 33 robe
1854 4097 72 21 avec
1954 4097 61 20 son
2044 4091 159 27 manteau

1594 4130 150 43 composé
1761 4139 84 33 pour
1858 4130 58 32 elle
1931 4141 40 21 en
1986 4137 73 25 sont
2072 4130 132 33 l'exem-

1594 4176 64 42 ple.
1724 4175 43 33 Le
1811 4182 157 25 manteau
2012 4182 46 25 est
2095 4173 109 43 formé

1595 4220 38 33 de
1674 4220 85 33 deux
1800 4219 156 42 écharpes
1997 4218 38 33 de
2075 4218 129 34 velours

1593 4264 131 42 saphir,
1741 4271 134 35 partant
1891 4264 45 32 du
1952 4264 50 32 col
2016 4263 38 33 de
2069 4263 134 33 renard.

1595 4309 63 33 Les
1679 4308 154 34 manches
1854 4321 40 20 en
1915 4308 88 33 lamé
2020 4321 34 20 or
2071 4315 29 26 et
2118 4308 85 32 bleu.

1597 4354 48 32 La
1666 4354 73 33 robe
1760 4352 149 34 décolleté
1924 4360 47 25 est
1987 4365 47 21 un
2052 4353 154 33 enroule-

1595 4406 89 25 ment
1705 4398 46 33 du
1774 4397 87 34 lamé
1886 4405 122 26 autour
2030 4397 45 34 du
2109 4405 98 34 corps

2462 475 178 42 splendeur
2665 476 44 33 de
2735 484 56 26 cet
2815 476 185 34 ensemble.
3049 476 57 33 Un
3131 475 136 34 d'entre
3291 488 74 28 eux,
3392 487 43 21 en

2460 520 131 34 velours
2619 521 80 33 bleu
2730 521 130 42 saphir,
2888 530 51 25 est
2966 521 113 33 formé
3106 520 43 34 de
3176 520 91 33 deux
3293 520 142 41 longues

2461 566 157 41 écharpes
2639 574 151 34 partant
2809 565 59 34 des
2887 566 141 42 épaules
3048 574 35 25 et
3102 565 165 33 doublées
3287 565 42 33 de
3348 560 87 46 drap

2460 609 84 34 d'or.
2587 610 62 34 Les
2673 611 170 33 manches
2865 611 68 33 très
2955 611 144 41 longues
3122 622 42 21 en
3187 609 90 34 lamé
3299 609 78 33 bleu
3400 617 37 25 et

2461 667 38 20 or
2518 663 59 24 ont
2596 655 89 33 leurs
2707 663 203 34 parements
2931 655 43 34 de
2995 654 124 34 renard
3141 654 67 42 gris
3229 654 141 33 assortis
3392 666 44 21 au

2461 699 51 33 col
2534 708 33 24 et
2586 700 30 33 la
2639 700 83 33 robe
2744 700 158 33 dessinée
2924 700 249 42 spécialement
3194 711 88 30 pour
3303 711 134 21 accom-

2461 756 126 30 pagner
2618 757 37 21 ce
2688 753 172 25 manteau
2895 753 52 25 est
2980 744 46 33 du
3061 744 112 33 même
3206 744 90 33 lamé
3329 743 108 42 drapé

2461 789 218 34 étroitement
2704 798 133 25 autour
2860 789 46 33 du
2932 802 99 29 corps
3056 801 85 21 avec
3164 801 48 21 un
3236 801 66 30 peu
3327 788 111 33 d'am-

2461 834 96 42 pleur
2583 834 117 33 laissée
2728 846 60 21 sur
2817 847 47 20 un
2894 834 78 34 côté
3000 847 88 29 pour
3116 833 128 34 former
3272 846 46 20 un
3347 833 91 42 petit

2461 878 128 42 panier.
2632 879 70 33 Des
2724 879 106 33 fleurs
2853 879 44 34 de
2919 879 118 33 cristal
3059 879 79 33 bleu
3161 878 145 33 brodées
3329 890 57 21 sur
3407 878 30 33 le

2461 935 137 30 corsage
2624 923 17 33 à
2668 923 95 34 taille
2790 924 129 42 longue
2944 925 134 41 jettent
3104 936 68 21 une
3199 931 82 25 note
3308 922 130 34 scintil-

2462 968 93 33 lante
2573 980 55 20 sur
2644 968 31 33 la
2693 968 93 34 robe.

2661 1069 61 21 LES
2749 1069 117 22 ROBES
2891 1068 343 27 ARISTOCRATIQUES

2505 1146 93 33 Tous
2619 1146 46 34 les
2685 1146 99 42 jolies
2806 1147 89 33 riens
2914 1147 154 34 luxueux
3086 1155 35 25 et
3137 1146 121 42 légers,
3277 1145 109 34 riches
3404 1153 36 26 et

2462 1200 205 33 somptueux
2688 1192 60 41 qui
2770 1200 125 34 parent
2916 1192 27 32 si
2965 1191 81 34 bien
3068 1191 32 33 la
3123 1191 130 33 beauté
3273 1190 166 33 féminine

2463 1244 79 25 sont
2575 1235 165 42 dépensés
2776 1248 79 21 sans
2890 1245 159 33 compter
3084 1248 59 21 sur
3178 1236 48 33 les
3262 1235 98 34 robes
3396 1234 43 34 de

2463 1280 98 34 Lucile
2561 1280 43 34 :
2622 1280 46 34 les
2687 1280 168 34 dentelles
2873 1289 35 25 et
2924 1281 47 33 les
2989 1281 190 40 fourrures,
3198 1280 48 33 les
3264 1279 174 34 broderies

2462 1325 189 41 brillantes,
2666 1325 48 34 les
2728 1325 123 34 étoffes
2866 1338 91 21 rares
2972 1325 42 34 de
3029 1326 81 40 soie,
3126 1325 77 33 d'or
3217 1333 35 25 et
3266 1324 171 42 d'argent.

2463 1370 63 33 Les
2556 1370 97 33 robes
2682 1370 47 33 du
2759 1371 69 33 soir
2854 1379 64 24 ont
2945 1370 252 42 positivement
3225 1370 76 32 l'air
3328 1369 111 33 d'être

2463 1427 93 20 sures
2582 1414 42 33 de
2648 1415 74 32 leur
2746 1415 127 33 beauté
2898 1423 35 25 et
2958 1423 126 25 savent
3108 1415 27 32 si
3159 1414 81 33 bien
3265 1427 68 29 que
3357 1413 83 34 celle

2462 1459 142 42 qu'elles
2619 1459 209 42 daigneront
2848 1460 146 33 habiller
3007 1460 73 33 leur
3098 1459 107 34 devra
3227 1471 62 21 son
3310 1458 128 34 succès.

2462 1499 64 38 Les
2550 1504 98 33 robes
2671 1504 240 42 d'après-midi
2933 1513 80 25 sont
3035 1504 271 33 naturellement
3327 1503 112 33 moins

2462 1549 191 33 éclatantes
2666 1557 34 25 et
2713 1549 72 33 leur
2799 1549 140 33 charme
2953 1549 129 33 semble
3097 1549 97 33 avoir
3205 1549 56 32 été
3276 1547 164 34 retouché

2462 1606 63 29 par
2541 1605 67 21 une
2624 1594 94 32 main
2735 1594 123 33 artiste
2874 1603 34 24 et
2925 1594 165 40 aimante,
3107 1593 179 33 soucieuse
3302 1592 42 34 de
3360 1600 80 25 tout

2463 1650 37 21 ce
2518 1638 59 42 qui
2595 1646 84 33 peut
2696 1650 103 30 parer
2816 1639 31 32 la
2866 1639 99 41 grâce
2983 1639 59 33 des
3059 1638 157 34 femmes.
3258 1638 64 33 Les
3340 1637 99 33 robes

2463 1682 45 33 du
2531 1683 111 32 matin
2659 1691 64 24 ont
2741 1692 151 25 souvent
2914 1696 46 20 un
2983 1683 107 33 détail
3113 1682 186 34 inattendu
3318 1690 35 25 et
3370 1681 70 33 très

2462 1727 143 33 féminin
2625 1736 35 24 et
2679 1728 113 34 même
2811 1728 46 33 les
2877 1728 155 33 tailleurs
3052 1736 80 25 sont
3151 1727 141 34 adoucis
3312 1739 63 29 par
3393 1738 47 20 un

2462 1784 66 29 peu
2549 1772 42 33 de
2610 1771 151 35 dentelle
2781 1781 137 25 sortant
2937 1773 60 33 des
3018 1785 125 21 revers.
3186 1772 49 33 La
3256 1771 185 42 simplicité

2464 1817 26 32 si
2508 1816 70 33 fort
2595 1829 41 20 en
2654 1816 126 34 faveur
2797 1830 42 20 en
2858 1830 37 21 ce
2913 1826 158 25 moment
3085 1826 52 24 est
3152 1816 186 42 respectée,
3353 1816 87 32 mais

2463 1874 67 20 une
2562 1869 91 25 sorte
2684 1861 250 43 d'impatience
2965 1871 121 24 contre
3117 1870 80 24 tout
3229 1874 37 20 ce
3297 1860 60 43 qui
3388 1868 53 25 est

2464 1906 104 33 banal
2589 1918 34 21 se
2644 1915 78 24 sent
2743 1915 81 25 tout
2845 1907 29 33 le
2896 1915 126 34 temps.
3067 1906 117 34 Lucile
3205 1906 75 33 crée
3301 1913 140 25 surtout

2464 1963 51 21 ses
2550 1951 97 33 robes
2681 1963 90 29 pour
2803 1951 48 33 les
2885 1951 144 34 femmes
3064 1964 67 29 que
3165 1951 73 33 leur
3271 1949 170 34 situation

2464 1995 124 34 sociale
2609 1995 97 42 place
2727 2008 42 21 en
2791 1996 125 33 dehors
2937 1996 43 33 de
3001 1997 31 32 la
3054 1996 104 40 foule,
3181 2003 35 26 et
3230 2007 134 21 comme
3378 1994 63 33 elle

2463 2048 86 25 veut
2567 2048 109 25 avant
2694 2048 81 25 tout
2793 2053 68 30 que
2880 2041 31 33 la
2931 2041 82 33 robe
3032 2041 67 33 soit
3117 2053 46 20 un
3182 2040 103 33 cadre
3303 2051 88 31 pour
3408 2039 33 33 la

2464 2085 127 33 femme
2623 2085 280 42 aristocratique,
2937 2086 63 33 elle
3033 2085 75 34 crée
3140 2085 32 33 la
3206 2085 81 33 robe
3321 2084 122 33 aristo-

2464 2129 167 42 cratique.
2683 2129 99 34 C'est
2810 2131 173 41 pourquoi
3012 2143 36 20 sa
3077 2129 182 34 collection
3288 2141 42 21 ne
3358 2137 84 33 peut

2464 2187 62 29 pas
2542 2174 71 33 être
2630 2174 155 34 résumée
2800 2187 58 21 car
2874 2187 43 21 au
2934 2175 66 33 lieu
3018 2175 175 41 d'essayer
3209 2174 42 33 de
3267 2174 92 32 créer
3375 2185 68 21 une

2464 2219 151 33 certaine
2633 2218 90 41 ligne
2735 2219 64 33 elle
2820 2220 75 33 crée
2913 2228 128 25 autant
3052 2219 43 34 de
3106 2219 108 42 lignes
3232 2218 125 42 qu'elle
3370 2230 18 20 a
3401 2217 42 34 de

2464 2264 140 33 clientes
2620 2263 200 34 différentes
2836 2276 58 21 car
2908 2265 86 33 c'est
3009 2265 159 41 toujours
3184 2263 118 34 d'elles
3318 2262 125 43 qu'elle

2465 2308 166 43 s'infpire.

3279 2356 58 33 M.
3337 2356 60 33 H.
