3637 5071
168 203 26 40 1
194 203 39 40 5
288 189 40 53 J
328 189 80 53 anv
408 189 40 53 i
448 189 40 53 e
488 189 63 53 r
1613 204 12 13 •
3141 215 37 32 19

169 322 94 26 ment
282 315 87 32 orné
393 315 83 34 d'un
498 315 89 34 voile
607 313 41 34 de
670 313 181 42 Chantilly
874 312 59 43 qui

170 372 39 21 ne
228 359 193 35 retombait
439 373 58 30 pas
517 372 57 21 sur
592 359 28 33 le
637 358 131 43 visage,
787 358 58 43 qui
865 370 68 21 non

170 404 72 42 plus
275 403 131 35 n'était
438 404 96 43 point
566 403 78 43 posé
677 402 18 33 à
729 402 205 41 l'orientale,

171 447 81 35 mais
270 449 177 42 rappelait
463 449 115 42 plutôt
595 448 30 33 la
680 447 140 35 Baouta
875 447 59 34 des

170 491 224 36 Vénitiennes
413 494 43 33 du
473 493 142 33 XVIIIe
635 491 110 34 siècle.
788 492 98 34 C'est
903 492 31 33 là

172 550 62 21 une
256 538 157 34 manière
434 538 64 34 très
522 536 156 34 nouvelle
700 536 43 34 de
766 545 118 34 porter
905 537 29 33 le

171 582 85 34 voile
280 594 71 30 que
374 584 34 41 je
431 582 124 43 signale
579 593 83 22 avec
685 581 31 33 la
741 581 111 34 forme
876 581 59 33 tri-

171 638 98 23 corne
290 628 134 40 portée,
443 627 68 40 elle,
532 635 252 24 couramment.
821 626 114 33 Celui-

172 672 27 33 ci
219 670 44 34 dû
285 671 19 33 à
326 670 248 44 l'imagination
596 670 42 33 de
658 671 107 33 Lewis
786 679 53 25 est
859 683 76 30 par-

172 715 255 35 ticulièrement
450 716 205 33 intéressant
680 728 61 29 par
766 715 169 33 l'innova-

174 761 71 34 tion
268 760 43 34 de
335 773 61 21 son
418 761 95 33 voile.
557 759 28 32 A
609 759 75 33 vrai
707 760 82 41 dire,
810 760 36 42 je
868 760 66 34 n'ai

176 806 61 33 fait
266 814 93 25 cette
388 805 144 34 semaine
559 804 131 42 qu'une
719 805 67 33 très
816 814 118 25 courte

176 850 196 43 apparition
402 862 57 21 rue
485 849 40 33 de
553 848 29 33 la
613 848 95 33 Paix.
761 850 172 33 Plusieurs

174 895 105 33 amies
313 894 164 42 grippées,
509 893 212 40 enrhumées,
757 906 84 21 nous
875 906 60 30 ap-

173 939 128 41 pellent
322 938 18 33 à
363 938 31 33 la
416 939 43 32 fin
480 938 41 33 de
541 938 29 32 la
589 938 144 40 journée
755 951 87 29 pour
862 938 74 34 leur

172 983 89 33 tenir
276 983 203 41 compagnie
494 983 17 32 à
528 982 127 33 l'heure
672 981 45 34 du
736 983 69 32 thé.
838 983 98 34 C'est

171 1027 42 40 là,
235 1027 146 33 matière
402 1028 17 32 à
441 1026 219 43 coquetterie,
675 1039 87 21 vous
784 1040 87 21 vous
892 1041 42 21 en

171 1071 135 40 doutez,
324 1080 36 24 et
375 1072 34 41 je
426 1072 69 32 dois
512 1071 70 33 dire
598 1083 68 30 que
682 1071 26 32 si
725 1072 47 33 les
789 1072 146 34 femmes

173 1116 40 33 de
229 1115 94 33 Paris
341 1125 81 23 sont
435 1116 94 42 jolies
546 1128 40 20 en
604 1124 156 25 trottant
777 1117 166 34 habillées

174 1168 105 31 court,
301 1168 36 24 et
358 1160 69 33 très
447 1160 146 42 simples,
614 1160 79 33 elles
713 1169 64 25 ont
797 1174 68 21 une
886 1163 101 41 grâce
1008 1169 145 41 exquise

174 1204 207 42 lorsqu'elles
402 1217 35 21 se
456 1205 226 42 pelotonnent
702 1218 43 20 au
766 1206 78 33 coin
865 1207 45 33 du
932 1208 57 35 feu
1011 1212 89 33 dans
1121 1213 32 33 la

175 1258 243 32 transparence
437 1249 56 34 des
513 1249 225 34 mousselines
758 1259 35 25 et
813 1251 60 34 des
894 1252 170 38 dentelles
1086 1270 68 29 que

175 1292 213 35 réchauffent
412 1306 41 20 en
478 1294 133 41 général
638 1293 43 34 de
704 1294 100 43 longs
829 1297 200 37 vêtements
1055 1301 101 43 d'ap-

174 1346 196 34 partement
389 1338 199 42 surchargés
608 1338 44 34 de
671 1338 161 36 fourrure
852 1342 59 42 qui
931 1354 225 26 contrastent

173 1383 100 32 d'une
292 1381 103 42 façon
415 1383 204 33 charmante
640 1396 86 21 avec
745 1385 48 33 les
814 1388 226 35 mousselines
1061 1390 43 34 de
1123 1391 32 33 la

173 1427 78 33 robe
275 1426 43 33 de
343 1426 153 34 dessous.
548 1428 26 32 Il
602 1441 22 29 y
651 1441 19 20 a
697 1430 93 32 aussi
817 1443 89 29 pour
930 1432 48 34 les
1003 1435 70 33 très
1099 1448 58 21 en-

173 1471 156 33 rhumées
351 1480 35 24 et
407 1471 47 33 les
476 1472 200 41 fiévreuses,
699 1474 30 33 le
751 1475 174 34 véritable
947 1480 210 33 saut-de-lit.

174 1516 51 32 En
250 1515 90 33 voici
364 1516 197 41 justement
586 1517 93 34 deux
705 1519 165 41 modèles,
897 1520 72 34 l'un
995 1523 42 34 de
1063 1533 95 24 saut-

172 1560 99 34 de-lit
289 1573 89 29 pour
396 1560 48 34 les
463 1562 77 42 plus
561 1562 225 42 souffrantes,
806 1572 36 25 et
860 1565 125 34 l'autre
1003 1580 89 29 pour
1111 1569 46 33 les

173 1605 285 34 convalescentes
485 1607 78 41 plus
591 1616 213 33 somptueux
830 1617 35 25 et
891 1609 76 42 plus
993 1612 165 42 envelop-

175 1658 95 33 pant.
315 1649 100 34 C'est
429 1650 148 34 d'abord
593 1660 93 25 cette
702 1653 81 33 robe
803 1653 42 33 de
859 1653 162 36 chambre
1036 1658 121 40 portée

176 1706 61 30 par
256 1694 100 42 Lady
370 1695 158 34 Victoria
548 1696 148 33 Bullock
712 1710 40 20 en
772 1698 99 41 crêpe
889 1697 41 34 de
950 1699 111 35 Chine
1081 1713 76 22 rose

177 1739 232 33 entièrement
438 1740 148 34 doublée
617 1741 245 34 d'herminette
889 1742 191 42 dépassant
1111 1746 46 32 lé-

179 1784 176 40 gèrement
371 1796 58 20 sur
444 1785 46 33 les
505 1785 116 33 bords.
650 1785 102 34 Cette
765 1786 80 33 robe
863 1786 42 33 de
923 1787 167 35 chambre
1103 1799 53 24 est

178 1828 102 33 ornée
304 1827 86 34 d'un
416 1829 166 34 immense
605 1830 50 32 col
681 1830 102 41 replié
806 1843 57 20 sur
887 1830 177 37 lui-même
1089 1834 65 33 fait

182 1873 41 33 de
243 1872 132 34 bandes
390 1873 246 34 d'herminette
656 1886 132 21 comme
807 1875 29 32 le
856 1874 86 34 haut
957 1888 198 31 parement,

183 1917 70 42 qui,
274 1929 41 21 en
337 1930 142 26 somme,
500 1918 107 33 forme
628 1930 65 20 une
714 1919 144 32 manche
878 1919 130 35 entière
1029 1922 126 34 évasée

182 1962 46 32 du
251 1962 61 32 bas
334 1963 248 33 extrêmement
605 1963 166 32 nouvelle.
815 1963 88 39 Quoi
927 1963 43 34 de
992 1966 78 41 plus
1092 1967 61 41 joli

183 2019 67 29 que
277 2006 30 33 le
336 2006 87 42 petit
452 2007 126 33 bonnet
606 2019 40 20 en
675 2007 99 41 crêpe
801 2007 42 33 de
871 2007 113 35 Chine
1014 2023 76 21 rose
1119 2020 35 25 et

184 2050 103 33 nœud
306 2050 242 34 d'herminette
565 2051 215 41 complétant
798 2059 55 25 cet
870 2054 178 34 ensemble
1067 2068 87 21 avec

182 2095 45 32 les
243 2094 108 33 mules
368 2094 42 34 de
425 2095 131 33 velours
574 2107 72 20 rose
663 2095 141 33 bordées
821 2095 42 34 de
879 2096 31 33 la
927 2098 115 34 même
1059 2099 95 34 four-

181 2138 65 33 rure
246 2138 40 33 ?
331 2139 47 33 Le
398 2139 122 33 second
542 2138 133 34 modèle
696 2139 41 33 de
759 2140 82 33 robe
862 2140 209 37 d'intérieur
1092 2144 59 40 dû,

179 2195 131 20 comme
336 2183 28 33 le
388 2184 154 40 premier,
568 2196 41 19 au
637 2183 110 33 talent
772 2184 42 34 de
838 2185 200 42 Molyneux
1063 2188 89 34 était

179 2227 94 41 porté
295 2239 63 28 par
376 2227 30 32 la
431 2228 140 33 Sultane
592 2227 187 42 d'Egypte.
826 2229 98 33 C'est
944 2243 69 22 une
1032 2245 121 30 super-

176 2270 146 42 position
351 2271 42 32 de
420 2272 136 32 volants
584 2271 42 33 de
654 2272 84 33 tulle
764 2273 258 42 d'application
1050 2278 102 41 posés

176 2327 55 20 sur
247 2327 43 20 un
309 2314 83 33 fond
410 2315 42 34 de
468 2317 99 41 crêpe
584 2316 42 33 de
644 2316 112 34 Chine
774 2319 70 32 rose
904 2319 88 35 chair
1087 2322 65 33 Sur

173 2368 89 24 cette
282 2359 146 42 légèreté
449 2360 41 34 de
511 2360 150 34 dentelle
682 2374 135 22 comme
838 2375 59 20 sur
918 2363 31 33 la
973 2364 138 35 hanche
1133 2367 17 32 à

1367 2233 120 42 Quand
1511 2246 40 21 on
1577 2242 45 26 est
1646 2234 33 33 la
1706 2233 110 44 proie
1816 2233 110 44 d'une
1926 2233 147 44 grippe
2098 2245 29 25 et
2152 2237 100 42 qu'on
2277 2237 123 35 devient
2426 2251 63 21 une
2514 2238 142 33 invalide
2681 2239 225 40 intéressante,

1367 2278 182 41 Molyneux
1573 2277 81 52 crée
1654 2277 197 52 d'exquises
1875 2277 114 34 choses
2015 2292 126 23 comme
2165 2294 35 21 ce
2223 2282 130 42 chiffon
2385 2282 97 42 chair
2559 2295 71 21 avec
2655 2296 64 20 une
2743 2283 103 42 chape
2870 2284 38 32 de

1365 2322 92 42 crêpê
1476 2322 38 33 de
1531 2323 106 34 Chine
1652 2335 69 21 rose
1740 2330 29 25 et
1788 2322 177 33 marabout
1985 2326 136 40 assorti,
2135 2326 89 43 faite
2243 2335 85 34 pour
2346 2340 46 21 un
2412 2327 104 42 grand
2534 2335 201 34 personnage
2753 2328 57 41 qui
2827 2328 83 33 n'est

1856 2374 96 26 autre
1969 2380 63 29 que
2049 2369 34 33 la
2102 2371 141 33 Sultane
2260 2371 161 43 d'Egypte

1332 3319 52 42 En
1384 3319 87 42 soie
1471 3319 87 42 rose
1558 3319 52 42 et
1610 3319 121 42 coton,
1731 3319 176 42 Molyneux
1915 3318 74 43 fait
1989 3318 45 43 ce

1324 3364 130 44 flexible
1472 3371 99 27 corset
1585 3363 203 44 qu'estjorné
1807 3364 38 32 de
1864 3371 108 35 pattes
1991 3375 41 21 en

1331 3409 153 42 élastique
1503 3416 62 34 par
1583 3408 152 41 derrière,
1756 3415 28 25 et
1804 3407 167 35 boutonné
1991 3419 41 21 en

1536 3454 58 33 bas
1610 3453 56 33 des
1682 3453 133 33 devants

1310 3564 137 43 gauche,
1469 3575 45 21 un
1536 3576 75 28 gros
1634 3563 156 43 bouquet
1811 3562 43 35 de
1878 3576 91 21 roses
1992 3570 54 26 est

1307 3610 80 41 jeté,
1409 3621 45 21 un
1476 3617 162 26 manteau
1662 3616 80 25 tout
1762 3607 94 34 droit
1878 3620 42 22 en
1943 3608 102 41 crêpe

1309 3654 41 34 de
1375 3653 108 35 Chine
1509 3665 74 22 rose
1608 3653 231 34 entièrement
1866 3652 108 34 bôrdé
2001 3651 44 34 de

1309 3698 181 34 marabout
1530 3710 84 22 rose.
1679 3697 201 42 L'ampleur
1922 3696 43 34 de
2006 3709 38 21 ce

1308 3744 174 33 vêtement
1510 3742 88 34 était
1628 3741 322 43 particulièrement
1982 3741 62 32 im-

1308 3795 169 35 portante,
1506 3795 35 25 et
1576 3786 120 35 c'était
1732 3786 30 33 là
1798 3786 31 33 le
1866 3785 178 35 caractère

1308 3844 154 23 nouveau
1489 3830 42 34 de
1555 3840 92 26 cette
1672 3830 153 34 manière
1851 3831 43 34 de
1919 3830 123 42 chape.

1307 3878 46 33 Le
1368 3876 88 44 petit
1470 3876 131 34 bonnet
1616 3875 65 34 fait
1696 3875 42 34 de
1753 3875 102 42 crêpe
1871 3875 43 34 de
1930 3875 114 34 Chine

1307 3935 72 21 rose
1403 3929 35 26 et
1462 3920 41 33 de
1528 3920 149 38 dentelle
1703 3932 84 21 avec
1813 3933 47 20 un
1887 3919 87 34 bord
2001 3918 43 34 de

1306 3966 88 43 petit
1424 3965 166 42 chapeau,
1623 3964 88 34 était
1742 3964 198 42 également
1973 3964 69 33 très

1307 4022 168 23 nouveau.

1350 4057 45 32 Le
1413 4055 78 42 jour
1509 4053 42 35 de
1568 4055 32 33 la
1626 4054 224 33 réouverture
1865 4053 59 34 des
1942 4052 100 34 salles

1306 4101 44 33 du
1393 4092 142 41 XVIIIe
1580 4098 111 41 siècle,
1736 4110 42 21 au
1824 4098 126 34 Musée
1994 4097 46 33 du

1306 4146 145 37 Louvre,
1476 4143 61 42 j'ai
1564 4155 126 32 aperçu
1717 4142 168 43 quelques
1913 4142 128 34 formes

1307 4190 66 33 très
1394 4189 184 41 élégantes,
1600 4196 98 26 entre
1719 4195 129 33 autres,
1870 4186 173 34 Madame

1306 4234 150 35 Charles
1471 4232 98 42 Max,
1595 4233 88 33 dont
1708 4232 31 33 la
1764 4243 138 31 parure,
1928 4231 53 34 col
2007 4239 36 25 et

1305 4278 183 40 manchon,
1510 4276 43 35 de
1573 4277 91 34 laine
1685 4276 157 41 tricotée,
1864 4276 90 34 était
1974 4287 69 22 une

1306 4323 98 34 réelle
1436 4322 173 34 nouveauté
1609 4322 52 34 :
1694 4321 30 33 le
1757 4320 65 41 col,
1855 4320 91 34 était
1977 4319 67 34 fait

1306 4368 103 33 d'une
1431 4365 113 35 bande
1566 4367 70 33 très
1659 4365 103 42 large,
1787 4365 166 34 resserrée
1976 4377 67 21 aux

1306 4413 87 34 deux
1420 4410 198 35 extrémités
1646 4418 36 26 et
1708 4409 128 34 fermée
1864 4422 63 30 par
1953 4408 90 34 deux

1306 4470 75 30 gros
1402 4457 150 33 boutons
1572 4456 44 34 de
1635 4454 101 34 laine.
1779 4453 31 34 A
1830 4463 56 25 cet
1905 4453 138 35 endroit

1305 4502 86 34 était
1412 4499 176 44 suspendu
1610 4511 47 22 un
1680 4510 76 30 gros
1779 4498 105 42 gland
1906 4498 135 41 assorti,

952 4634 100 43 Nous
1052 4634 200 43 appelons
1280 4634 73 35 cela
1412 4631 146 36 saut-de-

951 4679 92 42 lit
1043 4679 207 42 Molyneux
1250 4679 70 42 a
1338 4679 69 44 fait
1425 4676 131 35 celui-ci

954 4736 40 20 en
1011 4724 95 42 crêpe
1121 4724 39 33 de
1178 4724 107 33 Chine
1306 4737 72 21 rose
1392 4730 29 26 et
1439 4721 120 33 hermi-

954 4775 84 29 nette
1051 4777 85 37 pour
1148 4768 94 42 Lady
1260 4768 148 34 Victoria
1422 4765 138 35 Bullock

1746 4631 92 32 Pour
1865 4630 115 43 garder
2005 4642 53 22 ses
2084 4630 58 34 bas
2167 4630 75 34 bien
2269 4629 79 33 tirés

1744 4687 123 21 comme
1892 4675 116 42 l'exige
2042 4674 184 35 l'élasticité
2250 4674 39 33 de
2314 4673 34 34 la

1743 4719 69 50 soie
1834 4720 34 33 la
1898 4719 203 33 Parisienne
2129 4732 21 21 a
2177 4718 109 43 repris
2314 4718 34 33 la

1740 4762 174 43 jarretière
1934 4763 128 42 ajoutée
2083 4776 68 22 aux
2167 4762 181 43 jarretelles

2222 2449 30 34 le
2277 2450 111 34 même
2412 2450 69 43 qui,
2507 2450 172 43 suspendu
2705 2463 41 21 au
2773 2451 184 41 manchon,
2984 2459 133 34 permet
3141 2450 42 34 de

2223 2506 117 30 passer
2362 2495 132 33 celui-ci
2518 2507 42 20 au
2584 2495 77 33 bras
2686 2495 25 33 si
2735 2495 68 33 l'on
2827 2508 42 20 en
2893 2504 52 25 est
2967 2495 214 34 encombrée.

2221 2538 91 40 Quoi
2340 2539 41 34 de
2409 2540 75 42 plus
2513 2552 169 28 nouveau,
2712 2540 20 32 il
2760 2539 78 34 faut
2865 2540 165 40 l'avouer,
3059 2552 66 30 que
3153 2539 30 34 le

2223 2583 171 34 manchon
2420 2584 68 33 très
2513 2583 90 43 long,
2628 2585 114 40 étroit,
2768 2596 41 21 en
2835 2584 90 34 laine
2948 2585 144 33 tricotée
3116 2597 67 29 que

2222 2627 70 34 l'on
2315 2637 84 33 peut
2421 2628 143 34 doubler
2586 2628 42 34 de
2650 2629 89 33 laine
2764 2628 103 34 claire
2889 2628 26 33 si
2938 2629 30 33 le
2989 2629 118 33 dessus
3131 2637 50 25 est

2222 2672 137 34 sombre
2386 2686 43 20 ou
2460 2686 67 29 que
2555 2672 69 34 l'on
2652 2673 66 33 fait
2745 2673 228 34 entièrement
3000 2673 181 33 uniforme.

2222 2717 47 32 Le
2292 2717 65 41 gris
2381 2717 45 33 du
2450 2726 61 24 ton
2534 2717 42 33 de
2598 2717 201 41 l'astrakan,
2822 2717 30 33 le
2875 2718 86 33 brun
2984 2729 42 22 ou
3052 2718 29 33 le
3104 2726 80 24 tout

2222 2760 112 41 blanc,
2359 2761 196 34 donneront
2577 2761 59 34 des
2660 2762 97 34 effets
2781 2762 68 33 très
2874 2762 121 33 réussis
3019 2774 87 30 pour
3130 2774 54 21 ac-

2220 2818 210 29 compagner
2454 2806 59 34 des
2538 2806 152 34 tailleurs
2717 2806 88 34 noirs
2831 2807 250 33 extrêmement
3105 2806 79 33 sim-

2220 2849 83 42 ples.
2349 2851 85 33 Bien
2454 2850 164 41 entendu,
2640 2851 29 33 le
2690 2851 87 42 petit
2797 2851 153 42 chapeau
2973 2851 171 33 s'assortit
3164 2851 17 32 à

2219 2894 32 33 la
2268 2894 169 35 doublure
2452 2908 44 20 ou
2514 2895 17 32 à
2548 2894 31 34 la
2597 2908 122 29 parure
2736 2896 120 32 même.
2895 2896 54 33 On
2965 2896 155 41 prépare,
3137 2894 45 34 du

2220 2947 100 32 reste,
2348 2952 86 29 pour
2459 2939 133 40 l'hiver,
2619 2940 18 32 à
2664 2940 150 40 Moritz,-
2831 2948 35 25 et
2892 2940 28 33 le
2946 2940 191 42 printemps
3164 2939 17 33 à

2219 2983 98 41 Nice,
2347 2983 58 34 des
2434 2984 190 33 ensembles
2653 2984 41 33 de
2722 2984 88 33 laine
2838 2996 58 21 sur
2923 2984 145 42 lesquels
3098 2996 84 21 nous

2218 3027 235 42 reviendrons,
2497 3028 190 34 ensembles
2731 3029 157 33 inventés
2932 3041 62 30 par
3037 3028 145 34 l'artiste

2217 3072 178 42 Nathalie,
2418 3073 88 33 dont
2527 3072 251 42 l'imagination
2801 3081 52 25 est
2875 3073 154 34 féconde.

2263 3116 58 34 Ses
2348 3117 255 34 combinaisons
2630 3117 58 43 qui
2714 3126 62 25 ont
2803 3117 29 33 le
2859 3118 75 41 plus
2961 3125 150 26 souvent
3136 3116 46 34 les

2217 3161 156 34 couleurs
2396 3162 59 33 des
2478 3162 125 42 pierres
2627 3162 189 42 précieuses
2839 3161 156 34 donnent
3019 3174 45 21 un
3088 3161 95 34 reflet

2218 3218 42 20 au
2295 3206 117 42 visage
2445 3219 67 30 que
2544 3206 47 33 les
2624 3215 180 34 coquettes
2838 3207 221 32 connaissent
3092 3206 88 33 bien.

2216 3249 307 35 Arriverons-nous
2542 3250 90 33 enfin
2652 3251 18 33 à
2690 3250 194 43 supprimer
2902 3250 29 34 le
2949 3250 76 34 fard
3045 3263 87 29 pour
3150 3250 30 33 la

2217 3294 54 33 vie
2289 3307 42 20 au
2351 3295 107 41 grand
2477 3295 53 33 air
2530 3295 27 33 ?

2263 3338 48 34 Ce
2332 3340 83 40 goût
2435 3339 42 34 de
2498 3339 74 33 fard
2593 3348 53 25 est
2665 3339 236 34 évidemment
2921 3339 183 33 charmant
3124 3351 56 20 sur

2217 3383 42 33 de
2275 3384 121 41 jeunes
2416 3384 144 41 visages,
2580 3384 85 33 mais
2685 3384 337 34 malheureusement
3041 3392 78 33 trop
3139 3382 41 34 de

2216 3428 132 41 visages
2369 3429 159 42 marqués
2548 3441 34 20 se
2601 3437 179 25 montrent
2794 3428 18 33 à
2832 3441 86 20 vous
2939 3428 192 43 maquillés,
3145 3436 34 25 et

2215 3473 85 33 c'est
2315 3472 30 34 là
2361 3486 66 21 une
2442 3485 113 30 grosse
2573 3485 114 21 erreur
2701 3486 67 29 que
2783 3481 230 25 commettent
3027 3472 79 34 bien
3121 3471 57 34 des

2215 3517 142 33 femmes
2380 3517 59 43 qui
2462 3518 130 32 luttent
2614 3526 119 25 contre
2756 3517 97 42 l'âge.
2899 3517 86 40 Quel
3008 3529 99 21 cours
3130 3516 49 33 in-

2216 3562 169 33 téressant
2409 3563 66 33 l'on
2501 3561 100 34 ferait
2625 3562 18 33 à
2668 3562 79 34 bien
2771 3561 59 34 des
2855 3570 180 35 coquettes
3059 3561 28 33 si
3110 3561 68 34 l'on

2215 3606 125 42 pouvait
2340 3606 47 42 :
2417 3620 43 21 on
2481 3607 71 33 leur
2571 3606 102 34 dirait
2693 3620 67 29 que
2779 3606 71 34 rien
2870 3619 42 21 ne
2930 3619 163 21 conserve
3112 3618 66 21 une

2214 3646 125 38 femme
2367 3664 66 30 que
2461 3652 29 32 le
2518 3651 136 41 travail,
2682 3664 57 28 ou,
2768 3651 18 33 à
2815 3650 133 41 défaut,
2978 3664 45 20 un
3052 3650 125 34 intérêt

2214 3696 157 41 puissant
2409 3696 86 33 dans
2533 3695 197 34 l'existence
2770 3695 36 41 (il
2846 3708 42 21 ne
2927 3708 150 30 manque
3116 3707 60 30 pas

2213 3740 171 33 d'œuvres
2401 3749 35 25 et
2452 3740 124 34 d'êtres
2593 3740 225 42 susceptibles
2835 3739 175 35 d'éveiller
3026 3739 151 33 l'intérêt

2213 3784 103 34 d'une
2342 3784 125 35 femme
2493 3783 140 42 active).
2682 3785 55 34 On
2764 3784 72 34 leur
2862 3784 104 34 dirait
2992 3784 92 34 aussi
3110 3796 66 30 que

2212 3829 170 42 l'hygiène
2402 3830 103 40 seule,
2526 3829 169 43 comprise
2715 3838 35 25 et
2771 3828 149 43 adaptée
2941 3842 42 20 au
3006 3828 170 43 tempéra-

2213 3882 95 25 ment
2323 3873 41 34 de
2378 3875 164 39 chacune,
2556 3882 52 25 est
2624 3874 32 33 la
2674 3874 112 33 raison
2804 3873 42 34 de
2860 3873 242 35 conservation
3117 3872 57 34 des

2212 3918 140 34 femmes
2375 3919 119 42 depuis
2517 3931 65 21 une
2603 3918 136 34 dizaine
2760 3918 174 34 d'années.

2979 3963 31 42 J.
3030 3963 42 32 R.
3092 3962 37 33 F.
