3639 5075
250 198 66 41 15
375 187 257 52 Janvier
3231 194 19 31 7

985 1197 68 22 LAN
1053 1197 69 22 VIN

440 1268 84 33 Cette
559 1267 141 33 chemise
736 1269 39 32 de
812 1269 75 32 nuit
924 1277 46 25 est
1007 1283 40 20 en

438 1313 92 41 crêpe
563 1312 126 36 Turco
689 1312 169 36 corail.
858 1312 105 36 Deux
963 1312 86 36 vo-

438 1357 88 33 lants
543 1369 59 20 sur
620 1357 47 33 les
686 1357 139 42 épaules
843 1366 74 25 sont
936 1359 113 33 brodés

438 1401 38 33 de
488 1401 133 33 dessins
634 1403 212 33 contournés.
877 1403 45 33 Le
936 1403 116 34 devant

439 1453 28 26 et
492 1447 30 32 le
546 1446 71 43 dos
617 1446 107 43 sont,
724 1446 179 43 finement
933 1449 120 41 plissés

254 1572 65 33 Les
352 1571 140 42 brunes,
528 1572 62 42 qui
624 1573 100 41 après
757 1586 68 21 une
858 1574 124 41 longue
1014 1574 146 33 carrière
1191 1574 39 33 de

256 1616 106 42 gloire
385 1616 130 34 durent
539 1629 55 21 ces
620 1617 154 34 derniers
800 1626 112 33 temps
937 1618 118 34 laisser
1079 1618 32 33 la
1138 1619 93 41 place

256 1674 69 20 aux
353 1661 159 42 blondes,
542 1662 175 33 semblent
745 1662 42 33 de
812 1674 157 21 nouveau
996 1662 137 34 revenir
1157 1663 19 32 à
1202 1663 28 32 la

258 1705 104 34 mode
395 1714 37 24 et
464 1701 150 39 Chéruit
646 1718 104 30 pense
782 1707 18 32 à
834 1706 77 33 elles
946 1718 42 21 en
1024 1715 208 33 composant

258 1750 158 33 d'autres
449 1750 220 41 déshabillés,
702 1752 156 40 toujours
894 1750 84 33 dans
1016 1751 47 33 les
1104 1752 126 32 mêmes

258 1795 122 41 lignes,
414 1795 73 33 l'un
519 1807 43 22 en
594 1795 119 34 lourde
744 1795 69 33 soie
845 1794 144 34 blanche
1021 1795 211 42 légèrement

261 1839 136 42 plissée,
427 1840 103 33 ornée
561 1851 57 21 sur
646 1848 98 24 toute
773 1851 35 21 sa
835 1838 133 33 surface
994 1839 43 34 de
1060 1840 109 41 lignes
1191 1840 41 33 de

262 1884 92 33 laine
382 1884 163 33 blanches
575 1895 140 21 cousues
741 1883 42 33 de
807 1895 103 29 rouge
939 1884 139 33 sombre
1108 1885 123 32 assorti

263 1929 19 33 à
304 1929 32 32 la
357 1928 178 40 doublure,
557 1940 45 20 un
624 1936 97 24 autre
741 1940 40 20 en
802 1927 144 41 peluche
965 1940 80 22 ocre
1067 1928 104 42 rayée
1191 1929 40 33 de

264 1973 106 41 petits
390 1973 123 32 rubans
532 1971 133 42 gaufrés
683 1983 153 21 marrons
854 1980 33 24 et
906 1973 144 33 assortis
1070 1985 44 20 au
1133 1973 95 33 tissu.

264 2017 160 34 Certains
443 2029 39 20 en
501 2016 165 32 duvetine
684 2015 41 33 de
744 2024 77 24 tons
840 2015 132 33 chauds
992 2026 36 24 et
1048 2017 180 33 modernes

262 2069 80 25 sont
364 2061 42 32 de
427 2060 106 34 forme
554 2060 76 41 plus
653 2059 243 42 compliquées,
920 2062 116 39 garnis
1061 2070 36 24 et
1120 2062 109 32 même

260 2113 150 25 souvent
426 2112 191 26 recouverts
634 2103 42 33 de
691 2103 149 34 dentelle
855 2104 18 32 à
890 2104 134 34 dessins
1042 2106 116 39 lâches
1175 2118 54 20 sur

257 2149 109 41 larges
402 2149 136 33 réseaux
572 2148 183 41 rappelant
788 2160 85 21 ceux
907 2148 60 33 des
1004 2151 102 32 toiles
1142 2150 86 33 d'ar-

256 2193 165 41 raignées.

298 2237 48 33 Le
368 2237 103 41 pékin
494 2237 18 32 à
536 2236 109 41 larges
670 2236 96 40 raies,
792 2236 90 33 aimé
906 2236 124 43 depuis
1057 2239 169 41 toujours,

253 2290 123 24 trouve
392 2281 89 32 aussi
498 2293 36 20 sa
551 2280 97 41 place
664 2280 82 34 chez
763 2281 148 33 Chéruit
927 2290 36 24 et
980 2295 167 30 compose
1163 2295 63 21 une

251 2325 192 33 ravissante
456 2325 80 33 robe
550 2324 214 42 d'intérieur,
777 2325 157 34 dessinée
947 2338 44 21 au
1005 2328 64 32 bas
1082 2327 43 33 de
1138 2335 87 25 cette

248 2381 97 30 page.
400 2369 63 33 Les
482 2369 85 33 raies
586 2368 46 33 du
651 2369 104 41 pékin
782 2378 81 24 sont
881 2370 42 33 ici
942 2370 44 34 de
1004 2372 96 33 satin
1128 2372 97 32 blanc

248 2422 35 25 et
309 2413 42 34 de
378 2413 205 34 mousseline
609 2413 148 34 blanche
784 2414 171 33 alternées
984 2425 36 24 et
1047 2416 44 33 de
1118 2416 108 33 même

248 2458 147 41 largeur.
434 2458 48 33 La
498 2458 82 33 robe
596 2458 119 33 tombe
731 2467 101 25 toute
848 2458 115 34 droite
979 2469 36 24 et
1032 2460 125 42 simple
1173 2473 53 20 sur

248 2515 46 20 un
313 2502 86 33 fond
419 2502 41 34 de
479 2502 90 34 satin
588 2502 101 33 blanc
708 2511 35 24 et
762 2511 52 25 est
833 2503 201 41 également
1053 2505 173 33 ceinturée

248 2547 42 33 de
314 2546 93 33 satin
430 2547 110 33 blanc.
587 2547 47 33 Le
657 2547 90 41 style
771 2547 149 34 Chéruit
944 2557 53 24 est
1022 2549 204 33 caractérisé

248 2591 88 33 dans
364 2604 38 20 ce
429 2591 131 33 modèle
586 2603 63 29 par
675 2581 193 44 l'immense
895 2592 54 33 col
976 2593 162 34 formant
1163 2606 64 20 une

248 2644 94 25 sorte
382 2635 42 33 de
461 2648 83 30 cape
582 2635 124 34 étroite
745 2636 43 34 de
827 2637 214 35 mousseline
1082 2638 144 32 blanche

248 2679 216 34 descendant
481 2680 138 42 jusqu'à
640 2680 31 32 la
691 2680 95 34 taille
805 2680 88 33 dans
913 2681 31 33 le
965 2681 63 34 dos
1049 2691 36 25 et
1105 2690 121 25 tenant

250 2725 46 33 les
312 2725 80 32 bras
408 2725 101 33 serrés
524 2737 43 20 au
582 2736 98 30 corps
695 2724 86 34 dans
795 2725 90 33 leurs
901 2725 146 42 longues
1064 2727 161 33 manches

250 2769 69 33 très
336 2769 120 41 larges.
483 2769 76 34 Une
571 2777 91 25 sorte
674 2768 102 35 d'aile
788 2778 53 25 est
853 2769 131 35 brodée
996 2784 43 21 en
1052 2771 173 43 paillettes

252 2822 112 24 mates
386 2825 117 30 rouges
523 2822 34 25 et
577 2813 115 33 bleues
714 2814 68 33 très
803 2813 128 34 douces
954 2815 44 34 de
1019 2825 76 31 ton,
1117 2824 107 24 entre-

253 2858 124 33 mêlées
401 2857 42 34 de
464 2858 49 33 fils
536 2857 169 42 d'argent.
750 2859 55 32 Au
829 2871 77 27 cou,
932 2859 31 34 le
987 2861 93 40 petit
1103 2860 53 32 col
1180 2872 47 20 re-

254 2902 124 33 tourné
401 2910 51 25 est
473 2902 29 33 la
561 2914 143 30 marque
725 2902 43 35 de
789 2902 149 43 fabrique
1013 2905 44 33 de
1081 2904 146 34 Chéruit

255 2955 91 25 cette
365 2947 122 32 saison.

300 2991 72 33 Par
388 3003 53 20 ces
461 3000 108 33 temps
590 2990 106 34 froids
716 3000 36 24 et
772 2991 159 35 humides
955 2993 21 32 il
999 3002 54 25 est
1075 2992 151 43 prudent

257 3035 41 33 de
330 3043 107 25 rester
466 3036 17 32 à
513 3036 31 32 la
574 3035 163 34 chambre
768 3048 43 21 au
844 3037 161 34 moindre
1038 3039 125 32 rhume
1194 3047 33 23 et

258 3079 146 34 Chéruit
427 3092 18 20 a
460 3080 110 46 pensé
591 3092 66 20 aux
680 3080 137 34 liseuses
842 3080 88 35 dont
954 3095 46 20 on
1026 3094 86 22 aura
1138 3081 87 33 alors

258 3124 130 33 besoin.
438 3124 74 34 Une
539 3123 132 34 d'entre
699 3125 79 33 elles
807 3137 42 21 en

259 3168 91 33 satin
369 3180 71 21 rose
457 3181 17 21 a
491 3177 111 25 toutes
620 3180 51 22 ses
688 3178 160 24 coutures

259 3213 140 41 gansées
436 3221 34 25 et
504 3213 218 41 simplement
759 3214 90 33 deux

257 3265 201 24 ouvertures
483 3269 84 30 pour
592 3257 45 33 les
665 3257 89 41 bras,
782 3270 66 21 une

256 3310 111 31 autre,
399 3300 76 34 bien
504 3301 188 40 douillette,
724 3311 52 24 est
807 3314 40 21 en

255 3346 137 33 velours
415 3345 122 34 chiffon
559 3346 114 41 cerise,
696 3354 78 26 tous
797 3359 51 21 ses

255 3389 105 34 bords
382 3390 96 33 ornés
499 3403 40 21 en
560 3390 101 33 blanc
683 3390 44 33 du
750 3392 99 41 point

254 3434 42 33 de
320 3434 91 33 laine
432 3434 83 34 dont
536 3447 44 21 on
602 3435 78 32 finit
701 3435 45 33 les
769 3448 80 21 cou-

254 3487 158 25 vertures
430 3488 34 24 et
481 3479 56 42 qui
555 3479 140 33 devient
712 3479 42 34 de
772 3480 76 42 plus

253 3535 42 21 en
329 3523 78 42 plus
440 3523 17 33 à
489 3524 30 33 la
552 3523 100 34 mode
684 3536 86 29 pour
801 3525 47 32 les

253 3567 113 41 robes,
411 3567 30 34 la
483 3568 136 41 lingerie
661 3576 35 25 et
738 3570 112 32 même

251 3611 293 35 l'ameublement.
603 3613 47 33 Le
684 3612 86 34 tissu
807 3613 42 33 de

252 3656 133 33 Rodier
414 3657 115 42 appelé
595 3657 96 33 kasha
769 3670 81 21 con-

252 3701 111 33 stitue
388 3713 65 21 une
476 3704 89 31 sorte
588 3701 42 34 de
654 3714 84 29 cape
763 3715 86 28 pour

251 3746 31 32 la
319 3745 134 33 maison
486 3754 97 25 toute
617 3745 126 35 brodée
778 3747 42 33 de
855 3747 102 33 fleurs
994 3747 43 34 de
1074 3746 152 34 couleur.

253 3790 82 33 Puis
357 3789 89 33 voici
466 3803 117 21 encore
603 3803 46 20 un
671 3791 68 33 très
761 3792 87 33 beau
871 3792 195 33 déshabillé
1088 3798 80 26 tout
1189 3803 39 20 en

253 3835 94 32 satin
368 3834 100 34 blanc
486 3835 94 42 garni
600 3834 42 34 de
661 3847 185 30 panneaux
866 3836 42 34 de
927 3835 154 35 dentelle
1081 3835 104 35 bise.

359 3937 187 27 QUELQUES
572 3938 165 22 PARURES
764 3939 98 22 POUR
888 3939 43 21 LE
959 3938 167 23 BOUDOIR

295 4015 58 33 On
389 4022 119 27 trouve
542 4015 86 34 chez
695 4016 116 42 Henry
846 4016 21 33 à
899 4017 34 32 la
967 4015 166 34 Pensée"
1170 4014 57 34 des

250 4059 155 34 modèles
433 4060 315 41 particulièrement
775 4060 197 34 séduisants
1002 4061 44 34 de
1074 4060 152 34 liseuses.

249 4103 107 34 Cette
394 4104 129 33 maison
560 4105 94 40 s'est,
691 4104 186 42 d'ailleurs,
915 4105 77 42 plus
1030 4118 47 21 ou
1115 4104 111 32 moins

249 4147 201 43 spécialisée
465 4148 83 34 dans
566 4161 37 21 ce
621 4160 101 30 genre
740 4149 42 34 de
800 4162 102 30 parure
902 4162 45 30 ;
966 4150 64 34 elle
1044 4150 48 33 les
1108 4148 65 33 fait
1185 4161 40 20 en

249 4193 103 42 crêpe
373 4192 43 33 de
437 4192 118 42 Chine,
576 4194 83 32 orné
680 4193 41 34 de
742 4194 149 34 dentelle
911 4207 44 20 ou
978 4194 43 33 de
1043 4193 120 43 plissés
1185 4193 40 33 de

250 4237 98 33 tulle.
390 4237 48 32 La
456 4237 123 34 beauté
596 4238 216 42 représentée
829 4251 42 21 au
889 4239 88 33 haut
994 4239 43 33 de
1054 4239 31 32 la
1103 4249 87 30 page
1206 4238 18 32 6

251 4281 173 34 n'est-elle
451 4294 59 29 pas
538 4282 19 33 à
586 4282 118 33 envier
731 4283 176 42 lorsqu'on
936 4282 201 43 contemple
1166 4294 59 20 son

249 4326 150 42 superbe
441 4326 181 34 couvre-lit
664 4326 42 34 de
747 4328 126 33 broché
915 4340 76 21 rose
1034 4326 108 34 bordé
1184 4326 41 33 de

250 4370 170 33 marabou
454 4383 154 29 marron;
642 4371 164 34 l'énorme
838 4372 138 33 coussin
1009 4371 126 34 assorti
1169 4383 51 20 sui

249 4414 112 43 lequel
379 4414 62 33 elle
457 4427 116 30 repose
589 4424 34 24 et
639 4415 124 35 l'autre
779 4429 43 21 au
839 4416 78 42 pied
934 4416 47 33 du
998 4416 41 33 lit
1054 4416 43 33 de
1113 4427 106 29 repos,

248 4472 41 21 en
313 4459 139 33 velours
475 4460 73 33 noir
570 4468 35 25 et
627 4459 86 43 drap
737 4461 75 33 d'or
834 4460 107 34 brodé
967 4461 86 40 noir,
1078 4468 80 25 sont
1181 4459 38 33 de

248 4512 102 25 toute
369 4503 135 34 beauté.
547 4504 74 33 Elle
640 4513 95 33 peut,
755 4506 27 32 si
801 4505 63 33 elle
882 4514 53 24 est
953 4504 151 40 frileuse,
1125 4504 94 33 avoir

248 4560 36 21 sa
323 4548 124 33 liseuse
482 4548 145 34 doublée
664 4548 42 34 de
742 4549 90 34 laine
869 4549 169 34 Shetland
1077 4548 144 34 assortie

247 4600 221 26 exactement
485 4605 42 21 au
548 4593 98 41 crêpe
665 4593 41 33 de
725 4594 122 33 Chine.
888 4594 85 32 Très
1000 4601 151 26 souvent
1175 4605 44 20 on

248 4636 145 34 assortit
430 4648 53 22 ces
523 4637 202 42 mignonnes
765 4639 126 41 petites
922 4639 180 41 jaquettes
1135 4637 18 33 à
1188 4637 30 33 la

248 4681 150 34 tonalité
415 4680 46 34 du
479 4681 145 34 boudoir
641 4690 36 25 et
693 4694 44 21 on
755 4683 46 33 les
820 4682 64 33 fait
902 4682 42 34 de
961 4683 137 33 velours
1116 4694 44 21 ou
1179 4681 34 33 dt

248 4725 94 34 faille
369 4725 132 42 garnies
527 4726 42 34 de
595 4726 118 42 plissés
740 4727 42 34 de
808 4727 149 33 dentelle
982 4727 100 34 écrue
1107 4739 44 21 ou
1178 4726 33 33 d,

1267 317 118 30 cygne,
1410 303 45 33 de
1478 293 167 43 marabou
1670 314 44 21 ou
1739 301 43 34 de
1807 303 136 41 plumes
1968 304 173 41 égalisées.
2188 303 46 32 La

1267 349 107 42 petite
1396 347 169 34 doublure
1587 347 43 33 de
1653 342 169 38 Shetland
1845 356 55 25 est
1923 348 257 42 indépendante
2201 355 34 25 et

1268 407 40 20 ne
1338 406 34 21 se
1401 400 74 25 met
1503 404 68 30 que
1602 391 27 34 si
1660 391 69 33 l'on
1760 403 19 21 a
1810 392 181 34 vraiment
2020 393 100 34 froid.
2172 392 61 32 Les

1268 449 144 32 pauvres
1435 436 126 42 petites
1584 435 144 34 femmes
1751 437 163 41 toujours
1939 437 109 42 gelées
2072 443 162 37 pourront

1268 482 88 34 aussi
1372 480 143 34 doubler
1529 480 90 34 leurs
1635 480 138 33 liseuses
1789 492 42 21 en
1848 481 94 33 satin
1959 482 43 33 de
2017 482 93 43 lapin
2126 481 107 37 blanc,

1269 527 39 34 de
1329 538 100 30 gorge
1449 524 154 34 d'oiseau
1624 537 45 20 ou
1690 524 43 33 de
1753 525 185 34 marabou.
1983 527 58 33 Un
2062 527 67 33 très
2150 526 82 32 beau

1270 571 126 41 négligé
1414 569 42 34 de
1473 578 91 25 cette
1582 569 146 39 maison,
1747 569 108 41 qu'on
1875 571 162 41 pourrait
2054 572 108 32 même
2179 581 56 29 ap-

1270 616 86 43 peler
1374 624 183 31 tea-gown,
1575 622 53 25 est
1645 613 65 33 fait
1727 612 106 35 d'une
1851 615 85 33 robe
1954 623 101 26 toute
2072 615 107 33 droite
2196 608 39 37 de

1270 660 86 34 faille
1384 671 74 20 rose
1485 658 175 33 ceinturée
1683 657 104 33 d'une
1811 659 190 34 cordelière
2025 660 155 41 d'argent
2203 665 33 25 et

1271 705 97 33 d'une
1384 704 160 41 jaquette
1562 702 46 33 du
1627 702 112 32 même
1756 701 88 34 tissu
1864 703 131 34 bordée
2014 704 42 34 de
2074 699 160 39 marabou

1271 748 129 44 égalisé,
1420 755 35 25 et
1472 755 146 25 ouverte
1636 746 143 33 devant.

1314 794 43 32 Le
1377 792 142 42 pyjama
1540 792 83 32 s'est
1643 790 124 34 efforcé
1787 790 44 34 de
1851 803 65 22 son
1937 792 118 34 mieux
2074 792 164 35 dernière-

1272 846 90 26 ment
1385 837 18 32 à
1428 836 173 33 atteindre
1625 835 18 33 à
1668 835 32 32 la
1724 834 134 42 dignité
1883 836 44 34 de
1951 838 181 33 vêtement
2154 836 84 33 d'in-

1273 882 129 34 térieur.
1442 880 64 33 Les
1523 880 104 33 tissus
1645 879 46 33 les
1709 879 76 41 plus
1804 880 216 42 chamarrés,
2038 882 47 33 les
2103 882 136 41 impres-

1273 928 83 33 sions
1374 926 45 32 les
1437 925 75 41 plus
1529 924 109 40 folles,
1656 923 144 33 doublés
1819 933 35 24 et
1873 925 117 41 garnis
2009 926 43 34 de
2069 935 77 25 tons
2162 937 77 22 con-

1273 978 173 31 trastants,
1487 969 46 33 les
1574 968 185 42 pantalons
1801 970 185 33 retournés
2028 983 132 21 comme
2198 969 40 33 de

1273 1009 117 49 petites
1433 1013 229 39 manchettes,
1706 1012 47 33 les
1796 1013 185 42 jaquettes
2026 1013 211 45 quelquefois

1272 1060 120 33 droites
1409 1070 133 21 comme
1559 1058 46 33 les
1623 1057 196 33 vêtements
1838 1058 149 41 chinois,
2006 1059 153 34 d'autres
2176 1058 61 33 fois

1272 1106 16 32 à
1310 1103 126 43 godets.
1479 1102 54 33 On
1554 1102 47 33 les
1623 1101 40 33 fit
1684 1101 112 33 même
1817 1102 225 43 quelquefois
2064 1116 42 21 en
2127 1115 111 29 somp-

1272 1159 98 24 tueux
1387 1146 88 34 lamé
1492 1146 86 41 d'or,
1596 1145 159 41 d'argent
1773 1145 128 35 brodés
1920 1156 36 24 et
1975 1148 162 34 rebrodés
2156 1159 81 22 avec

1516 2160 133 21 LANVIN

1380 2202 51 32 En
1471 2200 111 33 broché
1621 2210 119 30 orange
1779 2207 77 24 cette
1896 2199 33 33 si
1970 2200 149 32 nouvell*

1379 2245 136 34 chemise
1536 2245 38 32 de
1597 2243 75 33 nuit
1694 2255 59 30 que
1776 2243 133 34 Lanvin
1933 2243 76 34 créa
2032 2252 88 33 pour

1379 2290 83 33 Mlle
1499 2289 193 40 Printemps
1730 2288 172 33 ressemble
1942 2300 75 20 avec
2057 2301 59 20 son

1378 2335 201 40 boutonnage
1605 2345 39 20 en
1668 2331 78 42 jais
1746 2331 78 42 sur
1850 2333 29 32 le
1908 2332 68 33 côté
2004 2333 21 33 à
2053 2345 66 21 un"

1618 2376 139 34 chemise
1773 2389 94 20 russe

1912 4724 157 34 CHÉRUIT

2312 1199 128 23 I.ANVIN

2469 1274 75 33 Très
2566 1274 174 33 amusantes
2740 1274 88 33 4es
2852 1275 156 33 manches
3030 1275 39 33 de

2463 1326 74 26 cette
2552 1318 139 34 chemise
2706 1318 39 33 de
2760 1319 96 41 crêpe
2876 1320 105 32 Turco
2997 1331 71 21 rose

2464 1364 73 42 pâle
2549 1363 143 42 formées
2711 1371 64 33 par
2792 1363 30 32 le
2841 1371 161 33 panneau
3021 1363 45 32 du

2464 1408 56 33 dos
2536 1407 137 33 ramené
2694 1419 39 20 en
2756 1414 111 26 avant.
2914 1407 153 33 L'étroite

2464 1453 141 33 ceinture
2624 1452 80 33 tient
2722 1451 46 33 les
2779 1451 137 42 fronces
2934 1452 46 32 du
2999 1451 67 33 côté

2290 1597 44 20 un
2355 1583 86 33 faste
2461 1580 154 35 oriental.
2659 1579 94 33 Mais
2775 1590 67 21 une
2864 1578 152 33 certaine
3038 1577 154 34 réaction
3215 1590 36 20 se

2290 1629 62 33 fait
2371 1627 104 34 sentir
2494 1634 34 25 et
2548 1626 28 33 le
2596 1625 142 42 pyjama
2759 1623 89 33 n'est
2868 1623 76 42 plus
2966 1622 103 42 guère
3089 1622 160 51 employé

2290 1686 64 29 que
2373 1684 130 21 comme
2522 1670 175 33 vêtement
2718 1668 41 33 de
2780 1667 77 33 nuit
2877 1676 35 24 et
2932 1675 52 25 est
3005 1666 243 33 confectionné

2291 1717 82 33 dans
2403 1716 57 34 des
2490 1715 100 33 tissus
2620 1713 148 41 simples.
2821 1712 49 32 La
2901 1712 80 32 robe
3011 1711 42 33 de
3083 1710 165 33 chambre

2290 1761 125 34 semble
2442 1771 159 30 regagner
2626 1758 32 33 la
2684 1757 123 34 faveur
2834 1756 58 42 qui
2920 1756 46 32 lui
2994 1755 97 33 avait
3118 1755 54 33 été
3200 1767 47 20 un

2291 1814 152 26 moment
2464 1803 154 43 disputée
2640 1810 34 26 et
2696 1802 46 33 les
2766 1801 172 42 partisans
2962 1800 45 33 du
3032 1800 143 41 pyjama
3198 1811 50 21 re-

2290 1851 163 33 viennent
2468 1849 17 33 à
2502 1848 60 34 elle
2578 1847 88 42 petit
2681 1846 18 33 à
2716 1846 100 42 petit.
2856 1845 118 33 Même
2990 1857 43 20 au
3051 1844 136 33 théâtre
3202 1843 45 34 où

2291 1902 164 35 pourtant
2483 1892 153 43 pendant
2664 1903 46 20 un
2741 1889 131 34 certain
2902 1898 112 32 temps
3045 1888 29 33 le
3104 1889 143 41 pyjama

2291 1939 130 42 régnait
2438 1950 40 21 en
2496 1937 120 33 maître
2634 1944 34 25 et
2685 1935 44 33 où
2747 1935 31 32 la
2797 1934 112 33 saison
2928 1932 153 34 dernière
3098 1945 45 21 on
3160 1932 88 33 était

2291 1984 18 33 à
2332 1996 63 30 peu
2419 1982 73 43 près
2515 1993 56 21 sur
2592 1980 78 33 d'en
2693 1979 75 33 voir
2785 1991 43 20 au
2847 1978 109 34 moins
2975 1990 46 20 un
3041 1976 207 42 exemplaire

2290 2028 151 39 éffolant,
2456 2027 29 33 le
2499 2025 185 34 déshabillé
2699 2024 29 33 le
2744 2023 180 41 remplace.
2969 2020 83 35 Dans
3118 2021 131 33 l'Ecole

2292 2073 56 32 des
2370 2070 146 35 Cocottes
2586 2069 44 33 où
2651 2069 69 32 l'an
2742 2068 134 33 dernier
2895 2068 87 41 Jane
3002 2066 149 33 Marnac
3172 2077 78 30 por-

2293 2117 64 33 tait
2373 2129 44 20 un
2435 2116 139 42 pyjama
2591 2126 42 21 au
2650 2113 147 42 premier
2814 2120 87 32 acte,
2919 2111 153 42 Spinelly
3088 2111 162 42 apparaît

2293 2161 141 33 habillée
2454 2160 102 32 d'une
2576 2158 81 34 robe
2678 2157 42 34 de
2740 2156 163 34 chambre
2924 2155 42 34 de
2986 2155 109 33 forme
3116 2167 134 20 mascu-

2293 2206 76 39 line,
2391 2205 66 33 très
2480 2211 127 32 courte,
2631 2214 41 22 en
2694 2202 136 33 velours
2849 2201 18 32 à
2885 2201 100 32 fleurs
3005 2199 244 40 multicolores,

2293 2259 34 24 et
2345 2250 145 33 Yvonne
2510 2247 194 41 Printemps
2725 2245 70 43 qui,
2816 2245 133 32 l'année
2969 2244 129 42 passée,
3120 2243 131 42 portait

2293 2307 46 20 un
2373 2294 139 42 pyjama
2547 2292 100 33 blanc
2682 2299 35 25 et
2752 2289 74 34 noir
2861 2289 84 33 dans
2981 2289 32 32 la
3049 2288 126 41 reprise
3209 2287 42 33 de

2330 2338 85 34 Nono
2493 2344 71 26 met
2589 2343 91 26 cette
2707 2334 64 33 fois
2798 2333 83 33 dans
2948 2332 53 43 Je
3001 2332 123 43 t'Aime
3208 2344 42 21 au

2293 2383 134 33 théâtre
2450 2380 161 34 Edouard
2634 2379 68 34 VII
2729 2391 46 20 un
2801 2378 130 41 négligé
2955 2386 34 24 et
3013 2389 44 20 on
3082 2377 170 32 découvre

2293 2427 116 43 quand
2437 2426 61 34 elle
2525 2438 34 21 se
2585 2425 74 32 lève
2686 2423 43 34 de
2757 2435 61 21 son
2845 2423 41 32 lit
2914 2434 66 21 une
3008 2429 182 25 amusante
3218 2429 34 25 et

2294 2471 156 34 nouvelle
2478 2469 145 34 chemise
2651 2468 42 33 de
2722 2467 77 33 nuit
2827 2467 59 42 qui
2914 2475 53 25 est
2995 2478 66 20 une
3090 2465 162 33 moderne

2294 2514 263 44 interprétation
2582 2513 41 33 de
2649 2512 135 33 Lanvin
2811 2511 104 33 d'une
2934 2510 109 33 forme
3064 2510 153 40 ancienne
3217 2510 35 40 ;

2294 2573 41 21 en
2361 2560 124 33 broché
2511 2558 41 34 de
2577 2558 69 33 soie
2670 2568 138 30 orange,
2836 2556 62 32 elle
2923 2563 52 25 est
3000 2554 128 42 coupée
3154 2562 98 25 toute

2294 2605 121 40 droite,
2436 2616 51 21 ses
2508 2602 159 34 manches
2687 2610 81 24 sont
2786 2600 141 41 longues
2948 2608 33 24 et
3001 2611 61 21 son
3083 2599 51 32 col
3155 2599 96 38 haut,

2295 2648 195 40 inattendu,
2514 2660 34 20 se
2571 2647 176 32 boutonne
2771 2657 57 20 sur
2851 2644 30 33 le
2903 2644 75 33 côté
3001 2651 80 25 tout
3104 2643 46 32 du
3174 2643 79 40 long

2295 2706 62 30 par
2377 2693 42 33 de
2440 2693 107 40 larges
2569 2691 148 33 boutons
2739 2689 42 33 de
2801 2689 86 41 jais;
2908 2688 85 33 Mlle
3015 2687 195 42 Printemps
3233 2699 18 20 a

2295 2738 75 33 l'air
2386 2737 130 33 dedans
2534 2735 83 33 d'un
2635 2734 89 43 petit
2742 2745 93 21 russe
2853 2733 18 33 à
2890 2733 151 32 cheveux
3059 2732 107 41 longs.
3207 2731 46 33 Le

2297 2791 170 32 tea-gown
2494 2780 123 43 qu'elle
2644 2787 98 33 porte
2768 2777 86 33 dans
2881 2785 90 25 cette
2998 2776 27 33 si
3052 2776 201 33 charmante

2296 2827 93 41 pièce
2415 2826 41 33 de
2483 2824 109 34 Sacha
2616 2823 130 42 Guitry
2770 2830 51 25 est
2847 2821 89 33 aussi
2960 2820 144 42 original
3130 2833 66 29 que
3221 2820 31 32 la

2296 2871 148 33 chemise
2472 2869 42 34 de
2542 2868 86 33 nuit.
2680 2867 27 33 Il
2736 2874 51 26 est
2814 2865 86 34 dans
2928 2866 30 32 le
2986 2865 75 42 plus
3090 2865 76 41 pâle
3193 2864 59 33 des

2295 2916 116 41 crêpes
2428 2914 126 39 Turco,
2572 2925 67 20 une
2656 2911 174 42 spécialité
2848 2910 42 33 de
2908 2910 30 32 la
2958 2909 131 33 maison
3107 2909 146 40 Lanvin,

2295 2960 85 33 c'est
2407 2971 67 21 une
2503 2965 90 26 sorte
2622 2956 41 33 de
2691 2955 88 33 voile
2808 2954 42 34 de
2878 2955 68 32 soie
2974 2966 46 20 un
3049 2966 65 29 peu
3143 2953 109 41 crêpé.

2293 3004 95 33 Tout
2409 3002 106 34 brodé
2535 3001 83 33 d'un
2639 3000 89 41 léger
2748 2999 113 33 dessin
2883 2999 41 33 de
2944 2998 51 33 fils
3016 2997 158 42 d'argent
3194 2997 59 42 qui

2294 3057 98 24 court
2414 3060 57 20 sur
2492 3054 97 26 toute
2611 3057 36 21 sa
2669 3043 132 34 surface
2824 3043 20 32 il
2866 3051 51 25 est
2938 3042 108 34 serrée
3068 3042 18 33 à
3108 3042 30 33 la
3161 3042 94 32 taille

2293 3106 61 27 par
2372 3104 66 21 une
2455 3092 92 40 large
2564 3089 153 34 ceinture
2735 3088 41 33 de
2794 3087 85 33 tissu
2897 3087 158 41 d'argent
3073 3086 106 33 nouée
3197 3098 57 20 sur

2658 3133 30 33 le
2718 3132 86 33 côté.
2858 3132 46 33 Le
2933 3139 163 25 manteau
3126 3139 51 25 est
3206 3130 44 33 du

2660 3177 110 33 même
2800 3176 104 41 tissu;
2935 3175 107 42 coupé
3072 3175 103 39 carré,
3207 3174 46 34 les

2658 3221 94 33 coins
2770 3220 214 33 s'attachant
3001 3232 67 20 aux
3086 3219 166 42 poignets,

2658 3265 20 32 il
2704 3273 52 26 est
2781 3272 79 25 tout
2884 3264 116 40 brodé,
3026 3264 29 32 le
3080 3264 75 41 plus
3179 3263 74 33 fan-

2658 3309 252 42 tastiquement
2948 3308 46 33 du
3035 3307 136 41 monde,
3211 3307 42 33 de

2657 3354 91 32 vrais
2780 3353 105 42 petits
2917 3352 207 43 coquillages
3156 3352 96 42 polis,

2657 3398 116 42 percés
2791 3397 18 33 à
2827 3397 47 33 la
2874 3397 95 33 main
2986 3396 49 41 de
3035 3396 99 41 trois
3134 3396 118 41 trous,

2657 3442 90 34 deux
2773 3450 141 25 servant
2941 3442 17 32 à
2986 3441 46 33 les
3060 3440 136 41 coudre,
3224 3441 30 33 le

2657 3486 173 34 troisième
2853 3486 181 33 sertissant
3057 3498 66 21 une
3146 3485 107 42 petite

2658 3531 92 42 perle
2792 3530 42 33 de
2876 3543 107 21 verre.
3050 3530 135 32 Lanvin
3228 3529 25 33 si

2657 3576 132 32 célèbre
2823 3587 86 29 pour
2943 3586 50 22 ses
3028 3574 171 33 broderies
3234 3586 18 21 a

2656 3620 103 33 battu
2788 3631 61 21 son
2876 3631 123 30 propre
3026 3618 128 34 record.
3204 3618 48 33 Ce

2656 3664 134 33 modèle
2816 3672 53 25 est
2896 3663 177 42 reproduit
3099 3675 41 21 en
3167 3663 86 33 haut

2655 3717 34 25 et
2709 3709 17 32 à
2747 3708 112 33 droite
2878 3708 42 33 de
2939 3708 45 42 la
2984 3708 91 42 page
3095 3709 29 31 8.

2644 3808 92 22 CHEZ
2762 3808 136 22 LANVIN

2334 3883 134 33 Lanvin
2489 3882 112 35 donne
2623 3885 93 33 aussi
2737 3894 78 25 tous
2837 3897 51 21 ses
2910 3885 90 33 soins
3022 3885 18 33 à
3062 3885 31 33 la
3114 3885 139 41 lingerie

2289 3940 40 21 en
2354 3940 36 21 ce
2413 3935 165 32 moment,
2602 3930 64 33 elle
2689 3930 66 33 fait
2779 3929 111 34 même
2913 3929 42 34 de
2978 3929 67 33 très
3070 3942 182 21 nouveaux

2290 3972 148 33 modèles
2470 3971 42 34 de
2543 3971 89 44 linge
2663 3974 43 34 de
2738 3974 104 33 table.
2898 3974 48 33 La
2979 3974 181 41 simplicité
3192 3974 59 42 qui

2288 4017 99 41 règne
2415 4016 244 35 actuellement
2687 4031 35 21 se
2749 4018 65 33 fait
2842 4018 90 33 aussi
2960 4018 105 33 sentir
3093 4018 41 33 ici
3161 4027 34 24 et
3223 4018 30 33 le

2288 4061 88 42 linge
2400 4061 41 33 de
2467 4073 97 29 corps
2590 4072 53 24 est
2668 4063 109 40 discret
2777 4063 42 40 ;
2844 4075 42 21 en
2911 4063 89 33 voile
3025 4063 100 41 triple
3145 4075 43 21 ou
3210 4075 41 21 en

2287 4105 92 34 linon
2395 4106 67 33 très
2478 4105 58 41 fin,
2552 4106 21 32 il
2588 4116 53 24 est
2655 4107 83 33 orné
2754 4107 42 33 de
2810 4106 149 34 dentelle
2973 4119 43 21 ou
3033 4107 219 42 simplement

2284 4149 41 34 de
2353 4151 94 41 jours
2478 4162 43 21 ou
2553 4150 138 35 d'autre
2722 4152 115 41 points
2868 4151 166 34 finement
3064 4151 186 33 travaillés.

2284 4194 75 34 Une
2376 4194 42 34 de
2436 4207 50 20 ses
2506 4194 89 35 idées
2614 4196 46 33 les
2680 4196 75 42 plus
2775 4196 174 33 nouvelles
2968 4204 51 25 est
3036 4196 150 42 l'emploi
3204 4195 46 33 du

2282 4238 184 42 Chantilly
2491 4240 73 32 noir
2588 4241 159 32 combiné
2772 4252 83 21 avec
2881 4240 87 33 voile
2992 4240 42 33 de
3058 4240 69 34 soie
3151 4240 101 33 blanc

2283 4295 88 29 pour
2392 4284 30 33 le
2444 4284 89 41 linge
2555 4285 98 41 porté
2676 4297 84 21 avec
2782 4285 46 33 les
2852 4285 97 33 robes
2972 4284 45 33 du
3040 4285 67 33 soir
3129 4285 122 33 noires.

2288 4327 186 43 Beaucoup
2518 4328 42 34 de
2602 4329 143 34 femmes
2790 4338 184 33 acceptent
3017 4328 236 34 difficilement

2281 4372 100 33 l'idée
2399 4372 45 33 du
2464 4372 88 42 linge
2571 4381 78 26 tout
2668 4374 85 40 noir,
2773 4373 85 33 mais
2878 4386 67 21 une
2963 4373 175 42 garniture
3157 4373 94 33 noire

2281 4428 81 21 sous
2385 4429 67 21 une
2474 4418 80 33 robe
2576 4418 45 33 du
2646 4419 111 33 même
2780 4426 61 25 ton
2863 4426 52 25 est
2938 4418 104 33 d'une
3064 4418 113 33 utilité
3201 4418 50 32 in-

2370 4549 43 33 Ce
2442 4557 157 34 tea-gown
2630 4550 31 32 si
2688 4550 115 41 souple
2832 4557 46 25 est
2901 4550 67 41 fait
2997 4550 38 32 de
3064 4550 102 41 pékin

2369 4593 94 33 blanc
2480 4594 163 33 alternant
2659 4594 46 33 les
2721 4594 87 33 raies
2825 4593 38 33 de
2880 4594 199 33 mousseline
3095 4606 72 21 avec

2368 4638 45 32 les
2429 4638 87 33 raies
2533 4638 37 33 de
2586 4638 101 41 satin,
2700 4639 151 42 formant
2867 4638 176 42 également
3059 4638 28 33 le
3104 4638 63 33 très

2368 4682 105 41 grand
2503 4683 48 32 col
2581 4683 95 33 brodé
2706 4683 100 33 d'une
2838 4682 65 33 aile
2934 4695 39 20 en
3005 4682 162 42 paillettes

2368 4727 203 33 entremêlées
2611 4727 39 33 de
2692 4727 52 38 fils
2798 4727 147 41 d'argent
2984 4727 184 33 scintillant
