3623 5057
164 191 259 55 Janvier
3230 218 39 34 41

219 2571 125 42 Quand
370 2571 59 34 elle
453 2571 112 41 danse,
582 2580 120 26 autour
725 2572 94 33 d'elle
839 2573 114 32 s'élève
978 2584 51 21 un
1053 2572 187 35 brouillard

221 2628 72 22 rose
309 2624 30 26 et
356 2628 47 21 or.
452 2615 120 42 Quand
586 2616 58 34 elle
668 2616 144 42 s'arrête,
832 2629 42 21 on
898 2616 150 43 aperçoit
1072 2629 69 21 une
1165 2618 74 33 robe

222 2661 102 34 d'une
339 2661 179 42 splendeur
534 2660 113 35 barbare
647 2660 43 35 :
708 2661 89 43 fond
812 2661 39 33 de
867 2662 87 42 drap
970 2661 73 33 d'or
1056 2673 61 21 sur
1133 2661 106 43 lequel

220 2718 34 20 se
274 2705 134 34 détache
432 2717 63 22 une
519 2706 136 41 tunique
672 2717 35 22 or
732 2712 28 26 et
785 2717 72 22 rose
883 2705 98 34 ornée
1008 2705 39 33 de
1072 2706 112 40 vignes
1184 2706 64 40 et,

222 2750 38 33 de
273 2750 118 41 fleurs.
440 2750 46 42 La
486 2750 95 42 cape
597 2757 45 27 est
659 2751 85 33 dans
763 2749 33 35 la
818 2751 103 33 même
944 2749 96 43 étoffe
1056 2759 183 34 vaporeuse

1248 2811 9 35 t

820 3785 44 33 Le
888 3784 133 34 charme
1041 3783 124 33 vieillot
1190 3784 38 32 de

816 3830 34 34 la
882 3828 138 35 dentelle
1054 3827 174 43 Chantilly

817 3882 47 26 est
883 3872 155 36 accentué
1059 3872 116 42 quand
1193 3872 34 34 la

812 3918 135 34 dentelle
964 3917 83 34 voile
1064 3929 67 21 une
1152 3916 73 36 robe

812 3964 37 32 de
878 3962 108 34 Callot
1005 3974 40 21 en
1077 3973 147 22 mousse-

812 4008 68 33 line
891 4008 38 33 de
940 4007 68 40 soie
1008 4007 110 40 verte,
1131 4006 92 34 char-

812 4064 110 22 meuse
942 4051 92 35 noire
1051 4058 29 26 et
1097 4050 126 34 rubans

1469 1926 57 34 Sur
1526 1926 86 34 cette
1612 1926 71 34 robe
1683 1926 59 34 de
1743 1928 127 41 Jenny,

1467 1972 55 42 en
1522 1972 165 42 dentelle
1687 1972 184 42 d'argent,

1469 2017 241 42 coquelicots
1710 2017 100 42 vert
1810 2017 61 42 et

1469 2070 111 34 argent
1618 2070 29 25 et
1681 2075 88 21 roses
1806 2070 65 26 vert

1467 2107 183 34 émeraude.
1703 2107 175 41 Ceinture

1469 2161 181 34 panneaux
1665 2160 28 26 et
1709 2152 108 34 traîne
1829 2165 41 20 en

1579 2194 94 36 tulle
1673 2194 80 36 noir

775 4511 132 35 DANS
951 4510 59 34 LA
1055 4508 150 35 SALLE
1247 4508 67 41 DE
1358 4509 101 40 BAL,
1502 4504 68 40 DE
1617 4507 179 37 BELLES
1839 4504 272 38 TOILETTES
2157 4504 95 35 AUX
2298 4505 130 34 TONS

773 4703 219 36 RADIEUX
1032 4702 59 36 SE
1131 4701 207 35 MELENT
1369 4701 31 34 A
1430 4699 68 35 DE
1538 4697 376 41 PITTORESQUES
1955 4696 161 36 ROBES
2155 4696 68 34 DE
2262 4696 164 34 DANSE

2124 2565 79 33 Très
2220 2566 209 34 nombreuses
2445 2574 75 26 cette
2536 2566 114 34 saison
2672 2573 74 26 sont
2769 2565 47 34 les
2841 2565 92 34 robes
2958 2565 39 33 de
3018 2566 106 34 -danse

2118 2622 41 21 en
2176 2611 136 33 dentelle
2337 2610 106 34 teinte.
2494 2610 132 37 Celle-ci
2650 2617 46 26 est
2720 2616 40 27 en
2786 2608 135 45 dentelle
2947 2610 38 33 de
3008 2610 69 36 soie
3103 2611 20 33 à

2117 2655 140 33 réseaux
2274 2655 107 42 carrés
2381 2655 93 42 plus
2486 2655 110 34 clairs.
2644 2654 44 34 Le
2704 2666 130 30 corsage
2850 2661 46 27 est
2912 2654 63 33 très
2990 2654 131 44 simple,

2116 2712 41 20 en
2175 2702 161 34 contraste
2361 2711 71 22 avec
2452 2700 33 34 la
2502 2700 84 43 jupe
2606 2698 64 43 qui
2670 2698 114 43 forme
2803 2699 39 34 de
2859 2698 114 43 jolies
2973 2698 147 43 pointes.

2117 2744 44 33 Le
2187 2744 151 42 chapeau
2363 2744 38 33 de
2425 2744 77 34 tulle
2534 2744 84 34 brun
2644 2751 45 25 est
2715 2743 76 34 orné
2822 2744 38 34 de
2890 2742 131 35 dessins
3052 2744 70 34 d'or

2173 3779 83 33 Robe
2276 3779 38 37 de
2334 3778 190 35 Madeleine
2542 3788 28 25 et

2171 3824 189 34 Madeleine
2372 3835 40 22 en
2427 3836 142 22 mousse-

2168 3868 68 33 line
2263 3869 38 35 de
2337 3868 68 33 soie
2439 3868 131 36 couleur

2202 3912 96 42 tango
2330 3912 48 42 et
2378 3912 48 42 en
2426 3912 144 42 dentelle

2168 3957 178 42 d'argent
2378 3958 116 33 ornée
2525 3958 43 33 de

2168 4000 153 44 bouquets
2345 4002 171 41 d'oranges
2516 4002 52 41 et

2168 4047 37 32 de
2238 4045 164 43 fleurs"
2402 4045 164 43 orange"
