3575 5027
373 219 41 30 44
3326 192 211 44 rOGUE

370 321 76 27 Lett,
467 317 79 39 jolie
556 315 103 44 femme
659 315 69 44 est
728 315 209 44 partisante
951 314 54 42 du
1005 314 126 42 pyjama
1131 314 36 42 :

368 360 88 34 elle
456 360 53 34 en
509 360 35 34 a
544 360 124 34 revêtu
668 360 53 34 un
721 360 53 34 en
774 360 106 34 :atin
880 360 106 34 mauve
986 360 53 34 et
1039 360 128 34 trouve

369 404 70 41 que
439 404 105 41 c'est
544 404 70 41 une
614 404 228 41 bénédiction:
842 404 106 41 elle
970 403 25 32 le
1020 411 96 34 porte
1116 411 49 34 en

370 448 108 41 toute
478 448 180 41 occasion,
658 448 90 41 elle
748 448 90 41 dort
838 448 90 41 même
928 448 90 41 avec
1018 448 54 41 et
1072 448 93 41 elb"

369 494 28 31 le
416 494 122 41 préfère
552 494 20 32 à
584 495 75 41 tous
659 495 60 41 les
719 495 153 41 chiffons
883 493 37 32 de
937 505 34 20 sa
982 492 183 41 garde-robe

2793 310 168 44 Celle-ci
2961 310 74 44 est
3035 310 130 44 sourde
3165 310 74 44 aux
3239 310 186 44 arguments
3494 324 46 32 prù-

2792 356 218 43 pyjamiques"
3010 356 36 43 :
3046 356 72 43 die
3118 356 72 43 ClI
3190 356 109 43 tient
3299 356 111 43 pour
3426 358 31 35 la
3457 358 84 35 vieilli

2794 401 91 32 mode
2908 402 70 39 des
2978 402 175 39 vêtements
3153 402 52 39 de
3205 402 105 39 nuit,
3310 402 52 39 et
3362 402 87 39 elle
3449 402 52 39 en
3501 402 39 39 a

2794 444 168 43 justtment
2962 444 117 43 rcvêtu
3079 444 67 43 UII
3146 444 67 43 fil
3213 444 119 43 crèpe
3348 447 35 32 de
3397 447 78 35 Chine
3475 447 65 35 virl

2784 489 79 39 jade
2881 499 158 25 recouvert
3058 490 80 33 d'un
3158 491 143 41 treillage
3319 492 34 32 de
3368 492 112 33 velours
3495 494 46 32 noir

356 1635 57 33 LE
446 1635 133 33 DUEL
611 1635 69 33 DU
711 1616 269 52 VÊTEMENT
1016 1632 67 32 DE
1115 1631 121 33 NUIT
1271 1631 60 33 ET
1365 1630 70 34 DU

357 1812 198 34 PYJAMA
584 1812 106 33 FAIT
718 1810 187 35 VERSER
933 1809 264 33 BEAUCOUP
1219 1809 219 34 D'ENCRE

347 3888 43 33 Ce
423 3890 168 36 vêtement
591 3890 56 36 de
647 3890 113 36 nuit
800 3902 66 25 est
866 3902 50 25 en

343 3933 111 46 voile
454 3933 55 46 de
509 3933 92 46 soie
601 3933 92 46 rose
693 3933 113 46 pâle
832 3939 89 41 fine-

346 3985 86 24 ment
450 3978 103 41 plissé
576 3991 59 21 sur
659 3980 106 42 lequel
781 3982 57 33 des
848 3983 73 41 fées

346 4022 59 48 ont
405 4022 89 48 jeté
525 4023 56 32 des
607 4024 136 44 fleurs
743 4024 177 44 magiques

347 4065 57 40 qui
429 4065 130 34 brillent
585 4067 39 32 de
650 4076 103 25 toutes
780 4070 62 33 les
842 4070 78 33 cou-

346 4110 88 32 leurs
451 4110 38 32 de
505 4110 81 33 l'arc
604 4124 41 20 en
662 4113 70 32 ciel.
789 4114 32 33 Il
838 4114 80 33 tient

348 4165 67 21 aux
434 4154 126 41 épaules
560 4154 47 41 et
607 4154 80 41 aux
704 4158 126 33 coudes
830 4158 90 33 com-

351 4211 45 19 me
409 4199 57 32 une
466 4199 87 32 rube
562 4200 89 35 delà
651 4200 107 35 Crêee
758 4200 162 35 ancienne

356 4401 87 32 Pour
471 4400 66 35 les
537 4400 99 35 nuits
636 4400 68 35 de
736 4404 123 33 Col/tas
885 4417 32 20 ce

354 4447 149 31 vêtement
534 4446 38 33 de
611 4447 86 34 nuit
697 4447 140 34 aurait
872 4450 46 32 été

354 4490 67 42 des
421 4490 84 42 plus
505 4490 169 42 pratiques
674 4490 52 42 ;
750 4504 122 22 comme
891 4494 25 31 il

358 4535 66 42 n'y
424 4535 33 42 a
457 4535 101 42 plus
584 4536 37 31 de
650 4535 116 40 Gothas,
766 4535 59 40 il
849 4550 67 20 set-

355 4581 70 32 vira
442 4588 82 33 pour
540 4580 28 33 le
581 4580 78 40 jour
677 4593 41 21 ou
734 4581 33 33 la
784 4582 129 33 maison

357 4624 109 37 brûlera
466 4624 42 37 ;
533 4624 24 33 il
573 4632 46 25 est
638 4638 39 20 en
699 4625 78 33 voile
795 4626 37 33 de
848 4627 67 32 soie

353 4670 105 40 jaune
471 4669 85 42 plissé
556 4669 37 42 ;
611 4682 64 21 une
691 4671 95 42 triple
801 4672 114 40 rangée

359 4714 37 33 de
408 4713 123 35 volants
544 4714 110 34 bordés
666 4715 36 33 de
713 4716 123 33 velours
850 4717 71 32 noir

359 4759 108 34 donne
467 4759 90 34 line
557 4759 147 34 touche
738 4760 182 42 distinguée

1564 2713 41 31 Ce
1636 2711 151 33 vêtement
1820 2712 37 32 de
1890 2712 86 50 ltuit
1976 2712 102 50 offre
2109 2712 28 32 le
2165 2711 62 33 très
2245 2712 117 40 grand

1564 2764 151 32 avantage
1740 2756 39 32 de
1808 2756 138 42 pouvoir
1975 2765 137 33 presque
2137 2765 115 33 passer
2280 2765 83 33 pour

1565 2800 66 34 une
1631 2800 100 34 robe:
1731 2800 68 34 il
1821 2803 66 40 est
1887 2803 49 40 en
1936 2803 116 40 crêpe
2078 2802 38 32 de
2142 2800 104 32 Chine
2271 2797 95 37 blanc

1566 2844 143 44 parsemé
1729 2857 37 28 ça
1793 2853 28 25 et
1843 2846 33 32 là
1893 2846 44 33 de
1937 2846 120 33 taches
2074 2846 109 32 noires
2200 2857 40 20 en
2258 2846 107 32 ruban

1565 2890 56 42 qui
1637 2896 69 26 sont
1722 2902 123 21 comme
1862 2891 45 32 les
1924 2891 140 40 langues
2080 2891 38 32 de
2131 2890 33 33 la
2180 2889 185 34 médisance

1565 2934 176 42 féminine.
1741 2934 52 42 Il
1793 2934 70 42 est
1863 2934 105 42 garni
1968 2934 109 42 d'un
2092 2946 154 29 nuageux
2264 2935 103 42 plissé

1773 3073 173 24 DESSINS
1946 3073 64 24 DE
2010 3073 129 24 MARIO
2139 3073 132 24 SIMON

2520 1628 134 34 NOUS
2673 1628 348 35 FOURNISSONS
3046 1628 66 34 ICI
3138 1629 94 33 DES
3251 1629 168 33 ARMES
3437 1629 106 34 TROU

2523 1807 217 34 BLANTES
2774 1807 93 34 AUX
2903 1807 201 35 RIVALES
3140 1807 94 34 DES
3260 1807 131 34 DEUX
3426 1805 117 35 CAMPS

3036 3917 61 47 Ce
3097 3917 143 47 pyjama
3240 3917 123 47 lance
3363 3917 61 47 un
3424 3917 126 47 orguw

3034 3969 77 32 leux
3136 3967 63 33 défi
3225 3967 21 32 à
3272 3974 71 25 tous
3365 3967 44 32 les
3430 3962 120 35 :';tnnenU

3035 4011 54 34 de
3089 4011 91 34 nuit
3180 4011 54 34 du
3234 4011 149 34 monde.
3431 4008 39 39 Il
3470 4008 80 39 estlt

3253 4040 297 20 ,

3035 4056 133 36 foulard
3200 4055 74 33 noir
3310 4063 28 25 et
3374 4054 87 33 blanc
3488 4040 63 64 coupi

3035 4114 122 19 comme
3189 4096 51 45 la
3240 4096 171 45 classique
3411 4096 103 45 robe
3533 4086 18 52 I

3038 4146 127 32 Pierrot
3182 4154 28 24 et
3227 4144 95 33 bordé
3345 4145 36 32 de
3406 4142 72 41 satin
3478 4142 72 41 n0jr'

3039 4191 73 32 Une
3146 4179 123 53 petite
3269 4179 123 53 touche
3392 4179 159 53 masculin

3035 4235 31 42 v
3066 4235 62 42 est
3128 4235 141 42 ajoutée
3296 4243 60 33 par
3380 4231 34 34 le
3414 4231 58 34 col
3493 4226 58 34 blaid

3035 4444 135 33 Celle-ci
3186 4453 45 24 est
3244 4444 61 42 jril
3305 4444 75 42 'use
3398 4442 19 32 à
3438 4453 37 21 un
3492 4432 59 50 po!n!

3035 4483 110 48 qu'on
3145 4483 55 48 ne
3200 4483 147 48 saurait
3347 4483 204 48 concevoir-

3035 4523 106 51 aussi
3141 4523 160 51 a-t-elle
3301 4523 124 51 adopté
3425 4523 53 51 un
3478 4523 74 51 ffa

3037 4586 85 25 ment
3139 4578 38 33 de
3196 4564 73 47 nuit
3269 4564 44 47 en
3313 4564 88 47 satin
3401 4564 150 47 lai'O"'1,

3032 4624 108 32 blanc
3140 4624 127 32 comme
3284 4623 32 32 la
3340 4621 94 40 neige,
3450 4615 56 36 lace
3506 4615 45 36 sut

3032 4669 28 32 le
3078 4668 115 32 devant
3212 4677 61 33 par
3299 4679 44 20 un
3369 4664 96 34 ruban
3488 4661 63 32 rougi

3034 4711 105 34 corail
3154 4725 59 29 que
3228 4711 168 34 terminent
3409 4695 56 49 des
3465 4695 86 49 glaw'

3036 4757 122 43 pareils
3176 4757 58 41 qui
3250 4755 132 34 laissent
3404 4749 147 40 s'échapf!

3034 4802 151 43 quelques
3224 4793 202 49 effilochures
3426 4793 46 49 de
3472 4793 79 49 sort
