3601 5045
188 170 65 42 I.5
308 158 263 52 Janvier
3160 177 36 33 23

190 283 41 34 de
294 281 390 45 l'amaigrissemement.

190 327 184 34 C'était
431 342 48 20 un
530 329 157 31 homme

191 373 40 33 de
270 382 177 32 quarante
485 385 71 27 ans,
597 373 18 32 à
654 372 31 32 la

191 418 90 40 large
324 417 109 42 figure
472 417 212 39 américaine,

193 475 39 21 au
246 460 136 36 cheveu
396 471 67 32 net,
475 470 142 34 portant
630 461 56 33 des

193 508 151 31 lunettes
372 507 137 34 bordées
535 505 151 34 d'écaille

194 550 158 34 blanche.
391 552 27 32 Il
433 550 136 43 regarda
584 551 103 32 Fran-

194 596 87 41 çoise
304 595 86 34 d'un
414 597 47 32 air
480 595 154 40 attentif,
657 595 29 33 la

195 641 102 42 palpa
333 653 85 21 avec
449 653 61 21 une
543 649 146 24 savante

196 684 179 41 austérité,
408 685 44 33 lui
482 696 80 31 posa
595 685 95 41 quel-

198 742 82 30 ques
316 731 184 41 questions,
527 737 89 24 resta
644 729 45 33 les

198 787 88 30 yeux
308 787 43 20 au
376 775 70 40 ciel,
467 775 126 38 rêveur,
612 774 77 40 puis

199 812 129 41 faisant
357 819 181 33 demi-tour
566 830 57 20 sur
653 830 35 20 sa

198 864 124 39 chaise,
350 864 106 32 croisa
482 875 48 21 ses
554 862 134 41 jambes

197 909 91 31 l'une
319 919 58 21 sur
408 908 129 39 l'autre,
568 907 120 32 enleva

195 953 82 35 d'un
319 960 95 32 geste
452 952 146 41 brusque
637 963 51 21 ses

194 997 163 38 lunettes,
410 1005 34 24 et
491 1008 197 21 commença

194 1041 41 33 de
264 1040 115 41 parler
408 1041 79 32 d'un
518 1049 59 24 ton
608 1040 81 41 dog-

195 1084 146 41 matique
341 1084 37 41 :

240 1128 148 34 "Toute
416 1129 30 33 la
474 1129 123 42 graisse
629 1129 59 42 qui

195 1182 49 26 est
261 1185 41 21 en
321 1174 96 32 excès
435 1174 82 33 dans
536 1174 28 32 le
590 1186 99 30 corps

195 1218 71 33 doit
307 1218 72 33 s'en
422 1219 78 32 aller
548 1230 61 29 par
658 1219 31 33 la

195 1262 105 34 bouche
300 1262 46 34 :
362 1263 42 32 de
417 1263 181 41 l'exercice,
611 1264 52 41 oui
663 1264 27 41 ;

194 1308 56 33 des
263 1306 112 41 bains,
387 1308 44 41 oui
431 1308 33 41 ;
483 1307 84 33 mais
581 1317 111 24 avant

194 1360 76 25 tout
296 1350 46 33 du
370 1352 144 42 régime;
542 1353 86 33 c'est
656 1366 37 20 ce

193 1396 80 43 qu'il
290 1408 22 29 y
330 1408 18 20 a
366 1396 42 33 de
426 1397 75 42 plus
521 1397 124 42 simple
659 1407 36 24 et

192 1442 83 32 c'est
293 1441 199 41 cependant
513 1455 37 20 ce
569 1442 87 42 qu'il
673 1456 23 29 y

193 1499 18 20 a
233 1485 41 33 de
296 1485 77 41 plus
391 1487 219 42 compliqué;
640 1500 58 21 car

191 1543 44 21 on
254 1538 86 25 veut
354 1530 79 34 bien
447 1531 86 34 faire
552 1533 147 33 nombre

193 1576 42 33 de
263 1574 121 34 choses
407 1575 86 34 dans
515 1576 184 43 lesquelles

194 1633 44 20 on
251 1620 84 41 joue
349 1633 47 20 un
412 1621 69 34 rôle
493 1634 43 21 en
549 1622 151 42 quelque

196 1673 91 24 sorte
306 1665 129 42 passif;
455 1667 99 39 mais,
580 1667 120 42 quand

197 1710 20 32 il
237 1709 104 41 s'agit
358 1710 43 33 de
420 1720 118 32 porter
553 1712 149 33 atteinte

199 1767 42 21 au
286 1755 133 41 temple
464 1756 101 33 sacro
565 1756 33 33 -
598 1756 102 33 saint

200 1798 114 43 qu'est
353 1799 32 33 la
425 1800 160 42 question
619 1801 82 32 culi-

202 1843 104 40 naire,
326 1844 90 32 alors
437 1845 84 33 c'est
544 1845 156 33 l'abomi-

202 1888 120 33 nation
358 1888 43 34 de
437 1889 30 33 la
506 1890 191 33 désolation

202 1932 135 41 prédite
351 1945 62 28 par
430 1934 44 33 les
492 1934 170 39 prophètes
662 1934 34 39 :

203 1973 20 37 il
248 1973 129 37 semble
395 1991 64 29 que
476 1973 30 38 la
525 1987 88 25 terre
630 1973 217 47 s'entrouve;
866 1987 80 25 tout
966 1980 121 41 plutôt
1105 1992 68 30 que

202 2022 41 33 de
261 2034 42 20 ne
321 2034 60 29 pas
400 2034 156 30 manger;
574 2032 44 31 et,
638 2036 133 21 comme
788 2036 44 21 on
853 2024 94 33 n'ose
967 2037 62 29 pas
1054 2024 74 33 dire
1154 2025 18 31 à

201 2078 59 21 son
295 2067 153 33 médecin
472 2067 30 33 la
527 2067 108 33 vérité
660 2077 99 25 toute
784 2080 91 28 crue,
902 2080 45 21 on
979 2081 19 21 a
1034 2081 139 21 recours

199 2112 17 32 à
256 2118 115 25 toutes
410 2112 44 32 les
491 2111 161 34 richesses
691 2113 45 32 du
775 2124 201 30 mensonge.
1043 2114 130 39 Tenez,

197 2154 262 42 dernièrement,
505 2156 29 32 le
580 2156 102 35 fils
682 2156 102 35 d'un
784 2156 390 35 multi-millionnaire

198 2200 74 32 bien
310 2211 112 20 connu
459 2200 76 33 vint
569 2213 53 21 me
656 2210 160 33 trouver;
854 2201 20 32 il
904 2201 91 34 était
1025 2215 91 29 gros,
1144 2202 29 33 le

195 2255 130 30 pauvre
361 2244 231 41 malheureux,
634 2258 135 22 comme
815 2257 46 21 un
907 2247 94 40 petit
1038 2247 134 33 cochon

193 2288 41 32 de
265 2287 84 32 neuf
377 2288 96 33 mois.
526 2289 41 41 Je
602 2289 47 33 lui
690 2290 64 33 dis.
831 2289 48 34 Si
915 2303 90 21 vous
1047 2291 126 33 voulez

192 2331 150 41 maigrir,
342 2331 67 41 ne
435 2345 144 29 mangez
605 2347 67 29 que
699 2335 42 33 de
768 2334 70 34 ceci
865 2342 36 25 et
927 2334 44 34 de
997 2336 87 40 cela,
1112 2335 59 33 des

190 2375 154 41 nouilles,
367 2377 17 32 à
406 2377 98 41 peine
525 2377 42 34 de
587 2379 128 34 viande
741 2379 150 33 blanche
916 2380 210 41 etc.;
1153 2380 21 32 il

189 2422 169 31 m'assura
394 2434 77 29 que,
508 2434 68 21 non
612 2423 194 34 seulement
843 2423 21 32 il
901 2424 153 34 suivrait
1091 2437 82 20 mon

188 2466 139 41 régime,
348 2466 85 32 mais
453 2480 65 29 que
536 2467 123 41 même,
680 2468 20 32 il
719 2469 90 32 était
828 2467 122 33 décidé
970 2469 19 33 à
1010 2481 43 21 ne
1072 2481 102 30 pren-

188 2510 59 33 dre
263 2522 70 29 que
349 2510 46 32 du
413 2512 78 40 pain
509 2511 93 42 grillé
619 2525 41 20 en
677 2512 139 34 buvant
832 2512 47 32 du
897 2512 73 33 thé.
1010 2514 57 32 Au
1086 2513 88 33 bout

188 2555 42 33 de
247 2554 92 33 deux
357 2555 85 33 mois
458 2557 32 40 je
508 2556 192 42 m'aperçus
719 2557 85 43 qu'il
823 2557 138 33 n'avait
979 2570 63 29 pas
1062 2557 110 42 perdu

188 2599 63 33 une
251 2599 112 33 livre
385 2608 35 24 et
441 2601 103 41 qu'au
566 2602 173 33 contraire
760 2614 62 21 son
844 2601 137 33 obésité
1004 2614 166 30 augmen-

189 2644 77 33 tait.
323 2644 63 33 Me
415 2644 214 34 demandant
659 2659 36 20 ce
722 2659 68 30 que
818 2646 73 32 cela
919 2647 141 33 voulait
1086 2647 85 39 dire,

186 2688 128 42 j'allais
334 2701 46 20 un
397 2689 77 41 jour
490 2690 164 41 déjeuner
672 2691 18 32 à
709 2704 61 20 son
789 2690 95 34 cercle
884 2690 42 34 :
943 2691 36 41 je
998 2704 56 20 me
1073 2691 100 32 dissi-

190 2733 106 33 mulai
318 2732 87 34 dans
426 2747 43 20 un
490 2734 86 41 coin,
598 2744 35 24 et
650 2736 34 40 je
704 2736 30 33 le
754 2736 52 32 vis
827 2743 130 25 entrer.
1003 2736 29 32 Il
1055 2735 117 33 s'assit

191 2778 17 33 à
226 2790 67 20 une
310 2778 95 33 table
422 2791 79 21 avec
516 2779 75 33 l'air
607 2780 152 33 satisfait
775 2780 42 33 de
833 2780 198 41 quelqu'un
1049 2780 60 42 qui
1126 2792 45 20 va

191 2822 159 34 assouvir
366 2835 60 20 son
442 2824 72 41 plus
530 2824 79 33 cher
624 2824 93 42 vice;
735 2838 45 20 un
797 2824 127 33 maître
940 2824 137 34 d'hotel
1092 2824 80 33 vint

193 2868 17 32 à
227 2867 58 39 lui,
302 2875 36 24 et
351 2868 183 40 j'entendis
551 2881 79 20 mon
647 2869 212 33 bonhomme
874 2869 74 41 qui,
966 2869 108 33 d'une
1089 2869 82 32 voix

192 2920 203 32 onctueuse,
414 2913 218 33 commandait
632 2913 40 33 :

276 2956 93 32 Pour
386 2969 220 29 commencer,
626 2971 65 20 une
709 2957 171 34 douzaine
898 2957 44 33 de
961 2958 131 40 Belon;
1112 2970 59 20 en-

196 3001 99 39 suite,
329 3013 84 21 nous
443 3002 184 41 prendrons
659 3015 45 20 un
736 3003 90 42 petit
857 3001 142 34 homard
1080 3014 91 21 new-

197 3046 86 40 burg
314 3045 25 41 ;
359 3046 106 41 après,
485 3059 76 20 mon
580 3047 68 33 bon
666 3047 141 42 Joseph,
827 3059 88 20 vous
935 3059 56 21 me
1010 3047 93 33 ferez
1123 3059 46 20 un

195 3090 60 41 joli
280 3089 262 35 chateaubriant
566 3091 126 42 poêlée,
719 3104 61 30 pas
806 3100 79 32 trop
912 3091 75 33 cuit
1013 3100 155 31 surtout,

197 3134 165 42 quelques
386 3147 162 30 asperges,
571 3144 33 25 et
627 3148 46 20 un
696 3137 90 41 petit
809 3135 107 33 souflé
941 3148 43 20 au
1010 3136 159 40 fromage

197 3191 86 29 pour
301 3178 95 42 finir;
416 3192 78 21 avec
513 3181 44 32 les
577 3180 141 42 huîtres,
739 3194 66 20 une
824 3180 282 33 demi-bouteille
1126 3180 43 32 de

196 3222 155 40 Chablis,
366 3233 32 23 et
413 3237 78 20 avec
505 3237 76 20 mon
596 3226 281 38 chateaubriant,
892 3237 46 20 un
956 3225 212 40 Bourgogne

194 3268 77 32 bien
271 3268 140 32 corsé."
441 3269 43 33 Et
498 3270 18 32 il
531 3281 142 30 mangea
686 3278 90 33 tout,
790 3270 29 32 le
832 3269 188 42 malheureux
1020 3269 34 42 ;
1054 3269 70 42 je
1138 3269 29 33 le

1104 1739 130 42 Instant
1234 1739 164 42 tragique
1423 1749 58 30 que
1506 1738 83 33 celui
1617 1750 42 20 ou
1684 1737 33 33 la
1742 1738 187 33 couturière
1955 1751 82 22 vous
2063 1741 49 33 dit
2138 1754 59 29 que
2221 1751 83 24 votre

1103 1792 75 25 tour
1199 1785 36 32 de
1256 1784 83 34 taille
1361 1796 18 20 a
1401 1783 169 40 augmenté
1591 1782 39 33 de
1651 1782 85 33 deux
1758 1783 209 33 centimètres
1989 1784 124 42 depuis
2135 1787 33 32 la
2189 1786 114 33 saison

1103 1829 156 40 dernière,
1283 1837 25 25 et
1331 1828 40 33 011
1394 1839 75 21 vous
1491 1840 95 29 voyez
1608 1839 40 21 en
1674 1828 199 41 perspective
1898 1840 68 21 une
1990 1829 51 33 vie
2061 1831 39 32 de
2120 1831 184 42 privations

1222 1979 161 43 regardais
1393 1990 81 20 avec
1487 1978 263 40 ahurissement,
1763 1979 87 32 mais
1862 1979 34 41 je
1912 1981 275 39 comprenais.

1265 2025 43 32 Le
1330 2022 189 34 lendemain
1545 2023 20 32 il
1591 2022 76 33 vint
1692 2034 53 21 me
1770 2023 87 41 voir,
1883 2023 78 32 l'air
1987 2025 121 40 navré,
2134 2037 55 20 me

1223 2070 108 32 disant
1351 2067 80 42 qu'il
1452 2067 85 32 était
1558 2067 68 33 très
1648 2066 140 42 surpris,
1810 2067 86 42 qu'il
1918 2068 189 34 n'arrivait
2127 2081 62 30 pas

1224 2115 16 32 à
1261 2112 140 42 maigrir.
1443 2111 39 42 Je
1502 2112 45 32 lui
1567 2111 52 33 dis
1675 2112 107 32 Votre
1803 2112 129 41 régime
1953 2121 55 24 est
2028 2114 161 41 toujours

1224 2171 61 20 une
1309 2167 87 23 tasse
1421 2156 40 33 de
1486 2156 58 32 thé
1570 2168 83 21 avec
1678 2156 166 42 quelques
1872 2157 87 41 toast
1959 2157 29 41 ?
2017 2157 44 41 ;
2088 2158 22 32 il
2136 2170 55 21 me

1224 2201 189 43 répondit"
1429 2200 83 33 Bien
1530 2200 134 34 entendu
1772 2201 101 33 Alors
1887 2201 38 41 je
1944 2201 48 32 lui
2011 2202 117 33 sautai
2147 2215 43 20 au

1223 2260 70 27 cou,
1314 2245 174 40 Madame,
1507 2246 33 41 je
1561 2245 47 33 lui
1629 2244 81 33 criai
1730 2244 86 34 dans
1838 2246 47 33 les
1907 2258 75 29 yeux
1982 2258 46 29 :
2088 2247 104 33 Men-

1224 2292 65 39 teur
1289 2292 52 39 ",
1359 2298 33 25 et
1407 2290 33 41 je
1457 2289 29 33 le
1503 2290 63 32 mis
1584 2290 18 32 à
1620 2289 31 33 la
1670 2297 110 34 porte
1901 2290 101 41 après
2022 2291 169 33 toutefois

1225 2336 44 33 lui
1286 2335 92 34 avoir
1397 2334 155 42 présenté
1572 2346 56 21 ma
1648 2334 117 32 note."

1300 2379 90 34 Mais
1408 2379 44 33 les
1470 2378 124 34 femmes
1669 2378 11 33 ?
1699 2378 134 42 begaya
1852 2378 202 41 Françoise.

1301 2425 60 32 Les
1381 2423 140 33 femmes
1541 2431 79 25 sont
1640 2423 174 42 peut-être
1834 2436 126 20 encore
1981 2423 86 42 pire,
2089 2437 104 29 parce

1223 2470 134 41 qu'elles
1379 2476 154 24 mentent
1555 2480 83 21 avec
1659 2468 75 41 plus
1756 2467 197 42 d'adresse;
1977 2469 95 32 aussi
2092 2470 100 40 j'em-

1223 2514 85 41 ploie
1328 2525 44 21 un
1393 2521 96 24 autre
1511 2513 150 41 système
1681 2512 159 33 vis-à-vis
1862 2512 141 41 d'elles;
2024 2513 35 41 je
2082 2526 42 20 ne
2145 2514 46 32 les

1222 2558 107 42 oblige
1359 2558 17 32 à
1408 2569 130 21 aucune
1570 2556 214 41 restriction;
1815 2558 34 41 je
1881 2557 47 33 les
1962 2557 103 33 laisse
2096 2558 97 33 elles-

1223 2603 122 33 mêmes
1361 2601 133 33 décider
1510 2601 41 33 de
1567 2602 73 33 leur
1655 2613 124 30 propre
1796 2610 92 32 sort;
1904 2602 35 40 je
1956 2601 75 33 leur
2048 2602 145 42 indique

1222 2647 44 33 les
1298 2655 84 25 mets
1415 2646 57 41 qui
1502 2655 78 24 sont
1609 2645 189 34 contraires
1829 2655 35 24 et
1898 2658 87 20 ceux
2016 2647 61 41 qui
2112 2655 81 24 sont

1220 2691 161 40 favorables
1381 2691 44 40 ;
1441 2690 17 33 à
1473 2690 78 34 elles
1565 2690 135 33 d'avoir
1711 2690 30 33 la
1754 2702 136 30 sagesse
1903 2690 152 33 d'éviter
2068 2691 46 33 les
2128 2704 64 20 uns

1221 2746 32 24 et
1284 2736 178 41 d'adopter
1486 2735 45 33 les
1562 2743 127 26 autres.

1301 2782 43 32 Et
1362 2780 44 33 les
1424 2780 150 33 exercices
1574 2780 45 33 ?
1683 2779 174 34 demanda
1877 2779 201 41 Françoise.

1266 2825 64 34 Son
1348 2824 244 34 interlocuteur
1609 2836 34 21 se
1657 2832 166 25 contenta
1842 2824 43 33 de
1900 2837 35 20 se
1950 2824 106 40 lever,
2071 2824 121 33 ouvrit

1223 2882 63 21 une
1303 2878 95 34 porte
1417 2868 57 42 qui
1493 2881 33 21 se
1544 2869 156 33 trouvait
1725 2868 148 34 derrière
1898 2868 60 40 lui,
1982 2868 146 42 s'effaça
2156 2878 36 24 et

1221 2914 39 33 fit
1276 2923 110 25 entrer
1403 2914 180 33 Françoise
1610 2912 85 34 dans
1714 2926 67 20 une
1798 2914 96 41 pièce
1912 2913 210 34 encombrée
2148 2913 43 34 de

1222 2959 107 33 divers
1353 2958 161 33 exercices
1539 2958 42 33 de
1599 2958 263 42 gymnastiques
1889 2966 35 25 et
1947 2958 45 32 où
2021 2958 80 41 déjà
2130 2958 59 33 des

1222 3003 136 33 femmes
1377 3015 32 20 se
1426 3003 200 33 trouvaient
1643 3003 121 32 vètues
1780 3002 106 34 d'une
1902 3011 107 24 tenue
2027 3003 162 41 spéciale,

1221 3048 142 33 culottes
1396 3047 198 33 d'acrobate
1629 3056 34 24 et
1693 3047 174 33 chandail.
1916 3047 64 33 Les
2010 3059 86 21 unes
2127 3047 63 33 fai-

1222 3093 106 33 saient
1362 3092 56 32 des
1453 3091 158 40 haltères,
1650 3091 153 33 d'autres
1838 3092 46 32 du
1921 3091 162 41 trapèze;
2123 3104 68 20 une

1221 3137 120 33 blonde
1378 3136 261 41 grassouillette,
1681 3144 124 24 tenant
1844 3136 266 41 tragiquement
2144 3148 46 20 un

1222 3181 121 38 ballon,
1375 3181 28 32 le
1431 3180 145 33 dressait
1605 3193 76 20 vers
1708 3180 28 33 le
1761 3180 62 34 ciel
1849 3193 58 24 ou.
1922 3180 30 32 le
1978 3180 165 41 déposait
2171 3180 18 33 à

1219 3234 85 25 terre
1321 3237 81 21 avec
1423 3237 64 20 une
1503 3225 104 36 figure
1625 3225 218 41 suppliante;
1871 3237 68 20 une
1958 3224 168 33 brunette
2144 3237 46 20 un

1219 3282 62 30 peu
1302 3280 74 31 trop
1395 3269 121 41 râblée,
1535 3269 104 34 assise
1660 3281 56 20 sur
1736 3281 68 21 une
1826 3269 122 42 espèce
1967 3268 43 33 de
2029 3269 159 33 traineau

2712 280 142 36 mimait'
2869 282 59 34 des
2955 278 117 46 gestes
3084 280 41 34 de
3152 293 51 22 ra-

2710 341 115 20 meuse
2838 340 82 21 avec
2933 323 126 38 autant
3059 323 145 38 d'éner-

2709 373 53 40 gie
2786 373 104 42 qu'un
2918 372 152 34 membre
3087 370 40 33 de
3144 370 62 33 l'é-

2710 418 104 41 quipe
2823 426 171 33 gagnante
3003 414 178 36 d'Oxford.

2755 462 182 40 Françoise
2969 460 172 40 admirait,
3170 460 33 33 la

2709 505 133 34 bouche
2876 514 117 33 ouverte
2993 514 45 33 ;
3074 505 62 33 elle
3170 517 34 21 se

2707 551 171 42 précipita
2899 551 85 33 dans
3013 563 67 20 une
3097 549 108 43 petite

2707 595 97 40 pièce
2818 596 193 41 adjacente,
3026 594 181 43 se_dévètit

2706 651 43 20 en
2780 653 47 19 un
2862 649 79 25 tour
2970 640 42 33 de
3045 639 93 33 main
3173 647 35 25 et

2705 683 104 33 enfila
2829 685 63 33 elle
2912 685 101 40 aussi,
3032 697 66 20 une
3116 683 92 42 large

2705 728 135 33 culotte
2871 729 201 34 d'acrobate
3097 736 35 25 et
3161 740 45 20 un

2703 771 178 35 chandail.
2937 775 56 32 Un
3051 772 155 33 individu

2703 816 85 32 vêtu
2808 817 44 33 de
2871 819 102 32 blanc
2992 831 33 19 se
3040 817 166 42 précipita

2701 871 59 21 sur
2782 860 76 40 elle,
2878 863 31 32 la
2936 863 98 41 plaça
3061 874 56 20 sur
3142 874 65 19 une

2701 904 131 34 échelle
2847 906 165 41 verticale,
3012 906 76 41 lui
3113 906 94 32 éten-

2701 948 53 33 dit
2789 949 47 33 les
2870 951 159 40 muscles,
3060 950 45 32 lui
3140 950 65 32 tira

2701 992 46 33 les
2779 994 111 42 pieds,
2926 996 46 32 lui
3007 995 124 33 haussa
3159 994 45 33 les

2700 1037 155 41 épaules,
2899 1040 31 32 la
2972 1039 41 33 fit
3058 1046 145 31 monter,

2700 1081 192 35 descendre
2912 1092 184 31 remonter,
3112 1082 93 33 rede-

2700 1127 164 41 scendre;
2898 1128 185 41 Françoise
3118 1127 87 32 était

2700 1170 144 43 horrifiée
2844 1170 44 43 ;
2923 1185 62 20 son
3023 1172 180 39 bourreau,

2699 1215 157 42 lorsqu'il
2872 1217 109 33 sentit
2995 1229 66 29 que
3081 1228 36 20 sa
3135 1216 70 32 vic-

2700 1260 85 36 tim.e
2805 1261 79 32 n'en
2904 1261 148 42 pouvait
3069 1260 87 42 plus,
3172 1260 31 32 la

2700 1304 109 40 saisit,
2829 1305 186 33 l'entraîna
3034 1305 84 32 dans
3137 1317 67 20 une

2701 1357 100 25 autre
2817 1350 95 41 pièce
2928 1359 34 24 et
2976 1350 31 32 la
3020 1350 72 40 jeta
3106 1357 96 24 entre

2700 1393 46 33 les
2777 1394 113 32 mains
2921 1394 41 33 de
2994 1393 89 33 deux
3112 1405 90 20 mas-

2700 1450 115 21 seuses
2834 1439 172 32 suédoises
3029 1437 58 42 qui
3105 1437 95 32 éten-

2700 1482 116 33 dirent
2840 1482 183 41 Françoise
3050 1493 57 20 sur
3132 1493 68 20 une

2701 1527 94 33 table
2821 1536 35 24 et
2889 1540 33 20 se
2955 1527 126 32 mirent
3114 1525 17 33 à
3166 1525 31 33 la

2701 1584 130 20 masser
2871 1570 326 42 scientiifquement,

2700 1616 288 42 électriquement
3015 1624 35 24 et
3078 1614 120 33 chimi-

2700 1669 178 34 quement,
2922 1660 129 32 muscle
3099 1659 98 41 après

2701 1705 140 40 muscle,
2877 1704 75 34 nerf
2984 1704 98 42 après
3111 1703 85 40 nerf,

2701 1750 153 32 membre
2899 1749 98 42 après
3032 1748 165 34 membre.

2702 1794 182 41 Françoise
2938 1793 137 42 pensait
3131 1805 67 29 que

2701 1852 36 21 sa
2777 1839 155 33 dernière
2969 1839 104 32 heure
3111 1837 87 33 était

2702 1898 122 21 venue.

2748 1931 69 33 Peu
2837 1929 110 40 après,
2968 1928 62 33 elle
3048 1939 34 21 se
3103 1934 95 25 trou-

2236 1979 73 33 vait
2329 1979 128 34 devant
2476 1978 28 33 le
2524 1978 128 33 bureau
2671 1976 46 33 du
2770 1965 123 43 Grand
2918 1965 116 42 Maître
3106 1971 42 33 de
3165 1971 31 33 la

2236 2025 185 40 maigreur;
2451 2023 130 33 celui-ci
2610 2022 46 33 lui
2682 2020 114 34 tendit
2819 2032 68 20 une
2911 2018 108 43 petite
3043 2016 153 41 facture;

2238 2069 61 32 elle
2320 2069 131 41 rédigea
2470 2080 44 20 un
2532 2067 142 43 chèque,
2694 2066 104 32 d'une
2816 2064 93 33 main
2927 2061 258 35 tremblante.

2316 2114 95 33 Vous
2440 2112 195 33 reviendrez
2664 2109 121 35 demain
2868 2108 139 34 conclut
3034 2106 163 33 l'homme

2241 2170 65 20 aux
2322 2158 148 33 lunettes
2488 2157 172 33 blanches.

2287 2202 179 41 Françoise
2486 2201 86 33 était
2587 2201 85 33 dans
2690 2200 31 33 la
2739 2210 77 29 rue;
2833 2198 62 33 elle
2911 2196 96 34 avait
3023 2195 46 34 les
3092 2207 107 21 mem-

2241 2246 75 33 bres
2338 2247 122 40 brisés;
2482 2246 61 33 elle
2564 2258 41 21 ne
2627 2244 114 34 savait
2762 2243 76 42 plus
2864 2251 78 33 trop
2971 2240 44 34 où
3045 2239 88 33 était
3161 2251 37 21 sa

2241 2291 82 41 tête,
2346 2291 42 34 où
2413 2290 131 34 étaient
2567 2303 50 20 ses
2640 2290 61 40 bras
2701 2290 37 40 ;
2758 2287 133 34 devant
2914 2286 62 34 elle
2999 2284 201 34 tournaient

2242 2347 132 22 comme
2398 2348 40 21 en
2468 2347 45 21 un
2548 2335 77 33 rêve
2649 2334 46 33 les
2721 2333 227 33 instruments
2974 2330 42 34 de
3047 2328 153 43 supplice

2242 2379 137 34 décorés
2409 2380 45 32 du
2484 2391 79 21 nom
2596 2377 190 43 d'appareil
2808 2376 41 33 de
2877 2374 256 44 gymnastique,
3166 2381 35 25 et

2242 2424 62 33 elle
2323 2425 127 33 sentait
2469 2436 120 21 encore
2610 2436 57 20 sur
2687 2435 60 21 son
2768 2420 174 43 épiderme
2962 2418 171 43 horripilé,
3153 2417 47 34 les

2243 2469 110 33 mains
2373 2469 179 33 immenses
2569 2468 58 33 des
2646 2467 89 33 deux
2754 2477 190 22 masseuses
2964 2463 183 34 suédoises.

2288 2513 74 34 Elle
2390 2526 33 22 se
2452 2513 183 42 préciptita
2657 2512 84 32 dans
2763 2511 31 32 la
2815 2510 166 42 première
3006 2508 132 33 maison
3159 2506 41 34 de

2244 2557 59 33 thé
2320 2570 102 21 venue
2422 2570 35 21 :

2326 2603 145 33 Donnez
2488 2601 68 34 moi
2577 2614 45 20 un
2639 2613 97 22 verre
2754 2600 41 33 de
2815 2599 91 42 porto
2971 2597 149 41 dit-elle;
3138 2596 63 34 elle

2243 2646 30 33 le
2292 2646 64 34 but
2373 2655 80 25 tout
2470 2646 83 33 d'un
2572 2646 94 33 trait.

2319 2691 61 34 Un
2399 2691 154 41 autr-e";
2571 2691 61 33 elle
2649 2690 40 33 fit
2707 2689 41 34 de
2766 2689 117 32 même

2287 2735 112 42 Alors,
2417 2735 62 34 elle
2497 2748 33 20 se
2548 2735 106 33 sentit
2673 2734 133 41 mieux;
2834 2733 21 32 il
2876 2733 45 32 lui
2943 2731 129 34 sembla
3094 2730 108 43 qu'un

2243 2780 108 42 grand
2379 2780 78 34 bien
2483 2780 83 40 être,
2592 2779 85 34 ainsi
2701 2779 107 42 qu'un
2834 2777 106 42 grand
2967 2776 167 39 bonheur,
3156 2774 46 33 lui

2243 2825 162 41 arrivait;
2428 2824 62 34 elle
2509 2832 143 34 aperçut
2668 2823 41 33 de
2727 2835 73 29 gros
2820 2822 117 33 éclairs
2960 2833 42 21 au
3026 2820 176 40 chocolat;

2239 2869 63 33 elle
2319 2882 41 20 en
2378 2881 145 29 mangea
2541 2869 61 40 six,
2620 2877 34 25 et
2671 2880 132 21 comme
2820 2867 61 33 elle
2899 2879 33 20 se
2950 2865 129 34 sentait
3095 2864 109 42 légère

2238 2913 63 34 elle
2322 2914 147 33 termina
2491 2925 61 30 par
2572 2926 45 20 un
2637 2912 59 42 joli
2717 2911 174 34 cock-tail.

2285 2958 29 32 A
2346 2971 37 21 ce
2414 2966 154 25 moment
2590 2956 259 43 Jean-Bernard
2875 2964 117 32 entra;
3015 2954 19 32 il
3061 2961 142 34 aperçut

2241 3015 60 20 son
2320 3003 89 33 amie
2427 3002 193 41 Françoise.

2324 3048 93 32 Vous
2437 3046 41 34 ici
2497 3046 45 33 lui
2562 3046 90 33 dit-il
2673 3046 10 32 ?

2321 3091 67 34 Oui
2406 3103 80 21 mon
2505 3091 101 40 chéri,
2624 3091 32 40 je
2675 3089 148 34 mourais
2842 3089 41 33 de
2900 3089 102 40 faim;
3030 3096 35 25 et
3089 3087 67 32 l'on
3181 3099 22 29 y

2241 3136 104 41 goûte
2368 3136 27 33 si
2420 3136 78 33 bien
2523 3148 66 29 que
2611 3135 60 42 j'ai
2704 3134 108 33 résolu
2841 3134 59 41 d'y
2924 3133 98 33 venir
3051 3140 76 24 tous
3156 3131 45 33 les

2238 3181 107 41 jours.
2392 3180 45 33 Ils
2471 3192 85 20 vous
2588 3188 61 24 ont
2684 3192 66 20 une
2780 3178 175 42 spécialité
2979 3176 155 34 d'éclairs
3160 3188 40 20 au

2241 3225 169 39 chocolat,
2440 3225 84 32 c'est
2546 3224 17 32 à
2587 3225 70 32 s'en
2681 3223 83 33 faire
2787 3223 146 40 mourir;
2957 3221 137 34 demain
3118 3232 82 21 nous

2240 3281 41 21 en
2300 3281 203 29 mangerons
2522 3268 172 33 ensemble
2714 3280 66 20 une
2798 3265 189 35 douzaine

1095 3471 247 40 Amusez-vous,
1377 3471 167 41 Madame,
1578 3471 86 33 voilà
1698 3471 29 32 le
1760 3471 148 41 plaisir
2028 3470 29 33 le
2091 3470 122 42 plaisir
2246 3471 58 41 qui

1095 3516 113 33 attend
1227 3517 73 32 celle
1324 3516 55 42 qui
1399 3516 161 42 n'accepte
1585 3524 62 34 pas
1667 3516 99 32 d'être
1786 3516 72 33 telle
1879 3527 61 30 que
1966 3515 34 33 la
2028 3523 118 25 nature
2166 3515 32 33 la
2214 3515 40 41 fit
2275 3522 27 25 et

1095 3560 60 42 qui
1182 3561 121 34 voudra
1332 3561 87 33 avoir
1447 3573 64 20 une
1541 3561 89 41 ligne
1662 3560 168 42 aérienne,
1860 3561 65 33 être
1957 3572 126 20 comme
2115 3572 65 21 une
2211 3560 90 32 liane
