3593 5033
374 171 38 37 26
3333 184 217 46 YOGUE

365 271 210 35 JOLIES
624 274 296 34 ARTISTES

363 449 303 36 FRANÇAISES
701 453 139 34 DONT
867 454 59 32 LE

504 488 11 17 ?

363 628 194 34 TALENT
617 631 81 33 N'A
746 632 181 33 D'EGAL

358 803 121 39 QUE
547 805 66 34 LA
686 807 236 34 BEAUTE

3035 271 73 59 TR
3108 271 271 59 AGÉGIENNES
3379 271 73 59 OU
3452 271 101 59 CO.

3036 448 308 59 MÉDIENNES,
3362 469 120 35 LEUR
3501 471 52 35 VIE

3035 644 87 34 EST
3159 645 70 34 UN
3265 628 119 55 RÊVE
3384 628 167 55 D'ÉLÉ.

3032 823 191 35 GANCE
3286 825 265 36 HEUREUSE

1627 3203 92 21 Photos
1735 3203 122 25 Taponier

1626 3248 158 32 Madame
1815 3248 73 33 Eve
1888 3248 167 33 Francis
2088 3251 60 41 qui
2179 3253 89 34 dans

1661 3293 21 31 l'
1687 3292 137 32 Homme
1856 3292 20 33 à
1906 3292 33 32 la
1971 3293 124 32 Rose"
2123 3296 84 40 joue
2238 3300 30 32 le

1625 3337 63 32 rôle
1702 3336 37 33 de
1752 3336 33 33 la
1800 3336 167 33 Duchesse
1982 3337 39 32 de
2037 3338 121 35 Mines
2172 3350 95 33 porte

1624 3381 44 32 ici
1692 3393 63 20 une
1779 3381 73 32 robe
1878 3381 206 42 Moyen-âge
2109 3396 42 21 en
2177 3387 89 43 drap

1621 3425 145 41 d'argent
1791 3425 115 41 garnie
1932 3425 38 32 de
1997 3427 141 34 curieux
2165 3430 100 34 bour-

1611 3469 101 33 .relets
1727 3481 65 21 aux
1809 3469 122 39 hanches
1931 3469 47 39 ;
1994 3482 59 21 sur
2069 3472 34 33 la
2119 3474 61 32 tête
2197 3488 68 21 une

1619 3513 134 42 coiffure
1764 3526 38 20 en
1814 3514 175 32 bourrelets
2001 3515 151 42 d'argent
2166 3522 99 32 aussi

1615 3833 47 40 (A
1691 3834 102 33 droite
1795 3833 11 41 )
1839 3834 255 35 Mademoiselle
2130 3839 125 34 Valen-

1610 3878 79 33 tine
1689 3878 143 33 Tessier
1856 3879 58 41 qui
1932 3879 81 40 joue
2037 3893 46 21 au
2114 3883 140 35 Théâtre

1610 3922 46 33 du
1673 3923 106 32 Vieux
1791 3922 183 33 Colombier
1986 3932 92 33 porte
2090 3926 88 34 dans
2188 3941 64 22 son

1610 3967 66 32 rôle
1699 3967 38 32 de
1759 3967 34 32 la
1851 3967 171 33 Perichole
2080 3979 79 25 cette
2176 3974 76 33 robe

1606 4011 39 32 de
1656 4011 68 32 soie
1735 4023 34 20 or
1782 4011 236 41 enguirlandée
2032 4014 38 33 de
2082 4016 128 34 rubans
2221 4027 30 25 et

1608 4055 38 32 de
1659 4055 99 37 fleurs
1771 4067 115 29 rouges
1899 4063 29 25 et
1941 4057 144 34 violettes
2098 4072 74 21 avec
2184 4074 68 22 une

1608 4099 149 33 mantille
1790 4099 147 41 blanche,
1974 4102 65 32 très
2069 4105 180 35 castillane

1609 4443 45 41 (A
1668 4443 150 45 gauche)
1818 4443 263 45 Mademoiselle
2095 4451 160 44 Spinelly

1604 4495 90 33 porte
1717 4501 43 20 au
1782 4484 142 53 prenait*
1924 4484 95 53 acte
2039 4494 48 33 du
2148 4491 105 38 Roi"

1603 4544 45 20 au
1693 4530 146 35 Théâtre-
1866 4528 57 39 des
1976 4536 152 36 Variétés
2176 4550 78 26 cette

1602 4576 119 32 toilette
1743 4577 39 32 de
1805 4578 114 33 Poiret
1942 4592 41 20 en
2006 4589 91 34 peau
2120 4584 40 33 de
2182 4587 73 33 soie

1638 4619 116 34 banane
1823 4623 113 33 cernée
1953 4624 39 33 de
2008 4626 60 33 tête
2085 4628 40 33 de
2141 4629 110 43 nègre.

1604 4664 57 33 Un
1687 4665 81 42 petit
1796 4667 100 32 nœud
1918 4670 124 40 coquin
2067 4684 61 22 sur
2147 4674 29 33 le
2197 4676 56 33 de-

1597 4715 77 26 vant
1696 4710 139 33 retombe
1858 4723 40 21 en
1923 4712 123 43 longue
2071 4718 182 41 guirlande
