3683 5101
484 226 42 23 22
3253 197 240 42 VOGUE

494 310 72 74 A
714 310 183 73 LA
1036 286 850 108 CONQUÊTE
2030 310 179 73 DE
2324 306 186 77 LA
2652 306 841 76 MAIGREUR

1195 508 71 48 Le
1325 508 114 61 plus
1500 526 156 44 grave
1714 509 258 61 problème
2026 509 61 48 de
2148 509 342 61 l'esthétique
2549 507 244 49 féminine

1199 687 77 37 est
1328 676 63 48 de
1444 677 171 47 savoir
1666 688 253 37 comment
1973 678 194 47 arriver
2219 676 27 49 à
2301 676 191 63 perdre
2546 677 245 62 quelques

1195 860 255 43 grammes
1512 843 207 48 inutiles
1776 861 112 30 sans
1948 855 118 50 trop
2128 844 211 48 souffrir
2401 844 52 47 ni
2517 862 51 30 se
2624 844 170 61 priver

888 1340 50 33 De
954 1348 74 26 tous
1044 1340 47 33 les
1109 1348 162 26 moments
1288 1341 38 32 de

886 1385 34 33 la
941 1384 62 41 vie,
1003 1384 50 41 le
1076 1384 84 41 pire
1160 1384 67 41 est
1227 1384 101 41 celui

887 1429 43 32 où
952 1429 34 33 la
1010 1428 138 34 balance
1171 1429 156 34 inexora-

886 1473 77 42 ble
963 1473 96 42 vous
1059 1473 174 42 apprend
1265 1486 66 30 que

885 1529 78 21 vous
993 1517 118 34 devez
1111 1517 177 34 renoncer
1288 1517 40 34 à

883 1574 80 21 vous
982 1573 114 30 gorger
1120 1562 39 32 de
1188 1561 140 36 gâteaux

490 1930 328 98 FRANÇOISE
841 1930 127 33 n'était
989 1942 63 30 pas

594 1974 233 43 précisément
840 1986 135 30 grosse;
989 1974 64 34 elle

594 2019 100 33 avait
716 2019 32 33 la
770 2019 121 42 jambe
913 2019 139 41 longue,

478 2062 114 34 mince
630 2072 37 24 et
705 2063 81 34 bien
824 2063 158 41 tournée,
1023 2063 30 32 le

478 2106 79 33 bras
588 2107 108 34 d'une
723 2107 84 42 jolie
836 2107 152 34 rondeur
1017 2115 36 25 et

477 2150 47 34 les
553 2151 154 34 hanches
736 2152 197 41 gentiment
960 2163 93 30 gras-

477 2195 206 34 souillettes.
720 2196 123 39 Quant
856 2196 18 33 à
890 2208 37 21 sa
945 2195 107 41 taille,

477 2239 172 34 Madame
665 2240 122 34 Céline
802 2253 38 21 sa
856 2240 198 34 couturière

478 2283 154 52 préférée
675 2297 43 21 ne
760 2284 49 33 lui
851 2297 42 21 en
937 2284 116 33 aurait

476 2328 127 41 jamais
627 2328 54 33 dit
703 2328 33 33 la
760 2341 136 21 mesure
919 2337 133 32 exacte,

477 2384 60 21 car
582 2372 200 42 Françoise,
828 2385 86 21 avec
959 2381 95 25 cette

477 2417 175 33 courtoise
702 2416 233 43 imagination
985 2430 69 29 que

477 2460 70 33 l'on
582 2473 18 21 a
635 2461 161 42 toujours
830 2473 123 22 envers
987 2461 67 33 soi-

477 2505 124 40 même,
616 2505 157 42 lorsqu'il
788 2505 47 33 lui
850 2505 147 33 arrivait
1010 2505 44 34 de

477 2560 35 22 se
526 2549 218 42 contempler
758 2550 87 33 dans
859 2562 47 20 un
922 2550 130 40 miroir,

477 2592 98 34 avait
611 2606 151 30 presque
799 2594 101 33 envie
938 2594 42 33 de
1018 2607 36 20 se

476 2648 144 22 trouver
632 2638 132 41 maigre
777 2647 35 25 et
824 2651 89 29 pour
925 2651 46 20 un
985 2651 67 29 peu

475 2682 135 32 devant
645 2682 143 42 l'ample
825 2683 148 32 richesse
1010 2683 43 32 de

475 2737 52 21 ses
557 2726 154 41 épaules,
742 2739 36 20 se
808 2727 106 33 serait
943 2727 110 33 écriée

507 2769 113 41 Mais,
650 2771 96 41 juste
777 2771 56 33 ciel
833 2771 35 33 !
898 2771 62 41 j'ai
992 2771 61 33 des

475 2813 201 34 salières

520 2858 29 32 Il
568 2858 135 43 arriva
703 2858 58 43 un
761 2858 97 43 jour
858 2858 77 43 que
935 2858 118 43 Jean-

475 2900 157 35 Bernard
678 2903 117 40 revint
839 2903 85 32 d'un
971 2904 83 40 long

473 2958 148 39 voyage.
663 2947 89 41 Jean
774 2947 157 33 Bernard
952 2949 99 31 avait

474 2989 55 33 été
552 2990 158 42 pendant
731 2991 91 33 deux
844 2992 140 39 années,
1007 3005 43 20 en

474 3034 99 33 hardi
588 3035 220 41 navigateur,
820 3036 128 41 jusque
961 3036 88 32 dans

472 3077 48 34 les
548 3091 145 29 parages
722 3080 42 32 de
792 3080 75 32 l'Ile
895 3080 153 41 Rouzic;

472 3122 88 33 mais
586 3123 17 32 à
629 3124 100 40 peine
754 3124 115 32 rentré
893 3124 18 32 à
937 3124 111 40 Paris,

472 3178 36 20 sa
540 3167 169 41 première
739 3168 104 32 visite
873 3167 56 33 fut
959 3181 89 28 pour

472 3209 187 42 Françoise
680 3223 36 21 sa
739 3208 131 44 grande
892 3212 90 33 amie
1004 3212 43 33 de

471 3255 181 41 toujours;
675 3255 21 32 il
718 3255 148 33 l'enleva
888 3256 88 32 dans
998 3269 47 20 un

472 3299 121 41 rapide
634 3299 84 40 taxi,
760 3300 186 33 l'emmena
988 3300 58 33 dé-

468 3354 124 29 jeuner
610 3355 42 20 au
674 3343 82 33 Bois
858 3352 35 25 et
912 3356 37 21 ce
966 3345 80 40 jour

471 3386 43 40 là,
546 3387 38 32 ils
614 3400 42 20 ne
685 3387 161 33 dinèrent
875 3400 61 29 pas
967 3389 77 40 plus

470 3440 121 24 avant
744 3432 176 42 Quelques
946 3433 98 40 jours

470 3475 112 41 après,
621 3476 185 40 Françoise
843 3488 44 20 au
926 3476 116 33 milieu

470 3518 105 34 d'une
600 3520 245 33 conversation
873 3520 68 32 très
968 3529 76 24 ten-

469 3562 72 41 dre,
576 3563 174 33 demanda
785 3564 18 33 à
837 3564 88 41 Jean
961 3564 83 33 Ber-

470 3606 98 33 nard.
659 3607 121 41 Dites,
818 3620 81 20 mon
936 3608 105 40 chéri,

469 3651 147 41 qu'avez
646 3664 87 20 vous
764 3652 105 41 pensé
899 3651 43 34 de
972 3653 69 32 moi

468 3694 139 43 lorsque
660 3708 89 20 vous
803 3696 135 33 m'avez
992 3709 50 20 re-

469 3739 145 32 trouvée
630 3739 100 42 après
747 3739 90 33 deux
854 3740 126 33 années
998 3741 42 32 de

469 3783 181 41 séparation
650 3783 50 41 ?

552 3827 89 33 Mon
699 3827 122 41 aimée,
882 3828 157 42 répliqua

468 3870 264 42 Jean-Bernard
754 3884 84 21 avec
858 3872 30 33 le
909 3873 134 33 sourire

468 3914 85 34 d'un
577 3916 139 33 homme
739 3916 59 42 qui
822 3928 106 30 songe
950 3917 18 32 à
992 3930 46 19 un

469 3968 89 24 mets
575 3959 180 42 délicieux,
771 3960 62 42 j'ai
850 3961 106 41 pensé
973 3974 70 29 que

467 4015 88 21 vous
585 4004 90 34 étiez
703 4016 68 21 une
801 4005 111 41 petite
942 4005 101 33 caille

468 4047 80 34 bien
561 4059 116 30 grasse
689 4056 36 25 et
738 4048 78 33 bien
830 4048 114 34 dodue

514 4092 185 41 Françoise
746 4093 123 33 devint
915 4093 124 40 blême,

470 4136 303 42 intérieurement;
797 4150 84 20 avec
904 4150 38 21 ce
964 4146 76 25 tact

469 4181 178 41 supérieur
697 4181 61 42 qui
808 4193 152 31 manque
1011 4182 28 33 si

470 4225 210 33 totalement
699 4233 36 26 et
755 4225 26 33 si
802 4234 150 25 souvent
972 4238 68 21 aux

471 4269 168 41 hommes,
662 4270 63 32 elle
748 4282 42 21 ne
811 4270 47 33 lui
882 4270 157 42 répliqua

473 4326 60 30 pas
550 4314 84 43 qu'il
651 4314 98 33 avait
764 4314 108 42 perdu
890 4327 62 30 pas
969 4315 70 33 mal

473 4358 42 33 de
543 4359 153 33 cheveux
725 4358 45 33 du
800 4359 77 33 côté
905 4358 43 35 de
976 4371 61 21 son

474 4403 49 34 Ile
556 4403 130 34 Rouzic
719 4412 34 24 et
785 4416 67 30 que
884 4403 157 43 lorsqu'il

528 4562 153 34 Heureuse
681 4562 119 34 celle
826 4562 58 42 qui
909 4562 83 34 s'as-

526 4607 93 34 seoit
619 4607 125 34 devant
765 4619 65 22 une
851 4607 83 34 table
955 4607 38 33 de

527 4659 180 27 restaurant
707 4659 66 27 et
802 4659 95 36 peut
897 4659 96 36 com-

529 4697 137 33 mander
679 4709 48 21 un
739 4697 82 34 beau
832 4696 162 43 perdreau

537 4742 115 42 qu'elle
683 4741 129 40 dévore
812 4741 55 40 en
867 4741 130 40 entier

1518 1040 154 33 dormait
1707 1040 18 32 il
1761 1040 127 33 n'avait
1923 1040 74 42 plus
2034 1040 75 33 l'air
2144 1040 85 33 d'un
2268 1041 56 33 bel
2362 1040 127 34 enfant

1519 1084 229 42 romantique,
1770 1084 78 33 d'un
1870 1084 157 43 tragique
2049 1084 113 34 Rolla.
2209 1085 218 40 Seulement,
2452 1097 36 21 sa

1520 1129 187 33 résolution
1724 1128 50 34 fut
1789 1128 86 59 prise
1891 1128 272 34 instantanément
2163 1128 55 34 :
2276 1130 29 32 Il
2323 1129 81 34 faut
2421 1142 69 30 que

1517 1174 35 41 je
1570 1173 192 42 maigrisse

1566 1218 74 33 Elle
1662 1218 68 33 s'en
1751 1217 51 34 fut
1822 1217 171 34 consulter
2015 1230 50 22 ses
2089 1218 84 41 amies
2173 1218 43 41 ;
2240 1227 121 25 toutes
2385 1218 105 34 firent

1520 1262 124 33 chorus
1666 1262 17 33 à
1706 1275 57 20 son
1783 1261 167 42 émotion;
1972 1275 45 20 un
2040 1275 102 21 menu
2166 1262 106 42 digne
2293 1263 88 33 d'un
2405 1263 82 33 Sinn

1521 1307 122 33 Feiner
1674 1307 57 42 qui
1756 1315 80 25 veut
1868 1306 82 33 faire
1983 1307 30 32 la
2048 1307 102 41 grève
2183 1307 44 33 de
2256 1308 32 32 la
2319 1307 86 34 faim
2435 1307 56 33 fut

1521 1351 147 33 élaboré.

1566 1396 106 33 Liane
1691 1395 44 33 lui
1754 1395 42 33 dit
1796 1395 32 33 :
1884 1395 90 33 Pour
1993 1395 176 42 déjeuner,
2189 1396 98 42 juste
2308 1409 69 21 une
2398 1405 94 24 tasse

1521 1440 42 33 de
1583 1439 73 34 café
1676 1448 33 25 et
1728 1452 62 21 une
1810 1439 105 42 petite
1935 1440 166 33 tartine."

1566 1485 129 33 Hélène
1712 1485 98 41 ajouta
1810 1485 42 41 :
1907 1484 87 33 Rien
2012 1497 67 29 que
2097 1484 46 33 du
2162 1485 84 41 pain
2266 1485 136 41 grillé."

1567 1529 46 33 Et
1629 1528 221 34 Marie-Louise
1850 1528 51 34 :
1955 1528 47 33 Le
2019 1529 81 41 pain
2120 1529 76 33 noir
2212 1538 91 25 vaut
2321 1530 156 33 mieux."

1566 1573 93 33 Mais
1675 1573 98 33 Nicole
1773 1573 43 33 :
1869 1573 92 40 Non,
1979 1585 81 21 mon
2078 1573 102 42 petit,
2200 1574 72 33 rien
2292 1587 44 22 ne
2352 1583 91 25 vaut
2461 1574 31 33 la

1522 1618 172 43 reptation
1724 1630 55 20 sur
1811 1617 29 33 la
1873 1617 47 33 sol
1956 1617 42 33 de
2033 1626 36 25 ta
2105 1618 83 33 salle
2224 1618 44 33 de
2304 1619 97 33 bain.
2446 1619 47 33 Le

1520 1671 122 25 ventre
1660 1662 91 33 tombe
1751 1662 46 33 :
1816 1662 83 32 c'est
1918 1674 45 20 un
1983 1662 178 33 bonheur

1563 1706 98 34 Alors
1677 1706 113 34 Colette
1790 1706 43 34 :
1884 1705 70 34 Des
1967 1706 111 41 bains,
2094 1719 82 20 mon
2191 1707 108 41 chérJ
2315 1707 61 34 des
2392 1708 102 33 bains

1518 1759 93 25 turcs
1640 1763 43 21 ou
1714 1763 35 21 ce
1777 1750 56 43 qui
1864 1759 85 24 vaut
1982 1763 123 21 encore
2136 1750 129 42 mieux,
2298 1752 62 33 des
2393 1752 101 33 bains

1519 1807 121 22 russes.

1438 3329 145 33 Victoire
1639 3336 29 26 et
1723 3328 221 42 Espérance"
1966 3336 139 33 peuvent
2125 3329 64 34 être
2209 3330 47 33 les
2277 3343 99 22 noms
2396 3332 40 33 de
2456 3345 53 21 ces
2528 3334 87 34 deux

1395 3373 136 33 clientes
1558 3374 45 33 du
1629 3373 185 42 spécialiste
1840 3372 38 33 de
1904 3372 34 33 la
1965 3373 180 41 maigreur.
2199 3375 271 42 "Espérance"
2500 3391 41 20 en
2569 3387 45 25 est

1395 3430 115 20 encore
1544 3418 21 33 à
1596 3418 90 33 l'état
1716 3418 81 32 d'un
1830 3417 62 32 bon
1926 3417 135 33 Rubens
2094 3426 29 25 et
2159 3419 52 35 "V
2211 3419 174 35 ictoire"
2427 3423 109 33 exulte
2575 3424 38 33 de

1689 3462 149 42 posséder
1854 3461 55 33 des
1924 3461 107 42 lignes
2053 3463 259 42 Tanagrèennes

2667 1342 136 33 A-t-elle
2829 1342 106 42 perdu
2963 1343 143 35 l'amour

2667 1387 84 33 d'un
2759 1386 88 34 mari
2855 1387 63 33 très
2930 1388 80 34 aimé
3010 1388 98 34 fa-t-

2668 1431 59 33 elle
2742 1431 108 34 vendu
2866 1444 60 21 son
2946 1432 111 34 collier
3072 1434 38 33 de

2670 1474 118 44 perles?
2788 1474 44 44 ni
2832 1474 90 44 l'un
2932 1476 38 33 ni
2976 1477 133 34 l'autre:

2670 1520 107 43 ilfaut
2794 1520 179 35 seulement
2995 1523 115 39 qu'elle

2669 1577 35 21 se
2750 1564 112 33 décide
2906 1565 22 34 à
2970 1567 141 41 maigrir

2991 1920 70 33 Léo
3079 1919 124 33 insinua
3203 1919 31 33 :
3297 1918 49 44 Il
3346 1918 32 44 y
3378 1918 32 44 a
3410 1918 101 44 aussi

2946 1977 46 20 un
3011 1973 54 25 tas
3085 1964 43 33 de
3146 1964 168 42 systèmes
3333 1977 40 21 en
3393 1972 119 25 caout-

2944 2009 122 41 chouc,
3113 2008 59 34 des
3219 2009 187 41 bandages,
3452 2008 58 34 des

2943 2053 172 34 ceintures
3150 2053 59 42 qui
3243 2062 80 24 sont
3356 2053 155 34 merveil-

2943 2098 109 33 leuses
3086 2106 35 25 et
3154 2098 59 42 qui
3246 2106 186 34 procurent
3465 2110 44 20 un

2943 2143 147 33 résultat
3108 2142 191 42 inespéré."

2988 2187 47 33 Et
3049 2187 83 34 celle
3146 2199 68 30 que
3228 2187 68 33 l'on
3312 2187 153 42 appelait
3479 2186 30 33 la

2942 2232 115 33 bonne
3074 2231 97 34 Alice
3189 2232 141 33 conclut
3347 2231 83 33 d'un
3450 2240 58 24 ton

2942 2276 136 33 définitif
3078 2276 41 33 :
3152 2276 131 41 "Non,
3315 2276 194 41 Françoise,

2942 2321 71 33 rien
3038 2333 42 21 ne
3104 2329 88 25 vaut
3216 2320 224 41 l'électricité,
3464 2320 45 33 les

2942 2365 98 33 bains
3078 2365 218 42 électriques,
3335 2365 46 33 les
3419 2377 91 21 exer-

2939 2410 87 33 cices
3041 2409 206 43 électriques
3260 2418 36 25 et
3309 2417 79 25 tout
3401 2422 38 21 ce
3452 2408 57 43 qui

2941 2462 53 26 est
3022 2454 208 42 électrique;
3259 2454 183 33 Monsieur
3469 2453 41 34 de

2942 2499 120 33 Sallier
3079 2511 55 21 me
3151 2493 106 39 disait
3274 2498 84 43 qu'il
3374 2498 137 42 prenait

2942 2544 112 33 même
3079 2543 43 34 de
3147 2544 31 32 la
3206 2543 197 33 nourriture
3427 2542 84 34 élec-

2942 2588 125 42 trique,
3082 2588 86 32 mais
3180 2588 58 32 oui
3249 2587 225 42 Françoise.

2987 2627 185 46 Françoise
3199 2632 47 33 les
3273 2645 90 29 yeux
3390 2644 121 29 agran-

2941 2677 51 33 dis
3011 2677 133 33 devant
3163 2685 94 25 cette
3274 2677 104 32 chute
3402 2676 42 33 de
3462 2676 48 33 ré-

2942 2721 104 41 gimes
3063 2721 59 43 qui
3136 2721 46 33 lui
3197 2721 196 33 tombaient
3409 2733 57 20 sur
3480 2721 29 32 la

2942 2778 116 30 nuque
3078 2778 136 21 comme
3235 2766 42 33 de
3297 2766 31 32 la
3349 2765 100 42 grêle,
3470 2777 39 21 en

2942 2810 122 34 restait
3085 2811 47 33 les
3154 2823 92 29 yeux
3267 2810 156 40 ébaubis,
3446 2822 64 20 une

2942 2855 119 33 moitié
3079 2855 43 33 de
3139 2855 93 33 baba
3250 2867 43 21 au
3312 2855 87 32 bout
3416 2854 42 33 de
3475 2866 34 20 sa

2942 2899 170 42 fourchette
3112 2899 47 42 ;
3175 2899 63 33 elle
3254 2912 41 20 ne
3309 2908 65 33 put
3388 2899 123 33 l'ache-

2942 2956 72 28 ver,
3033 2944 30 33 le
3082 2956 84 30 posa
3185 2944 87 33 dans
3291 2956 61 21 son
3371 2943 140 33 assiette

2943 2988 111 33 sourit
3085 3001 41 21 en
3158 2988 132 33 faisant
3320 3000 46 20 un
3398 2987 112 40 effort,

2944 3042 116 24 rentra
3083 3034 83 33 chez
3188 3033 63 33 elle
3273 3041 35 25 et
3330 3032 180 33 s'enferma

2944 3078 87 33 dans
3052 3090 60 20 son
3134 3077 147 33 boudoir
3300 3089 87 30 pour
3407 3076 105 33 médi-

2945 3131 62 25 ter.
3059 3122 249 39 Qu'allait-elle
3336 3121 76 33 faire
3412 3121 39 33 ?
3481 3121 29 32 la

2943 3167 82 33 diète
3025 3167 42 33 ?
3119 3167 47 33 les
3218 3165 151 35 exercices
3369 3165 46 35 ?
3467 3165 44 33 les

2945 3211 86 33 bains
3031 3211 44 33 ?
3113 3211 47 33 les
3198 3211 106 42 petits
3341 3218 94 25 trucs
3471 3221 40 22 en

2944 3256 235 33 caoutchoucs
3201 3255 10 33 ?
3236 3255 114 33 suivre
3373 3267 45 20 un
3443 3266 69 30 sys-

2946 3301 91 32 tème
3065 3300 18 33 à
3113 3300 31 33 la
3174 3299 76 41 fois,
3279 3312 43 20 ou
3352 3299 90 33 deux
3468 3310 42 21 ou

2947 3345 75 33 trois
3022 3345 39 33 ?
3114 3344 138 34 Cruelle
3279 3343 134 42 énigme
3413 3343 38 42 !
3451 3343 59 42 oh

2945 3390 48 32 oui
2993 3390 37 32 !
3069 3389 126 33 cruelle
3233 3389 176 41 énigme

2947 3434 184 41 Françoise
3158 3446 41 21 en
3226 3433 88 33 était
3341 3432 141 34 terrifiée
3482 3432 29 34 :

2946 3479 63 33 elle
3052 3478 234 42 contemplait
3323 3489 51 21 ses
3417 3477 94 32 chers

2948 3523 78 33 bras
3053 3522 111 34 dodus
3196 3531 35 24 et
3263 3521 114 34 aurait
3406 3520 103 34 voulu

2947 3568 147 42 pouvoir
3147 3568 46 32 les
3248 3566 171 33 diminuer
3472 3564 39 33 de

2948 3612 118 33 moitié
3084 3612 70 33 rien
3170 3611 83 43 qu'à
3272 3611 45 33 les
3336 3609 174 42 regarder;

2947 3657 62 33 elle
3033 3656 131 42 passait
3187 3668 52 21 ses
3263 3655 111 33 mains
3397 3666 57 20 sur
3477 3665 32 21 sa

2945 3702 95 41 jupe,
3059 3713 34 21 se
3110 3700 218 33 demandant
3345 3699 26 32 si
3388 3711 62 29 par
3468 3710 42 20 un

2947 3745 151 43 mystère
3125 3743 302 34 invraisemblable
3452 3742 59 33 elle

2948 3790 133 33 n'allait
3114 3802 61 29 pas
3209 3789 77 33 voir
3318 3796 80 25 tout
3430 3787 80 32 d'un

2947 3847 88 29 coup
3090 3846 50 21 ses
3195 3833 152 33 hanches
3400 3831 112 34 couler

2947 3891 134 21 comme
3107 3878 104 33 d'une
3230 3886 117 25 statue
3365 3876 42 33 de
3427 3876 83 39 cire;

2947 3924 62 33 elle
3042 3923 87 33 était
3163 3922 78 33 bien
3276 3922 235 33 malheureuse

2976 3968 73 41 Oh,
3096 3967 141 41 maigrir
3283 3965 150 42 maigrir,
3479 3976 31 20 se

2947 4012 195 40 disait-elle,
3175 4011 18 33 à
3226 4011 79 43 quel
3338 4010 91 33 saint
3460 4020 50 21 me

2947 4070 118 27 vouer,
3088 4056 112 43 lequel
3224 4055 117 34 faut-il
3363 4055 146 37 chômer,

2947 4102 19 33 à
3017 4102 78 42 quel
3146 4101 94 33 autel
3292 4107 125 25 mettre
3466 4109 42 20 un

2948 4146 98 42 cierge
3046 4146 42 42 ?
3290 4144 144 34 Comme
3461 4153 48 21 ses

2948 4191 105 33 amies
3091 4190 46 33 lui
3175 4189 119 34 faisait
3329 4187 105 34 l'effet
3470 4185 40 33 de

2948 4236 127 42 petites
3140 4231 246 36 bienheureuses
3470 4230 40 32 de

2948 4280 173 33 troisième
3134 4279 112 39 ordre,
3262 4278 61 33 elle
3338 4290 33 20 se
3386 4275 123 34 résolut

2948 4325 120 33 d'aller
3082 4324 75 33 voir
3173 4321 53 35 le
3226 4321 143 35 "Grand
3385 4318 123 35 Saint"

2948 4369 87 33 dont
3086 4368 31 33 la
3177 4367 200 43 réputation
3425 4363 83 34 était

2950 4416 165 32 immense
3147 4425 136 20 comme
3321 4408 187 45 spécialiste

3004 4572 236 34 Malheureuse
3289 4569 76 34 celle
3412 4566 55 43 qui

3003 4617 68 33 doit
3104 4629 34 21 se
3173 4622 164 27 contenter
3370 4613 97 33 d'une

3004 4657 118 47 petite
3122 4657 135 47 sardine
3257 4657 153 47 grillée
3440 4663 27 26 et

3004 4719 40 21 en
3072 4705 181 42 contemple
3280 4704 111 33 l'arête
3411 4700 56 43 qui

3004 4750 48 43 la
3052 4750 146 43 regarde
3230 4747 236 43 ironiquement
