3657 5077
72 150 84 113 Ils
225 173 579 75 J
804 173 1448 75 anvi
2252 173 579 75 e
2831 173 580 75 r

72 272 3360 392 GYRALDOSE

58 602 72 95 I
860 648 216 62 pour
1134 628 132 68 les
1322 632 230 63 soins
1608 632 350 68 intimes
2018 642 106 66 de
2180 646 77 66 la
2314 648 308 66 femme

1817 983 111 2105 E
1928 983 111 2105 x
2039 983 111 2105 c
2150 983 111 2105 e
2261 983 223 2105 lIe
2484 983 111 2105 n
2595 983 111 2105 t
2706 983 507 2105 produit
3253 1010 74 23 non

191 1071 386 52 L'antiseptique
622 1084 96 37 que
2718 1042 169 61 toxique,
2954 1045 369 63 décongestionnant,

484 1088 227 71 q
938 1088 2164 71 anhleucorrhelque,
3161 1101 164 42 resolullf

193 1151 131 36 toute
381 1143 185 42 femme
614 1139 105 44 dOIt
2074 1150 26 41 <
2717 1167 36 30 et
2793 1152 228 46 cicatrisant.
3074 1157 139 41 Odeur
3250 1160 73 37 très

94 826 36 432 l
190 1214 135 45 avoir
362 1230 88 27 sur
488 1228 56 29 sa
583 1162 301 894 table
898 1166 2057 1488 agréable.
3016 1212 131 50 Usage
3173 1213 148 40 continu

303 1287 63 43 de
399 1288 207 42 toilette.
2808 1268 76 37 très
2917 1268 261 61 écoiomique.
3249 1268 73 40 s-

2866 1335 86 26 sure
2967 1339 50 24 un
3031 1322 186 42 blen-etre
3232 1321 89 43 reel.

806 1463 1577 458 Co

866 1927 1516 833 1
2989 2009 8 39 ¡

1211 2704 85 11 "",,'
1338 2721 53 15 p;¡',
1406 2718 31 17 ":
1465 2703 12 27 ;'
1744 2703 10 29 ",

1038 2754 202 120 ,il:;;';;:!"'
1244 2748 84 72 'ii
1368 2738 108 214 >/:>
1492 2828 302 138 ('\

184 2992 132 42 Chaque
350 2992 79 35 dose
460 2996 8 40 Jo
491 3004 8 24 t
570 2996 20 34 d
1380 2998 28 19 .:
1433 2964 1632 59 Etablissements
3074 2981 151 40 Chatelain,
3237 2980 17 28 2
3265 2990 46 19 rue

184 2992 140 51 Chaque
350 2992 77 56 dose
427 2992 109 56 jetée
570 2996 76 34 dans
1213 3015 313 31 de
1526 3015 1568 31 Valenciennes,
3102 3015 82 31 Pans.
3192 3022 26 20 et
3226 3021 84 21 toutes

183 3036 84 33 deux
306 3037 83 33 litres
432 3038 31 34 d
467 3054 55 19 eau
569 3055 73 19 nous
1438 3049 394 62 O'"
1832 3049 1186 62 pharmacies.
3051 3049 37 27 La
3103 3047 71 30 boîte
3183 3048 42 27 fco
3237 3047 71 31 6.50,

184 3080 103 35 donne
300 3081 40 35 la
340 3081 136 35 solution
490 3085 153 41 parfumée
777 3074 424 54 ':
1899 3074 175 54 la
2074 3074 409 54 double
2483 3074 351 54 boîte
2834 3074 295 54 Eco
3153 3081 17 32 )
3170 3081 60 32 0.50.
3244 3081 36 28 les
3292 3080 16 29 3

184 3139 62 27 que
254 3125 29 33 la
298 3084 370 87 '-
1914 3104 509 40 Eco
2423 3104 509 40 30
2945 3115 32 28 Er.

184 3182 79 28 pour
281 3170 43 33 les
342 3171 80 34 soins
438 3173 100 34 rituels
554 3173 39 35 de
609 3188 33 19 sa

182 3225 164 30 personne.

1323 3584 201 55 Sauvée,
1554 3588 153 53 grâce
1740 3584 31 49 à
1803 3590 50 43 la
1886 3589 300 54 Gyraldose.

173 3698 150 53 Lorsque
339 3713 80 20 nous
437 3714 107 21 aurons
567 3704 101 41 ajouté
693 3718 73 28 que,
784 3707 104 32 mieux
913 3719 113 21 encore
1050 3716 31 25 et
1107 3706 70 44 plus
1203 3706 171 36 facilement
1397 3707 113 44 qu'elle
1534 3707 104 35 n'aide
1865 3709 48 35 La
1931 3709 185 41 Gyraldose
2133 3705 177 35 désinfecte
2326 3719 119 20 comme
2461 3718 99 21 aucun
2581 3713 86 25 autre
2689 3702 125 44 produit
2840 3717 39 20 ne
2902 3703 138 42 pourrait
3065 3702 29 34 le
3117 3701 76 35 faire
3217 3703 83 32 étant

171 3747 17 30 à
205 3742 44 35 les
267 3745 114 40 guérir,
400 3744 29 34 la
453 3745 173 43 Gyraldose
643 3757 60 24 met
726 3752 17 29 à
768 3748 88 35 l'abri
881 3750 41 33 de
948 3750 28 34 la
1002 3752 124 33 métrite
1151 3752 44 33 les
1220 3751 126 35 femmes
1369 3754 51 41 qui
1444 3767 37 19 en
1506 3752 64 34 font
1596 3766 41 21 un
1830 3753 127 35 donnée
1974 3753 151 41 l'énergie
2142 3751 43 33 du
2203 3749 98 44 thymol
2301 3749 43 44 ;
2368 3758 28 24 et
2414 3748 59 34 elle
2490 3749 28 33 le
2537 3749 52 33 fait
2615 3762 66 19 sans
2703 3748 128 41 danger,
2849 3761 18 19 n
2880 3751 82 29 étant
2980 3746 166 34 nullement
3163 3745 136 41 toxique.

169 3797 139 25 constant
334 3802 98 28 usage
456 3803 76 29 pour
552 3791 43 34 les
617 3793 80 33 soins
717 3793 43 34 de
779 3793 30 34 la
834 3794 118 34 toilette
973 3796 116 38 intime,
1114 3795 22 34 il
1159 3810 78 19 nous
1258 3797 147 34 semblera
1425 3797 70 34 bien
1514 3796 123 35 difficile
1833 3798 71 34 Elle
1930 3798 139 41 déterge,
2099 3810 38 19 en
2163 3804 100 28 outre,
2290 3793 43 34 les
2358 3807 186 28 muqueuses
2570 3802 103 24 autant
2700 3791 115 43 qu'elle
2840 3793 101 32 arrête
2966 3800 85 24 toute
3083 3789 216 44 putréfaction,

168 3832 191 34 d'admettre
381 3847 64 27 que
462 3848 51 19 son
530 3836 143 34 efficacité
691 3839 104 41 puisse
812 3841 65 31 être
898 3839 192 42 aujourdhui
1113 3840 195 43 simplement
1329 3841 146 35 discutée.
1544 3841 93 34 Cette
1829 3856 124 20 comme
1970 3842 140 44 pourrait
2128 3840 28 34 le
2177 3840 75 33 faire
2273 3852 58 21 une
2351 3841 120 39 éponge
2495 3836 173 35 s'imbibant
2693 3838 148 32 aisément
2867 3836 41 33 de
2932 3835 139 39 tous
3089 3833 158 52 ptoduits
3258 3833 41 35 de

169 3877 147 34 efficacité
341 3877 44 33 de
410 3877 30 34 la
465 3879 173 42 Gyraldose
662 3895 78 20 nous
764 3897 18 19 a
806 3886 49 30 été
880 3885 82 32 aussi
987 3883 187 35 démontrée
1199 3884 95 35 d'une
1317 3886 85 42 façon
1426 3887 210 42 péremptoire
1829 3888 167 37 sécrétion,
2022 3890 90 38 grâce
2137 3888 17 30 à
2185 3883 157 35 l'alumine
2372 3881 138 35 sulfatée.
2559 3882 47 33 La
2637 3881 198 43 préparation
2859 3877 238 56 des,soly^ic(r|S|i
3111 3879 187 43 nécessaires

168 3921 78 34 dans
262 3921 45 34 les
324 3921 165 35 infections
505 3925 196 44 puerpérales
718 3936 42 29 et,
777 3941 38 20 en
832 3927 134 42 général,
985 3928 79 34 dans
1082 3928 44 34 les
1144 3930 95 33 suites
1257 3929 40 34 de
1315 3931 141 35 couches.
1829 3944 81 30 pour
1927 3931 44 34 les
1988 3932 83 33 soins
2088 3929 43 34 de
2147 3929 29 34 la
2193 3928 116 34 toilette
2325 3928 104 32 intime
2445 3936 44 24 est
2506 3926 55 34 des
2579 3926 68 43 plus
2668 3925 102 39 facile,
2791 3920 143 53 atten¥.
2934 3920 90 53 '(M
3037 3939 13 18 s
3054 3923 85 43 'agit
3145 3922 153 52 d'ajouter

1829 3975 197 45 simplement
2045 3979 17 30 à
2080 3973 81 35 l'eau
2179 3972 127 35 bouillie
2326 3971 42 37 les
2392 3972 153 42 quantités
2567 3970 163 42 indiquées
2751 3982 80 31 pour
2851 3963 90 58 ¥'
2959 3983 41 19 un
3024 3968 68 34 litre
3115 3967 41 35 de
3179 3967 117 42 liquide

958 4004 129 42 Prof.
1087 4004 172 42 LASSABA
1259 4004 131 42 TIE,
1829 4029 87 27 toute
1933 4023 70 41 prêt
2021 4031 81 32 pour
2123 4016 819 53 l'injection."
2942 4016 117 53 1
3059 4016 117 53 j
3176 4016 118 53 i

698 4064 126 35 Ancien
841 4064 189 42 Professeur
1030 4064 87 42 aux
1134 4066 117 35 Ecoles
1271 4068 38 33 de
1331 4068 166 35 Médecine
1520 4068 116 34 navale
2779 4026 129 102 Dr.
2908 4026 258 102 jGANAC.
3166 4026 64 102 j
3230 4026 65 102 t

786 4064 216 201 Ancien
1002 4064 247 201 Médecin
1249 4064 309 201 Principal
1558 4064 92 201 de
1650 4064 92 201 la
1742 4064 247 201 Marine.
1989 4064 92 201 de
2081 4064 92 201 la
2173 4064 247 201 Faculté
2420 4064 92 201 de
2512 4064 278 201 Médecine
2790 4064 92 201 de
2882 4064 411 201 Montpellier*

1998 4084 1213 150 :
3250 4127 43 36 e~

183 4262 962 20 —
1262 4268 957 13 -
2331 4200 464 112 ■
2795 4200 465 112 -

374 4328 178 53 Savon
586 4332 737 65 antiseptique
1323 4332 625 65 FANDORINE
2710 4330 202 53 Ovules

362 4412 73 55 à
435 4412 110 55 la
545 4412 405 55 GYRALDOSE
1332 4419 132 33 Arrête
1481 4419 50 33 les
1548 4419 265 40 hémorragies.
1864 4420 200 40 Supprime
2087 4418 50 33 les
2209 4385 10 100 |
2513 4413 79 54 à
2592 4413 118 54 la
2710 4413 398 54 GYRALDOSE
3363 4385 31 78 I

1369 4484 170 29 vapeurs,
1573 4474 207 38 migraines,
1812 4473 291 40 indispositions.

258 4520 232 42 indispensable
520 4535 79 29 pour
629 4522 30 34 la
690 4523 118 35 toilette
832 4524 106 34 intime
963 4533 29 24 et
1017 4523 44 34 les
1577 4517 104 42 Évite
1712 4526 181 33 l'obésité.
2409 4523 309 43 décongestionnants
2740 4532 30 24 et
2793 4522 234 42 antiseptiques,
3043 4518 166 45 préventifs

255 4579 159 34 affections
447 4581 40 34 de
519 4582 28 34 la
578 4597 80 29 peau
690 4591 31 25 et
753 4584 44 34 du
828 4585 67 33 cuir
917 4584 143 39 chevelu,
1335 4593 47 34 Le
1408 4594 97 33 flacon
1532 4593 92 43 (pour
1649 4608 60 19 une
1726 4594 99 41 cure),
1842 4593 108 34 franco
1972 4594 37 33 12
2029 4593 36 34 fr.
2085 4593 51 37 50,
2483 4594 29 24 et
2529 4584 124 34 curatifs
2669 4583 57 34 des
2743 4583 150 34 maladies
2910 4582 41 33 de
2968 4582 28 34 la
3012 4582 122 33 femme.

162 4641 60 43 Le
222 4641 101 43 pain
323 4641 81 43 fco
404 4641 40 43 5
444 4641 81 43 fr.
525 4641 60 43 50
585 4641 40 43 ;
625 4641 81 43 les
706 4641 40 43 3
746 4641 81 43 fco
827 4641 60 43 15
887 4641 106 43 fr.
1334 4646 55 34 les
1389 4646 27 34 3
1416 4646 55 34 fco
1471 4646 41 34 36
1512 4646 73 34 fr.
1631 4647 43 33 Le
1674 4647 115 33 flacon
1807 4645 125 40 d'essai,
1944 4647 50 33 fco
2004 4647 21 33 6
2036 4647 35 33 fr.
2085 4646 51 34 50.
2410 4645 48 34 La
2490 4645 83 34 boîte
2605 4644 49 34 fco
2686 4645 21 32 6
2738 4644 35 33 fr.
2808 4645 65 37 50;
2913 4642 45 35 les
2989 4643 18 33 3
3034 4642 50 34 fco
3113 4640 41 35 18
3154 4640 55 35 fr.

516 4724 1643 88 .-..,.-.,-

307 4855 20 18 F
