3695 5137
488 229 36 31 18
3283 200 248 43 VOGUE

2998 324 93 34 Pour
3112 325 35 33 la
3169 324 166 34 Comtesse
3356 325 37 34 de
3415 325 122 34 Luber-

2997 382 56 21 sac
3093 369 164 35 Nathalie
3296 382 21 21 a
3355 370 69 34 créé
3463 378 75 26 cette

2997 414 141 42 coiffure
3162 421 137 36 seyante
3324 414 144 36 destinée
3495 428 43 21 au

3208 459 123 34 théâtre

492 1312 142 75 LA
746 1310 671 74 PARISIENNE
1514 1304 494 79 REVIENT
2104 1306 222 75 PAR
2438 1306 516 77 MOMENT
3048 1306 75 75 A
3224 1306 313 77 PARIS

643 2540 165 34 Madame
837 2542 246 46 Dean-Bushby
1083 2542 248 46 affectionne

641 2584 47 33 les
711 2585 158 43 coiffures
887 2587 39 33 de
943 2588 124 34 théâtre
1084 2602 41 21 en
1145 2591 94 34 satin
1256 2591 75 33 bleu

641 2629 40 33 de
706 2630 114 34 Poiret
845 2631 115 34 brodée
985 2640 29 26 et
1039 2634 98 34 ornée
1162 2635 39 34 de
1224 2636 107 43 perles

494 2804 105 98 A

605 2803 33 34 U
664 2812 203 27 restaurant
895 2814 36 25 et
958 2806 89 34 dans
1076 2808 48 34 les
1153 2809 90 42 thés,
1272 2810 202 42 impossible

624 2848 178 34 d'obtenir
828 2863 68 21 une
922 2851 82 34 table
1004 2851 42 34 :
1073 2853 47 34 les
1147 2855 266 34 conversations
1439 2868 34 21 se

630 2893 133 34 mêlant
796 2894 47 34 les
876 2907 87 22 unes
990 2909 68 21 aux
1081 2907 130 32 autres,
1238 2900 86 33 c'est
1349 2913 47 20 un
1423 2913 50 21 ra-

485 2950 112 30 mage,
613 2938 89 33 alors
720 2951 69 29 que
806 2939 48 34 les
872 2952 93 30 yeux
982 2950 82 25 sont
1082 2935 160 43 distraits
1256 2957 45 21 ou
1316 2944 158 35 charmés

486 2995 63 30 par
564 2990 82 25 tout
664 2995 38 21 ce
721 2983 104 42 qu'ils
844 2984 220 34 voient.

531 3027 266 43 Raconterai-je
823 3041 38 21 ce
888 3042 68 30 que
981 3030 63 42 j'ai
1070 3044 61 29 vu,
1159 3033 61 42 qui
1247 3046 42 22 ne
1315 3034 70 33 m'a
1412 3047 62 29 pas

485 3072 50 41 plu
535 3072 39 41 ?
624 3071 268 36 Certainement
917 3086 82 30 non,
1026 3076 88 34 mais
1137 3077 36 42 je
1198 3078 127 34 retiens
1350 3091 38 21 ce
1413 3079 59 43 qui

485 3117 70 32 m'a
578 3116 50 42 plu
628 3116 38 42 :
688 3116 149 35 d'abord
860 3127 94 26 cette
976 3129 94 25 sorte
1092 3121 43 34 de
1157 3122 99 35 béret
1277 3123 108 42 drapé
1407 3136 68 30 que

485 3169 146 33 portent
653 3162 164 41 quantité
840 3162 43 34 de
906 3163 122 35 femmes
1028 3163 53 35 :
1104 3167 86 41 qu'il
1214 3168 68 33 soit
1304 3180 41 21 en
1369 3169 104 40 satin,

484 3218 43 20 en
552 3205 140 34 velours
717 3218 45 21 ou
788 3219 43 21 en
857 3208 93 33 satin
976 3209 80 42 ciré,
1083 3223 38 21 ce
1147 3211 135 35 bonnet
1306 3212 110 43 prend
1442 3213 32 34 la

484 3250 75 33 tête
584 3258 223 26 exactement
832 3264 137 23 comme
994 3266 47 21 un
1068 3254 135 36 bonnet
1228 3257 43 34 de
1296 3265 117 34 coton,
1439 3266 36 25 et

485 3302 101 26 toute
602 3295 186 42 l'ampleur
803 3305 54 25 est
874 3299 141 32 ramené
1032 3298 18 34 à
1068 3299 114 35 droite
1199 3310 36 25 et
1251 3302 110 34 nouée
1377 3311 98 25 entre

484 3338 143 34 l'oreille
646 3347 37 25 et
700 3339 95 42 l'œil,
817 3353 86 22 avec
923 3342 47 34 les
990 3356 88 29 pans
1098 3344 44 34 de
1161 3358 38 21 ce
1220 3347 106 33 nœud
1347 3356 128 25 retom-

485 3383 89 33 bant
592 3396 41 21 en
653 3392 121 25 avant.

531 3427 99 34 C'est
660 3429 179 34 vraiment
870 3430 32 33 là
935 3444 69 21 une
1035 3432 105 35 chose
1172 3435 71 34 très
1276 3445 197 33 amusante,

484 3484 105 30 parce
613 3473 107 42 qu'on
745 3473 108 34 dirait
876 3487 69 30 que
969 3476 33 33 la
1025 3476 131 35 femme
1180 3491 20 21 a
1225 3493 79 29 reçu
1330 3493 59 21 sur
1412 3494 62 21 son

484 3516 172 43 chapeau,
674 3530 47 20 un
739 3530 91 30 coup
849 3518 42 35 de
908 3520 108 42 poing
1033 3530 36 25 et
1086 3535 68 30 que
1172 3524 137 35 celui-ci
1327 3525 146 35 enfoncé

482 3561 193 42 jusqu'aux
692 3574 103 30 yeux,
816 3575 35 22 se
870 3572 127 27 trouve
1014 3565 216 43 légèrement
1248 3570 44 33 de
1310 3578 147 28 travers.

530 3606 48 33 Le
596 3606 92 33 satin
707 3607 76 33 noir
800 3616 36 24 et
853 3608 30 33 le
901 3609 93 33 satin
1013 3610 90 34 brun
1121 3611 218 37 fournissent
1356 3623 117 26 toutes

483 3649 47 34 les
547 3650 113 41 robes,
676 3659 36 25 et
727 3663 38 22 ce
780 3652 60 42 qui
857 3665 55 21 me
927 3653 67 34 fait
1008 3655 131 42 plaisir,
1156 3657 88 35 c'est
1259 3672 68 29 que
1342 3659 32 34 la
1391 3660 83 34 robe

484 3693 243 43 d'après-midi
755 3708 22 21 a
802 3709 53 21 ses
883 3699 166 33 manches
1077 3700 158 44 longues,
1264 3704 32 33 la
1325 3705 149 34 manche

484 3739 152 34 collante
662 3739 218 35 descendant
905 3754 44 21 au
976 3743 77 34 delà
1080 3745 47 33 du
1154 3747 147 42 poignet
1325 3757 37 25 et
1387 3749 87 33 bou-

484 3784 129 33 tonnée
639 3796 59 20 sur
722 3797 69 21 une
816 3786 70 33 très
912 3786 128 43 longue
1066 3788 163 45 hauteur,
1257 3805 38 21 ce
1320 3793 61 42 qui
1407 3793 66 35 fait

484 3826 155 43 paraître
662 3828 31 33 la
718 3829 95 33 main
836 3843 125 22 encore
983 3832 78 42 plus
1084 3834 113 41 petite
1220 3845 37 25 et
1280 3837 59 43 qui
1364 3838 109 34 n'em-

483 3872 109 41 pêche
611 3885 63 30 pas
693 3873 47 34 les
759 3873 146 35 femmes
925 3875 43 34 de
988 3885 108 25 rester
1114 3878 48 34 les
1182 3881 114 34 mains
1317 3894 96 30 nues,
1434 3896 38 22 ce

483 3916 144 43 qu'elles
663 3918 144 34 avaient
841 3919 79 43 déjà
956 3921 184 44 beaucoup
1176 3925 91 34 aimé
1302 3926 31 33 la

483 3961 116 34 saison
634 3961 176 43 dernière;
844 3964 90 33 leurs
970 3966 105 34 belles
1109 3968 133 42 bagues
1276 3983 59 21 en-

483 4005 123 34 voient
623 4005 60 34 des
702 4019 127 30 rayons
848 4008 69 33 très
936 4009 70 34 loin
1025 4019 36 26 et
1077 4011 88 34 dans
1183 4013 152 35 l'ouver-

484 4058 77 25 ture
580 4050 43 34 de
641 4050 74 34 leur
734 4052 83 33 robe
830 4070 45 5 -
889 4065 59 21 car
966 4055 70 33 très
1055 4068 67 30 peu
1141 4066 65 25 ont
1224 4059 109 34 choisi

483 4094 59 33 des
570 4095 70 33 cols
668 4104 183 26 montants
865 4115 46 5 -
924 4110 39 22 ce
989 4108 81 25 sont
1095 4102 162 41 toujours
1284 4103 48 34 les

483 4138 91 34 deux
596 4152 46 20 ou
667 4140 85 33 trois
777 4153 102 30 rangs
903 4142 43 34 de
969 4144 111 41 perles
1104 4146 60 42 qui
1187 4148 146 33 veulent

483 4183 73 33 être
578 4183 217 36 dissimulées
818 4194 36 25 et
876 4187 108 42 qu'on
1007 4190 157 41 aperçoit
1186 4199 82 26 tout
1289 4192 44 34 de

484 4228 124 33 même.

530 4272 29 34 Il
580 4285 24 29 y
625 4285 20 21 a
667 4286 69 21 une
756 4274 175 35 tendance
953 4277 69 34 très
1046 4280 177 42 marquée,
1246 4282 86 33 c'est

485 4316 245 43 indiscutable,
758 4319 18 33 à
805 4328 118 33 porter
950 4321 59 34 des
1038 4323 99 34 robes
1165 4326 165 41 ajustées,

486 4362 85 33 mais
588 4361 70 34 ceci
676 4363 89 33 n'est
781 4376 62 29 pas
861 4364 31 33 la
910 4366 113 41 mode,
1041 4368 87 33 c'est
1144 4381 68 22 une
1229 4371 102 33 mode

486 4406 106 43 qu'on
608 4406 99 34 lance
723 4416 36 24 et
774 4420 68 30 que
859 4410 170 34 certaines
1047 4411 146 36 femmes
1211 4415 119 34 avides

486 4451 42 34 de
560 4451 33 33 la
627 4451 156 35 dernière
817 4455 213 42 nouveauté,
1064 4466 146 32 portent
1243 4473 89 29 pour

486 4508 137 30 essayer
641 4495 43 34 de
702 4509 86 21 nous
807 4505 126 26 tenter.

532 4540 97 35 C'est
647 4541 86 33 ainsi
752 4554 68 30 que
836 4542 62 42 j'ai
916 4555 61 29 vu,
996 4556 44 21 au
1061 4545 93 42 Ritz,
1174 4559 69 23 une
1262 4549 70 34 très

485 4585 82 43 jolie
598 4586 105 42 jeune
736 4585 129 35 femme
898 4587 129 35 blonde
1062 4590 149 35 habillée
1245 4593 85 34 d'un

487 4643 141 29 corsage
656 4630 19 34 à
703 4631 131 42 pointe,
864 4632 68 33 très
961 4633 143 43 collant,
1134 4648 85 22 avec
1245 4638 86 42 jupe

488 4675 134 42 évasée,
657 4675 19 34 à
709 4675 84 34 trois
826 4676 141 34 volants
1001 4678 43 34 de
1077 4680 128 35 taffetas
1205 4680 43 35 :
1283 4683 47 34 les

489 4720 149 34 devants
658 4720 133 35 étaient
808 4721 101 34 ornés
928 4721 86 35 d'un
1031 4724 104 42 jabot
1154 4725 43 35 de
1215 4726 115 36 vieille

489 4765 263 43 Valenciennes,
768 4774 81 26 tout
864 4779 135 22 comme
1015 4780 57 22 sur
1087 4769 48 34 les
1153 4771 99 34 robes
1269 4771 60 34 d'il

490 4823 24 32 y
531 4823 19 23 a
568 4823 68 22 une
652 4811 183 42 vingtaine
851 4811 176 36 d'années.

1555 1505 96 48 Les
1713 1505 179 48 soirées
1958 1521 64 31 au
2095 1502 229 61 théâtre,
2389 1502 71 48 les

1556 1688 271 62 emplettes
1887 1699 51 37 et
2004 1688 44 49 le
2120 1689 157 49 home
2340 1701 121 38 sont

1557 1874 258 62 prétextes
1868 1873 27 49 à
1950 1874 181 49 modes
2188 1875 271 49 nouvelles

1685 3017 48 33 La
1769 3017 160 33 Comtesse
1964 3014 90 42 Jean
2090 3014 38 33 de
2166 3014 189 34 Moustiers

1684 3058 108 79 porte
1792 3058 36 79 à
1828 3058 54 79 la
1882 3058 90 79 rue,
1972 3058 54 79 ce
2026 3058 163 79 tricorne
2189 3058 54 79 de
2243 3058 112 79 Lewis

1683 3119 39 21 en
1733 3106 89 34 satin
1834 3104 73 34 noir
1920 3115 71 22 avec
2002 3103 82 34 voile
2094 3104 31 22 —
2184 3104 136 33 Baouta

1855 3161 39 22 en
1912 3148 171 43 Chantilly
2100 3148 76 34 noir

1612 4689 51 33 La
1683 4689 78 41 plus
1781 4688 143 34 nouvelle
1924 4688 80 34 des
2024 4688 199 35 nouveautés

1610 4732 79 35 c'est
1705 4733 30 34 li
1752 4733 165 35 manchon
1936 4740 29 26 et
1981 4733 31 34 le
2029 4734 50 33 col
2095 4733 128 34 tricotés

1610 4789 41 23 en
1682 4777 115 43 laine,
1797 4777 132 43 portés
1962 4786 63 34 par
2060 4778 162 35 Madame

1795 4823 137 33 Charles
1950 4823 89 33 Max

2703 2548 165 34 Madame
2901 2548 104 34 Louis
3042 2546 109 34 Trézel
3181 2554 93 35 porte
3304 2553 76 26 cette

2703 2593 141 42 coiffure
2886 2592 177 44 flamande
3112 2605 40 20 en
3205 2591 173 41 Chantilly

2704 2637 76 34 noir
2808 2645 29 26 et
2866 2638 98 42 galon
2995 2644 125 35 argent,
3149 2637 39 33 de
3217 2636 163 34 Nathalie

2597 2802 67 33 Par
2690 2808 131 32 contre,
2848 2808 35 25 et
2908 2799 85 34 c'est
3020 2797 31 33 là
3078 2797 32 33 la
3138 2796 115 39 mode,
3282 2797 20 32 il
3330 2796 108 35 existe
3465 2810 68 21 une

2549 2846 154 34 certaine
2719 2844 109 44 petite
2844 2844 81 34 robe
2941 2844 18 33 à
2975 2841 129 35 double
3118 2842 96 42 jupe,
3232 2842 84 33 celle
3332 2841 42 34 de
3389 2842 143 34 dessous

2550 2904 42 21 en
2623 2890 139 34 velours
2794 2889 74 33 noir
2898 2902 44 21 ou
2975 2900 42 22 en
3050 2899 107 29 serge,
3191 2895 204 25 recouverte
3427 2887 106 34 d'une

2549 2935 149 35 seconde
2725 2935 85 42 jupe
2838 2934 232 34 entièrement
3100 2932 135 42 plissée,
3266 2931 69 34 soit
3364 2944 41 21 en
3436 2944 96 30 serge

2548 2980 170 35 écossaise
2737 2979 94 34 noire
2849 2987 36 25 et
2903 2991 117 29 rouge,
3040 2976 68 34 soit
3126 2976 107 33 d'une
3251 2984 102 25 autre
3370 2977 160 41 couleur;

2549 3034 56 25 cet
2622 3024 149 35 écossais
2790 3024 143 34 s'arrête
2952 3021 183 36 au-dessus
3159 3021 42 34 de
3227 3021 31 33 la
3284 3021 135 34 hanche
3443 3034 89 30 pour

2550 3070 118 34 laisser
2707 3077 138 26 monter
2883 3082 46 20 un
2968 3079 142 29 corsage
3148 3066 104 40 droit,
3292 3078 103 30 genre
3434 3066 98 34 robe-

2550 3115 162 40 chemise,
2730 3127 41 21 en
2789 3126 95 29 serge
2899 3127 45 21 ou
2961 3125 42 22 en
3020 3111 150 40 velours,
3187 3123 138 21 comme
3341 3110 31 33 la
3387 3111 85 42 jupe
3488 3111 43 33 de

2549 3160 154 41 dessous,
2725 3167 36 26 et
2784 3171 37 21 ce
2845 3171 141 29 corsage
3006 3156 59 43 qui
3088 3156 89 34 n'est
3200 3156 193 33 nullement
3416 3156 116 42 ajusté

2550 3214 54 25 est
2629 3212 222 27 exactement
2878 3203 42 34 de
2946 3203 32 33 la
3006 3202 112 32 même
3145 3200 111 34 forme
3282 3213 69 30 que
3378 3208 78 26 tous
3484 3200 47 34 les

2550 3250 104 34 hauts
2670 3250 59 33 des
2745 3248 100 34 robes
2860 3261 68 30 que
2943 3259 86 22 nous
3045 3258 109 21 avons
3170 3245 118 43 portés
3304 3245 122 42 depuis
3441 3245 90 34 deux

2549 3307 44 21 ou
2613 3295 84 34 trois
2716 3306 73 21 ans.

2597 3341 47 33 Le
2661 3338 136 35 comble
2816 3337 42 34 de
2876 3338 186 41 l'élégance
3081 3343 52 25 est
3152 3334 42 34 de
3214 3343 130 33 porter,
3364 3346 57 21 sur
3439 3343 93 25 cette

2551 3385 111 45 petite
2694 3383 93 40 robe,
2821 3395 67 21 une
2920 3394 86 30 cape
3038 3392 41 22 en
3112 3392 95 29 serge
3239 3392 44 21 ou
3318 3391 41 21 en
3392 3380 138 33 velours

2549 3430 149 36 doublée
2716 3428 42 34 de
2775 3428 32 33 la
2826 3427 113 42 partie
2956 3424 181 36 écossaise.
3180 3424 27 33 Il
3227 3433 53 24 est
3299 3423 233 34 indiscutable

2550 3488 68 32 que
2652 3475 30 33 le
2717 3473 221 33 raffinement
2972 3479 36 26 et
3042 3470 32 33 la
3110 3469 184 34 recherche
3329 3468 45 33 du
3410 3468 121 41 détail,

2548 3510 151 54 qualités
2724 3518 79 33 bien
2829 3516 201 42 françaises,
3056 3514 190 42 persistent
3271 3526 43 21 au
3341 3512 192 35 détriment

2549 3566 43 34 de
2616 3564 120 35 l'effet.
2784 3561 98 34 C'est
2905 3574 47 21 un
2976 3559 161 35 bonheur
3160 3571 68 30 que
3252 3558 43 34 de
3320 3558 158 34 marcher
3502 3558 30 33 le

2549 3612 82 41 long
2660 3608 60 34 des
2751 3619 76 22 rues
2858 3606 46 34 du
2935 3614 120 26 centre
3084 3603 43 34 de
3157 3604 31 32 la
3218 3603 94 40 ville,
3345 3602 88 34 alors
3464 3616 68 30 que

2549 3656 193 33 délaissant
2759 3664 88 31 pour
2865 3651 168 43 quelques
3052 3648 152 33 minutes
3224 3647 74 34 leur
3315 3647 150 41 voiture,
3485 3648 47 33 les

2550 3700 145 35 femmes
2717 3704 90 26 vont
2828 3695 84 34 d'un
2936 3693 158 44 magasin
3117 3692 18 34 à
3158 3705 47 20 un
3228 3700 114 25 autre.
3389 3692 46 33 Le
3457 3704 74 21 cos-

2548 3754 98 25 tume
2657 3751 64 33 est,
2735 3742 80 33 bien
2829 3740 167 40 entendu,
3009 3738 106 34 d'une
3129 3749 110 30 coupe
3252 3737 245 42 irréprochable
3497 3737 35 42 :

2550 3791 127 41 longue
2713 3800 44 21 ou
2793 3794 121 25 courte
2947 3786 164 41 jaquette
3147 3794 79 21 sans
3263 3780 189 43 garniture,
3489 3781 43 34 si-

2550 3848 69 21 non
2651 3845 48 22 un
2731 3831 52 34 col
2817 3838 35 25 et
2885 3830 59 34 des
2970 3836 200 36 parements
3195 3826 43 34 de
3262 3826 171 41 fourrure,
3459 3839 74 21 cos-

2550 3889 98 25 tume
2677 3889 79 22 sans
2787 3874 159 43 ampleur
2975 3885 136 22 aucune
3141 3872 18 33 à
3190 3871 113 33 moins
3333 3871 199 42 cependant

2685 3922 85 33 d'un
2793 3920 133 33 certain
2951 3925 228 27 mouvement
3202 3915 60 34 des
3287 3916 162 42 basques.
3497 3915 34 34 Si

2685 3978 87 22 vous
2790 3965 197 42 approchez
3004 3963 44 33 de
3064 3962 94 33 l'une
3174 3960 42 34 de
3234 3973 55 21 ces
3308 3960 223 34 charmantes

2685 4011 157 39 femmes,
2866 4022 89 21 vous
2979 4016 113 34 voyez
3115 4005 42 34 de
3181 4005 99 43 quels
3305 4005 62 33 bas
3392 4005 63 34 elle
3479 4013 51 26 est

2686 4054 177 41 chaussée,
2882 4053 114 44 quelle
3012 4052 125 33 finesse
3155 4059 34 25 et
3206 4050 115 43 quelle
3339 4050 132 42 qualité
3490 4049 42 34 de

2685 4101 218 34 chaussures.
2949 4098 44 34 Sa
3016 4097 121 33 blouse
3159 4095 42 33 de
3223 4095 143 33 couleur
3387 4095 81 33 vive
3489 4107 41 21 en

2685 4146 106 34 tricot
2810 4144 43 33 de
2873 4144 70 34 soie
2962 4155 44 22 ou
3028 4141 43 33 de
3090 4140 34 33 fil
3147 4139 46 41 (la
3215 4139 202 34 nouveauté
3437 4139 42 34 de
3499 4139 31 33 la

2686 4187 130 42 saison)
2845 4201 18 21 a
2889 4189 148 42 l'aspect
3062 4185 106 33 d'une
3192 4184 87 33 fleur
3305 4196 64 31 par
3393 4184 32 33 la
3451 4184 80 33 fraî-

2685 4236 106 33 cheur
2808 4233 46 33 du
2874 4242 75 25 ton.
2989 4232 123 39 Quant
3129 4229 19 34 à
3167 4241 62 21 son
3248 4229 171 42 chapeau,
3439 4228 21 34 il
3479 4237 52 26 est

2685 4281 105 33 d'une
2808 4277 133 35 audace
2961 4276 161 42 toujours
3143 4273 164 42 délicieuse
3307 4273 45 42 ;
3415 4273 117 34 l'arle-

2685 4325 85 43 quin
2786 4324 33 40 ",
2857 4323 31 34 le
2924 4321 137 35 dernier
3096 4331 100 30 paru,
3234 4331 87 22 avec
3358 4330 51 21 ses
3446 4318 84 33 trois

2686 4369 137 44 pointes
2847 4368 118 41 aiguës
2987 4365 148 34 laissant
3157 4363 159 34 sombrer
3338 4362 43 34 de
3405 4362 125 42 grands

2686 4413 139 45 paradis
2842 4412 91 34 noirs
2949 4422 136 24 comme
3097 4409 29 33 le
3138 4407 105 35 feutre
3302 4408 183 33 Monsieur
3497 4407 33 41 ",

2686 4473 19 21 a
2722 4472 47 21 un
2786 4457 76 35 chic
2878 4457 18 33 à
2915 4457 59 33 nul
2992 4463 100 26 autre
3109 4453 119 43 pareil,
3246 4452 147 34 enfoncé
3410 4464 57 22 sur
3483 4453 46 33 les

2686 4516 91 32 yeux
2794 4502 107 34 rieurs
2920 4501 120 34 avivés
3058 4510 123 23 encore
3199 4509 64 31 par
3280 4498 48 33 les
3344 4497 98 42 joues
3462 4496 67 34 très

2685 4548 163 40 colorées,
2872 4546 150 35 colorées
3044 4543 142 44 jusqu'à
3209 4542 125 34 l'excès
3358 4554 67 30 que
3448 4554 81 22 veu-

2685 4595 74 33 lent
2777 4600 118 26 toutes
2913 4592 48 34 les
2980 4589 146 35 femmes
3146 4587 261 34 actuellement.

2730 4637 68 43 J'ai
2817 4637 81 33 noté
2915 4644 94 26 cette
3026 4632 154 35 semaine
3196 4645 48 20 un
3262 4632 151 34 tricorne
3430 4630 98 44 porté

2686 4696 60 21 rue
2761 4682 42 34 de
2817 4681 32 33 la
2866 4681 85 34 Paix
2965 4692 64 31 par
3043 4679 32 33 la
3089 4677 83 43 jolie
3186 4677 186 34 Comtesse
3385 4675 86 43 Jean
3487 4675 41 33 de

2684 4726 206 36 Moustiers.
2955 4725 50 34 Ce
3045 4722 163 41 tricorne,
3250 4721 68 35 fait
3357 4720 44 34 de
3440 4720 87 34 deux

2685 4773 127 34 formes
2838 4769 225 44 juxtaposées
3090 4767 134 34 devant
3250 4775 36 25 et
3312 4765 148 34 derrière
3486 4776 40 23 en

2683 4816 117 36 feutre
2866 4812 162 42 Monsieur
3028 4812 72 42 ",
3132 4808 102 46 était;
3251 4811 69 34 très
3342 4809 191 44 ;originale-
