3633 5083
3215 199 249 42 VOGUE

409 234 19 32 6

2927 325 111 44 Quelle
3080 324 71 42 joie
3197 323 147 42 d'enfiler
3390 332 75 25 cette

2926 371 121 34 liseuse
3062 369 38 34 de
3114 370 95 42 crêpe
3222 369 38 33 de
3276 367 106 34 Chine
3396 382 71 20 rose

2926 413 134 36 doublée
3082 414 39 33 de
3142 414 92 34 laine
3257 413 161 33 Shetland
3439 421 28 26 et

2927 473 32 21 ce
2986 459 87 42 jolie
3106 459 119 33 bonnet
3259 458 38 32 de
3331 458 137 34 dentelle

2926 506 93 33 écrue
3041 512 87 34 pour
3148 503 129 34 ensuite
3297 515 34 21 se
3352 504 116 41 glisser

2926 562 78 22 sous
3018 549 29 33 le
3061 547 228 44 couvre-pieds
3302 548 38 32 de
3354 548 114 34 broché

2926 607 71 22 rose
3033 606 60 20 sur
3128 593 156 34 l'oreiller
3320 593 119 33 assorti
3439 593 30 33 !

2928 640 56 33 Au
3001 637 102 43 pied,
3103 637 51 43 un
3154 637 153 43 coussin
3323 638 38 32 de
3376 639 91 33 satin

3047 683 75 33 noir
3139 691 28 25 et
3185 682 113 34 broché
3315 695 35 20 or

2987 851 125 21 HENRY
3138 852 21 22 A
3188 852 40 21 LA
3258 844 139 29 PENSÉE

424 2268 805 102 ÉLÉGANCES
1344 2272 659 98 SECRÈTES
2100 2292 165 74 DE
2380 2290 162 76 LA
2650 2286 823 80 PARISIENNE

430 2438 88 98 L

524 2439 53 33 ES
597 2440 99 33 robes
716 2448 81 25 sont
811 2440 27 32 si
853 2440 150 42 souples,
1019 2440 47 33 les

547 2483 208 35 déshabillés
799 2485 27 32 si
869 2485 110 41 pleins
1023 2485 43 33 de

546 2528 125 33 détails
695 2529 109 40 qu'on
829 2542 42 20 ne
896 2530 69 32 sait
988 2530 78 39 plus

420 2574 81 33 bien
516 2574 44 33 où
577 2569 143 38 s'arrête
735 2574 136 33 chacun
887 2574 59 33 des
962 2569 102 38 deux.

420 2618 49 34 Le
485 2618 124 39 matin,
626 2619 99 40 après
743 2619 98 32 avoir
856 2618 149 43 déjeuné
1022 2632 43 20 au

420 2663 53 40 lit,
491 2663 33 33 la
542 2662 201 34 Parisienne
760 2663 74 33 vite
851 2675 34 21 se
903 2664 164 33 souvient

420 2708 86 41 qu'il
520 2720 41 20 ne
573 2707 47 32 lui
630 2708 95 42 reste
725 2708 63 42 que
788 2708 113 42 juste
910 2708 30 33 le
952 2716 115 34 temps

420 2752 44 33 de
488 2752 86 33 faire
600 2764 36 20 sa
662 2752 151 40 toilette,
840 2753 27 32 si
892 2753 64 32 elle
981 2762 87 24 veut

421 2796 86 34 faire
521 2809 47 20 un
584 2809 65 29 peu
665 2796 252 43 d'hygiénique
931 2797 139 41 footing

422 2853 43 21 au
494 2841 75 33 bois
599 2850 110 24 avant
737 2841 97 41 midi,
864 2842 21 32 il
914 2842 48 32 lui
990 2842 79 38 faut

422 2898 119 29 passer
565 2885 87 33 dans
677 2886 31 33 la
734 2886 83 33 salle
841 2886 43 33 de
908 2886 101 34 bains
1035 2896 35 25 et

424 2943 88 29 pour
537 2930 73 33 cela
631 2930 63 33 elle
718 2931 101 33 enfile
840 2931 30 33 le
892 2932 122 41 souple
1035 2943 36 23 et

424 2975 124 41 simple
584 2975 211 33 saut-de-lit.
855 2975 76 34 Elle
967 2976 216 36 demandera
1220 2988 141 24 surtout
1397 2979 17 33 à

425 3019 137 33 celui-ci
581 3019 110 33 d'être
709 3020 70 33 très
797 3020 233 41 confortable,
1047 3024 87 32 mais
1152 3033 79 24 tout
1246 3024 42 33 de
1303 3025 113 32 même

425 3064 32 32 la
487 3064 217 42 coquetterie
734 3076 43 21 ne
806 3064 75 33 doit
911 3077 62 29 pas
1004 3068 125 39 perdre
1158 3081 51 21 ses
1239 3068 123 41 droits,
1394 3069 20 32 il

426 3107 108 34 devra
562 3109 72 32 être
658 3117 127 33 seyant
811 3118 35 24 et
870 3122 88 29 pour
982 3113 71 32 cela
1078 3113 214 33 demandera
1317 3113 42 33 de
1383 3113 31 33 la

426 3160 81 33 part
531 3152 43 33 de
599 3165 61 20 son
684 3153 161 33 créateur
869 3154 184 45 beaucoup
1078 3157 257 42 d'ingéniosité.
1386 3158 27 32 Il

426 3205 53 24 est
502 3205 152 25 souvent
677 3210 42 20 en
744 3198 87 32 tissu
856 3198 95 41 épais
976 3211 58 23 car
1058 3202 21 32 il
1103 3202 76 33 doit
1202 3203 73 32 être
1298 3202 115 33 chaud

425 3249 113 25 avant
558 3249 91 25 tout.
695 3242 54 32 En
771 3243 87 32 tissu
881 3243 92 41 léger
994 3246 20 32 il
1037 3246 145 33 devient
1202 3259 46 21 un
1271 3247 142 32 kimono

425 3297 59 20 car
508 3285 22 33 il
554 3294 53 24 est
630 3298 149 30 presque
803 3287 161 41 toujours
989 3291 97 39 copié
1111 3304 58 20 sur
1192 3292 31 32 la
1248 3291 82 33 robe
1354 3291 58 33 des

424 3329 209 42 Japonaises
652 3338 35 25 et
705 3331 132 33 s'enfile
855 3331 118 34 facile-

428 3383 109 24 ment.
580 3374 26 32 Il
629 3383 52 24 est
701 3374 31 33 le
753 3375 219 33 descendant

427 3418 112 33 direct
560 3418 42 33 de
622 3418 32 33 la
675 3419 83 33 robe
779 3419 18 32 à
820 3420 152 41 poudrer

428 3462 43 33 de
485 3475 62 20 nos
563 3463 157 33 ancêtres
735 3463 60 42 qui
811 3464 99 33 avait
924 3477 47 20 un

428 3507 177 33 caractère
625 3507 268 43 presqu'officiel
914 3521 59 20 car

428 3550 31 33 la
476 3551 194 33 cérémonie
686 3551 42 34 de
744 3552 74 33 leur
832 3553 140 33 toilette

429 3595 263 41 rudimentaire,
748 3596 36 34 oh
784 3596 38 34 !
879 3610 94 20 com-

430 3639 66 34 bien
496 3639 41 34 !
559 3640 89 32 était
669 3640 83 34 chez
773 3641 47 33 les
844 3642 127 40 grands

430 3683 42 33 de
502 3684 32 32 la
565 3692 90 25 terre
685 3697 47 20 un
762 3685 211 34 événement

431 3728 167 42 auxquels
613 3729 134 33 étaient
760 3729 113 34 admis
887 3743 85 20 ceux

430 3772 43 32 de
523 3772 91 33 leurs
665 3774 197 33 courtisans
913 3775 60 42 qui

431 3816 135 33 étaient
592 3817 31 33 le
651 3818 116 33 mieux
799 3831 42 20 en
873 3831 100 21 cours

432 3868 34 25 et
493 3861 60 42 qui
588 3862 259 34 considéraient
880 3872 94 25 cette

433 3917 145 30 marque
610 3905 198 35 d'honneur
839 3920 136 20 comme

433 3962 46 20 un
504 3950 109 41 grand
638 3951 179 41 privilège.

477 3993 111 42 Après
621 3994 46 33 les
701 3996 123 32 heures
857 3995 119 34 haras-

434 4046 116 25 santes
587 4038 43 33 de
666 4039 32 33 la
733 4040 158 42 journée,
928 4041 47 32 les

436 4082 118 33 visites
602 4091 35 25 et
683 4083 48 34 les
779 4096 196 30 essayages,

437 4127 111 33 même
575 4127 26 32 si
629 4127 70 33 l'on
727 4129 126 32 attend
881 4130 96 41 quel-

437 4184 83 30 ques
548 4171 98 41 amis,
673 4172 21 32 il
721 4181 54 24 est
799 4173 178 33 vraiment

437 4216 126 42 permis
589 4215 43 34 de
657 4229 119 29 passer
800 4229 68 21 une
895 4218 82 32 robe

437 4260 60 42 qui
519 4260 78 40 soit,
620 4260 26 33 si
668 4261 162 41 possible,
853 4274 124 21 encore

439 4305 111 33 moins
570 4305 134 41 ajustée
722 4318 68 30 que
808 4306 102 42 celle
910 4306 68 42 que

439 4350 69 33 l'on
554 4349 114 43 quitte
713 4359 36 25 et
794 4363 68 29 que
907 4350 70 34 l'on

440 4394 114 42 puisse
607 4406 117 30 passer
776 4394 202 34 facilement

441 4451 79 21 sans
551 4451 34 21 se
616 4439 173 41 décoiffer,
821 4440 60 42 qui
912 4440 67 33 soit

442 4484 92 33 enfin
546 4496 67 20 une
626 4484 81 33 robe
720 4484 203 33 d'intérieur
934 4497 44 21 ou

444 4529 128 43 plutôt,
599 4528 17 33 à
643 4541 102 21 cause
771 4528 42 34 de
838 4529 142 41 l'heure,

448 4637 200 34 Charmante
661 4637 230 35 combinaison
902 4639 41 34 de
953 4639 95 33 linon

448 4695 70 21 rose
529 4682 93 33 ornée
636 4682 37 34 de
688 4682 96 42 petits
798 4683 147 34 damiers
958 4684 90 33 noirs

450 4735 28 26 et
517 4727 111 33 blancs
661 4728 173 42 festonnée
871 4729 178 41 gentiment

451 4780 28 26 et
502 4771 159 35 ceinturée
725 4772 19 33 à
769 4773 34 33 la
832 4774 180 34 maréchale

453 4818 82 33 d'ûn
561 4817 107 34 mince
692 4817 108 34 ruban
824 4818 39 34 de
887 4819 69 33 soie
982 4832 69 20 rose

1173 2443 98 47 Les
1309 2443 148 48 robes
1490 2443 212 61 copiant
1736 2442 66 48 les
1830 2441 248 48 chemises
2107 2440 64 48 de
2205 2442 132 59 nuit,
2367 2439 220 49 celles-ci
2616 2440 108 47 leur

1176 2611 223 48 rendent
1427 2611 46 48 la
1502 2611 187 62 pareille
1689 2611 63 62 ?
1789 2611 92 47 Les
1910 2608 314 49 déshabillés
2256 2608 341 50 ressemblent
2624 2625 102 31 aux

1176 2780 136 48 deux
1333 2792 53 36 et
1407 2780 69 48 les
1498 2779 227 49 modèles
1744 2778 61 49 de
1825 2777 206 61 lingerie
2053 2788 121 37 sont
2193 2775 332 50 d'adorables
2546 2775 179 48 choses

1594 4644 85 42 Quel
1697 4647 127 48 confort
1844 4659 60 29 que
1923 4655 76 25 cette
2019 4647 183 33 combinai-

1592 4701 62 21 son
1676 4690 38 33 de
1735 4691 96 33 linon
1853 4692 97 32 blanc
1971 4692 78 33 dont
2070 4692 29 33 le
2122 4692 80 32 haut

1593 4734 110 40 ajusté
1730 4747 125 22 comme
1883 4748 47 21 un
1960 4737 242 41 soutien-gorge

1594 4787 123 33 permet
1742 4780 39 32 de
1809 4781 128 33 n'avoir
1963 4782 123 41 qu'une
2112 4781 89 33 seule

1592 4825 96 40 paire
1720 4824 39 33 de
1791 4825 145 33 bretelles
1968 4838 58 21 sur
2055 4826 145 42 l'épaule

2832 2447 55 31 un
2887 2447 206 31 tea-gown.
3141 2436 56 34 On
3224 2446 127 32 pourra
3377 2434 99 33 d'ail-

2833 2483 89 33 leurs
2951 2483 30 32 le
3009 2480 121 42 garder
3158 2493 88 30 pour
3273 2479 98 33 dîner
3397 2479 17 33 à
3443 2479 32 33 la

2834 2529 135 32 maison
3008 2537 57 21 car
3103 2525 21 33 il
3162 2535 53 24 est
3253 2523 221 34 maintenant

2835 2572 138 34 difficile
2997 2570 42 33 de
3039 2570 56 33 la
3121 2570 194 41 distinguer
3339 2568 42 33 de
3405 2581 66 21 cer-

2835 2618 111 33 taines
2975 2615 98 33 robes
3101 2614 45 33 du
3175 2616 79 32 soir.
3306 2613 27 32 Il
3360 2625 113 21 carac-

2835 2663 102 32 térise
2956 2668 150 26 souvent
3124 2672 68 21 une
3211 2660 136 41 époque
3364 2670 44 21 ou
3429 2671 45 20 un

2834 2704 115 45 stvle,
2949 2704 65 45 que
3014 2704 49 45 ce
3063 2704 82 45 soit
3145 2704 68 45 le
3233 2702 243 34 dix-huitième

2834 2744 99 40 siècle
2956 2762 45 21 ou
3027 2748 79 33 l'art
3130 2749 144 39 Persan,
3300 2747 176 42 Egyptien

2833 2808 44 20 ou
2895 2796 94 32 Turc
3009 2793 143 33 suivant
3171 2794 31 32 la
3222 2793 128 33 femme
3368 2792 60 42 qui
3446 2792 30 33 le

2834 2849 100 33 porte
2955 2847 35 25 et
3011 2837 60 43 qui
3093 2847 85 32 peut
3200 2849 88 31 pour
3308 2845 92 25 cette
3420 2849 56 21 oc-

2834 2885 118 33 casion
2975 2882 162 41 exagérer
3160 2892 35 24 et
3218 2881 184 41 souligner
3402 2881 74 41 son

2835 2927 159 39 tvpe
3041 2939 79 20 sans
3165 2925 175 35 craindre
3340 2925 137 35 d'être

2502 2967 112 49 taxée
2614 2967 56 49 de
2670 2967 227 49 vulgarité.
2913 2966 65 41 Les
3000 2971 151 34 modèles
3173 2985 68 29 que
3263 2982 85 22 nous
3370 2983 109 21 avons

2502 3023 123 33 choisis
2640 3032 86 32 pour
2741 3019 149 33 illustrer
2903 3031 55 21 ces
2973 3028 105 31 pages
3093 3025 79 24 sont
3186 3014 293 36 essentiellement

2503 3067 169 33 Parisiens
2698 3073 35 25 et
2758 3064 85 33 c'est
2868 3064 30 33 le
2926 3063 78 42 plus
3031 3061 88 32 beau
3147 3061 59 34 des
3234 3059 244 42 compliments

2502 3112 17 32 à
2553 3112 72 33 leur
2653 3110 85 34 faire
2771 3120 58 21 car
2848 3108 20 33 il
2902 3117 54 24 est
2989 3106 307 33 universellement
3329 3117 150 20 reconnu

2501 3157 104 41 qu'en
2639 3155 58 34 nul
2725 3152 138 34 endroit
2887 3165 46 21 on
2960 3164 42 20 ne
3027 3150 75 33 voit
3128 3150 59 33 des
3214 3149 148 42 négligés
3389 3149 92 33 aussi

2500 3201 78 41 jolis
2604 3201 104 42 qu'en
2734 3198 32 32 la
2791 3195 280 39 Ville-Lumière,
3098 3203 35 25 et
3159 3195 97 33 Paris
3283 3206 87 30 pour
3395 3194 84 40 cela,

2503 3258 134 20 comme
2670 3255 88 31 pour
2790 3251 81 24 tant
2903 3242 43 33 de
2976 3240 119 33 choses
3120 3240 177 41 élégantes
3323 3247 35 24 et
3383 3239 98 33 char-

2503 3300 109 24 antes.
2636 3299 49 23 est
2706 3287 124 34 maître
2849 3300 41 21 en
2908 3287 32 33 la
2960 3284 156 34 matière.

2988 3330 46 32 Le
3058 3329 199 33 saut-de-lit
3280 3328 135 32 dessiné
3438 3340 42 21 en

2943 3376 89 32 haut
3048 3382 36 24 et
3098 3373 17 33 à
3135 3374 133 41 gauche
3286 3384 87 30 page
3391 3374 18 31 8
3428 3381 53 25 est

2943 3418 242 34 uncharmant
3197 3417 135 34 modèle
3344 3416 138 34 deChé-

2943 3464 71 33 ruit
3045 3462 42 34 de
3116 3475 111 30 coupe
3258 3469 80 26 tout
3368 3461 17 33 à
3418 3461 65 34 fait

2943 3508 125 39 droite,
3093 3508 68 32 très
3185 3502 101 39 facile
3310 3506 18 33 à
3352 3506 130 41 enfiler,

2943 3565 52 22 ses
3036 3553 164 33 manches
3240 3550 132 35 carrées
3413 3552 68 32 très

2943 3599 110 40 larges
3072 3597 47 32 lui
3137 3597 160 33 donnent
3315 3608 67 21 une
3401 3605 82 24 note

2944 3641 171 35 nouvelle.
3162 3642 29 32 Il
3214 3650 54 25 est
3290 3652 41 21 en
3355 3640 125 34 broché

2944 3699 75 21 rose
3045 3685 83 33 d'un
3155 3694 62 26 ton
3242 3685 68 34 très
3334 3684 103 42 doux,
3462 3686 18 33 à

2943 3731 132 34 dessins
3096 3731 192 33 ravissants
3309 3730 172 41 représen-

2943 3784 81 26 tant
3052 3775 59 33 des
3139 3776 128 41 petites
3296 3774 185 35 danseuses

2943 3820 163 42 antiques
3124 3820 87 34 dans
3230 3832 46 21 un
3293 3819 112 34 ovale.
3439 3820 42 33 Sa

2943 3864 172 35 doublure
3139 3865 42 33 de
3206 3863 168 35 duvetine
3398 3864 83 33 d'un

2944 3922 75 22 rose
3040 3909 76 42 plus
3137 3909 100 34 foncé
3258 3909 30 33 le
3309 3908 83 33 rend
3414 3910 67 32 très

2943 3954 147 34 douillet
3111 3963 34 24 et
3166 3953 148 35 Chéruit
3335 3953 43 33 l'a
3400 3953 82 34 doté

2943 4000 86 33 d'un
3053 3998 42 34 de
3117 4011 53 21 ces
3194 3998 199 43 capuchons
3416 4011 65 30 que

2944 4052 94 26 cette
3089 4044 133 33 maison
3275 4042 208 34 affectionne

2944 4088 323 44 particulièrement
3297 4096 92 25 cette
3419 4088 65 33 sai-

2945 4146 74 21 son.

2991 4177 147 34 Chéruit
3183 4186 54 25 est
3282 4188 47 21 un
3375 4177 108 41 grand

2945 4222 172 39 coloriste,
3141 4234 136 21 comme
3300 4221 30 33 le
3352 4233 132 30 prouve

2945 4280 38 21 ce
3006 4266 189 33 déshabillé
3218 4267 43 33 de
3283 4278 110 29 coupe
3416 4267 68 33 très

2947 4311 123 42 simple
3098 4311 208 41 également,
3336 4319 80 25 tout
3443 4311 42 33 de

2946 4355 146 44 peluche
3140 4356 149 33 blanche
3337 4368 67 29 que
3452 4356 31 33 la

2946 4400 170 34 doublure
3151 4400 43 34 de
3230 4401 70 33 soie
3335 4400 148 33 écarlate

2946 4446 111 33 teinte
3089 4444 42 34 de
3164 4458 75 21 rose
3271 4456 134 22 comme
3437 4457 44 21 un

2946 4490 149 34 coucher
3128 4489 42 34 de
3195 4490 94 34 soleil
3315 4489 110 33 colore
3450 4490 30 32 la

2947 4535 98 41 neige
3061 4546 57 21 sur
3134 4534 148 43 laquelle
3301 4534 20 32 il
3338 4546 33 21 se
3388 4534 93 33 mire.

2880 4644 73 36 Les
2953 4644 183 36 bretelles
3136 4644 54 36 et
3190 4644 73 36 les
3263 4644 109 36 bords
3372 4644 54 36 de
3426 4644 58 36 la

2878 4689 140 35 dentelle
3018 4689 110 35 noire
3148 4690 39 33 de
3208 4699 77 25 cette
3305 4689 180 34 combinai-

2878 4749 59 20 son
2962 4736 39 33 de
3023 4734 82 33 voile
3128 4748 72 20 rose
3224 4742 75 27 sont
3322 4734 103 42 perlés
3448 4734 37 33 de

2874 4781 84 40 jais.
3018 4779 81 42 Ils
3099 4779 182 42 pourront
3281 4779 121 42 ainsi
3402 4779 83 42 ap-

2880 4825 148 42 paraître
3050 4824 74 33 hors
3145 4825 39 33 de
3204 4824 42 35 la
3246 4824 87 35 robe
3353 4823 49 34 du
3402 4823 82 34 soir
