3633 5061
96 148 26 39 i
122 148 41 39 5
221 136 43 51 J
264 136 107 51 nnvi
371 136 43 51 e
414 136 65 51 r
3154 168 42 31 47

989 257 85 34 LES
1132 257 215 34 FESTONS
1401 257 59 32 ET
1510 256 85 34 LES
1652 257 280 35 DRAPERIES
1992 260 65 34 EN
2106 263 177 33 FORME
2328 263 66 32 DE

989 536 220 34 PETALES
1257 515 390 55 CARACTÉRISENT
1699 534 85 33 LES
1834 535 273 40 NOUVEAUX
2156 522 233 52 MODELES

967 2311 77 34 Une
1079 2311 148 34 nouvelle
1251 2312 99 41 forme
1378 2312 37 33 de
1445 2311 108 33 blouse

964 2356 215 43 originale
1210 2364 34 25 et
1274 2364 169 35 seyante.
1492 2356 60 33 Les

961 2402 146 33 sections
1139 2401 46 33 du
1213 2401 56 32 dos
1294 2410 66 25 sont
1389 2401 163 33 ramenées

961 2457 61 21 sur
1061 2447 30 32 le
1130 2446 116 32 devant
1283 2446 18 32 à
1335 2447 31 33 la
1402 2445 88 34 taille
1524 2453 29 25 et

963 2491 165 33 attachées
1145 2498 64 34 par
1226 2490 51 32 des
1293 2490 112 42 grands
1419 2490 133 33 boutons

1766 2309 49 34 La
1826 2311 96 41 forme
1983 2312 174 42 peplum"
2171 2321 30 26 et
2213 2313 46 34 les
2272 2313 103 42 lignes

1766 2355 186 40 gracieuses
1992 2356 40 33 de
2081 2366 75 25 cette
2204 2358 111 33 blouse
2356 2358 19 32 à

1765 2399 138 42 basques
1934 2413 42 20 en
2010 2401 80 42 font
2122 2415 49 21 un
2203 2402 172 34 charmant

1765 2444 217 42 complément
1999 2439 47 39 du
2063 2455 146 25 costume
2231 2447 143 33 tailleur.

1766 2488 165 34 Manches
1953 2490 139 41 longues
2118 2504 42 21 ou
2186 2492 189 32 mi-courtes

88 2540 133 35 Modèle
238 2540 88 43 aussi
326 2540 103 43 jolie
445 2552 41 21 en
502 2541 91 41 crêpe

88 2587 40 32 de
157 2584 106 36 Chine
290 2599 44 21 ou
361 2598 42 21 en
432 2584 157 34 tricotine.

90 2631 51 33 La
157 2629 152 44 draperie
325 2631 40 33 de
389 2629 35 34 la
443 2628 93 44 jupe,
553 2629 37 33 de

84 2676 108 42 forme
217 2676 159 40 nouvelle,
389 2681 63 26 est
482 2673 109 34 bordée

92 2720 38 32 de
186 2719 108 35 ruban
342 2718 135 34 couleur
527 2717 64 34 ciré

87 3991 48 38 (A
148 3989 117 45 droite)
283 3993 45 33 Ce
342 3989 135 42 modèle,
489 3991 65 42 fort
567 4003 18 20 a

84 4038 41 32 la
141 4037 92 33 mode
251 4050 41 21 en
312 4050 35 21 ce
373 4043 152 33 moment,
541 4044 45 24 est

84 4080 210 42 simplement
313 4080 71 45 fait
407 4079 82 33 d'un
512 4081 73 40 long

84 4138 131 29 corsage
239 4128 19 31 à
280 4126 133 43 pointes
438 4130 28 26 et
488 4124 97 34 d'une

79 4171 86 41 jupe
189 4183 40 20 en
259 4172 111 42 forme
396 4168 39 33 de
467 4169 117 41 pétales

83 4520 49 42 (A
153 4520 103 35 droite
280 4534 46 22 au
351 4517 145 42 millieu)
522 4519 61 33 Les

79 4565 127 34 volants
224 4564 185 44 festonnés,
434 4563 149 41 toujours

79 4609 144 42 élégants
233 4611 77 42 font
327 4609 76 34 bien
419 4619 58 21 sur
499 4615 75 26 cette

79 4654 74 35 robe
170 4667 45 20 au
232 4656 49 32 col
295 4667 43 22 en
357 4652 113 44 pointe
488 4660 30 26 et
537 4664 44 21 au

78 4699 78 43 gilet
203 4700 39 33 de
280 4700 112 42 forme
437 4696 144 34 nouvelle

2807 2549 86 33 Robe
2916 2550 98 33 d'une
3038 2550 94 42 pièce,
3132 2550 82 42 très
3237 2553 61 33 élé-

2805 2594 105 42 gante,
2910 2594 76 42 qui
3002 2596 119 40 pourra
3121 2596 119 40 servir
3240 2596 53 40 en

2805 2638 152 42 beaucoup
2957 2638 238 42 d'occasions.
3224 2641 70 34 Elle

2805 2690 45 25 est
2878 2683 93 33 ornée
2998 2683 37 33 de
3059 2683 103 34 ruban
3189 2698 40 21 ou
3256 2687 36 32 de

2804 2727 124 33 velours
2945 2735 186 25 accentuant
3152 2729 33 33 la
3207 2730 86 41 ligne

2793 4515 47 40 (A
2856 4516 136 42 gauche)
3021 4516 54 34 Un
3091 4516 51 34 air
3161 4517 120 35 vieillot

2784 4560 70 43 fait
2876 4561 29 33 le
2920 4560 126 34 charme
3062 4561 36 33 de
3114 4569 74 26 cette
3209 4563 72 34 robe

2790 4617 73 21 avec
2873 4605 108 33 blouse
2992 4605 142 43 peplum.
3144 4607 51 44 La
3195 4607 86 44 jupe

2790 4662 20 20 a
2826 4650 56 33 des
2898 4650 122 33 volants
3036 4651 75 32 dont
3125 4651 33 33 la
3173 4652 108 42 forme

2789 4694 115 42 évoque
2920 4695 56 41 Jes
2996 4695 136 41 fameux
3159 4696 121 42 pétales
