3641 5089
390 245 44 35 4°
3160 195 242 44 VOGUE

390 245 44 35 40
2744 255 7 2 -

432 2904 93 24 Baron
538 2895 45 35 de
583 2895 93 35 Meyer
685 2895 34 4 -�..

1295 2967 113 42 Quelle
1435 2961 152 47 élégance
1587 2961 272 47 aristocratiqué
1886 2961 85 32 dans
1996 2972 34 21 ce
2056 2960 89 34 doux
2170 2960 130 41 visage!
2339 2963 107 41 quelle
2473 2963 98 34 haute

1294 3011 194 42 expression
1519 3011 38 32 de
1588 3021 71 22 race
1689 3008 83 33 dans
1802 3013 74 27 cette
1906 3005 73 35 robe
2010 3012 215 35 somptueuse
2257 3018 42 21 en
2332 3007 136 42 taffetas
2500 3018 71 22 rose

1297 3056 148 39 orchidée
1463 3054 167 43 soulignée
1648 3061 61 35 par
1728 3052 54 33 des
1800 3059 180 34 panneaux
2000 3049 39 33 de
2057 3049 134 43 taffetas
2211 3051 110 41 pastel
2339 3059 31 26 et
2388 3059 184 27 recouverte

1829 3095 38 33 de
1882 3093 136 34 dentelle

412 3232 150 74 LA
736 3208 448 98 BEAUTÉ
1359 3230 141 95 ET
1674 3230 130 74 LE
1934 3226 500 99 CHARME
2608 3228 198 74 DES
2976 3202 466 98 AÏEULES

1254 3428 221 48 Aimons
1513 3427 47 48 la
1599 3426 160 49 douce
1795 3422 204 50 auréole
2036 3423 89 48 des
2166 3423 238 51 cheveux
2442 3426 180 48 blancs

1258 3607 54 37 et
1398 3595 71 49 les
1561 3606 254 38 costumes
1904 3593 249 47 surannés
2247 3592 91 50 des
2432 3596 192 48 aïeules

424 3426 90 98 u

512 3425 48 34 N
592 3425 150 43 cynique
773 3425 128 34 doublé
933 3425 85 33 d'un

548 3478 56 25 sot
644 3469 165 41 avançait
850 3482 48 20 un
937 3470 81 41 jour

549 3514 147 39 qu'une
717 3512 139 41 femme,
897 3514 122 39 passée

410 3557 32 32 la
468 3553 229 45 soixantaine,
724 3569 43 20 ne
792 3553 122 37 devait
938 3558 78 42 plus

410 3601 99 33 avoir
520 3601 43 33 de
575 3601 199 42 prétention
787 3601 18 33 à
818 3601 198 42 l'élégance.

412 3645 57 40 Et,
494 3657 88 30 pour
605 3645 183 33 confirmer
811 3657 62 21 son
898 3645 72 34 dire
995 3646 21 32 il

411 3689 138 41 arguait
564 3701 68 30 que
648 3689 42 32 de
706 3688 96 34 telles
820 3690 119 32 dames
956 3690 60 42 qui

413 3745 30 20 n<
481 3728 223 46 possédaient
727 3732 79 51 plus
834 3734 47 33 les
908 3734 108 41 lignes

410 3777 128 32 minces
560 3780 36 30 et
616 3778 32 31 la
670 3776 174 44 fraîcheur
864 3777 45 34 de
929 3778 102 33 traits
1054 3778 44 34 de
1118 3779 34 33 la
1171 3780 163 41 jeunesse
1356 3793 35 21 se

410 3821 164 32 devaient
592 3820 43 34 de
652 3816 85 38 faire
755 3821 143 34 retraite
915 3822 70 33 loin
1003 3821 47 34 du
1068 3823 142 42 monde,
1229 3824 43 33 de
1290 3825 102 34 céder

410 3865 30 32 la
466 3864 98 42 place
584 3865 18 32 à
628 3864 177 34 l'élément
829 3865 185 34 turbulent
1040 3866 43 34 de
1108 3867 128 44 quinze
1262 3870 74 40 ans,
1357 3877 30 25 et

410 3909 43 32 de
475 3908 274 34 s'accommoder
771 3909 59 33 des
854 3910 174 41 songeries
1055 3923 46 21 ou
1132 3911 60 34 des
1221 3912 170 42 besognes

410 3952 59 33 des
487 3950 131 35 vieilles
637 3960 93 34 gens.
786 3952 160 44 Quelque
964 3954 243 43 observateur,
1225 3965 36 24 et
1277 3957 62 42 qui
1372 3970 20 21 a

409 3997 100 40 vécu,
535 3996 86 41 dira,
647 3996 80 33 bien
752 4008 43 21 au
821 3995 186 44 contraire,
1033 3999 86 42 qu'il
1144 4000 93 33 n'est
1260 4013 63 30 pas
1349 4001 44 34 de

411 4041 174 40 spectacle
599 4041 76 41 plus
691 4040 186 34 charmant
891 4054 69 30 que
974 4042 89 33 celui
1076 4043 107 34 d'une
1198 4045 112 34 aïeule
1324 4058 69 21 aux

411 4084 157 33 cheveux
585 4084 119 33 blancs
725 4085 59 41 qui
802 4086 70 34 sait
889 4086 150 41 prendre
1057 4087 88 33 dans
1164 4088 33 33 la
1216 4089 106 34 mode
1340 4102 52 21 ses

412 4128 167 33 éléments
608 4128 160 41 éternels,
799 4137 36 25 et
863 4131 256 33 accommoder
1136 4132 32 34 le
1197 4132 119 34 mieux
1345 4134 46 33 du

413 4171 128 34 monde
559 4172 33 33 la
611 4172 153 33 douceur
783 4172 43 34 de
845 4185 63 22 son
928 4174 82 34 cher
1027 4175 121 42 visage
1166 4176 109 34 vieilli
1295 4186 36 25 et
1351 4178 43 33 de

414 4229 36 20 sa
468 4216 97 34 taille
582 4216 147 33 courbée
745 4228 63 30 par
825 4217 48 33 les
891 4230 74 21 ans.

460 4259 98 35 C'est
575 4261 83 42 qu'il
677 4268 53 26 est
747 4272 69 22 une
834 4262 132 41 grande
984 4263 222 42 prérogative
1224 4264 19 34 à
1262 4277 49 21 un
1330 4266 64 41 âge

416 4305 110 33 avancé
526 4305 48 33 :
600 4305 19 33 à
646 4305 114 33 savoir
785 4316 79 31 que,
891 4305 43 34 de
960 4306 164 34 l'instant
1148 4320 69 31 que
1242 4309 71 34 l'on
1341 4318 53 25 est

417 4349 119 42 séparé
557 4349 46 33 du
625 4357 113 34 temps
760 4348 57 34 des
839 4349 157 34 cheveux
1017 4351 125 34 blonds
1164 4355 64 40 par
1248 4361 83 26 tant
1351 4354 43 34 de

418 4394 123 32 lustres
567 4393 85 43 qu'il
677 4405 43 22 ne
745 4393 115 42 puisse
883 4394 100 33 venir
1009 4394 20 34 à
1054 4395 104 35 l'idée
1183 4396 44 34 de
1252 4393 146 39 simuler

420 4450 66 21 une
512 4438 159 42 jeunesse
698 4437 154 42 absente,
880 4438 47 33 les
957 4439 128 34 années
1114 4440 184 35 confèrent
1325 4455 69 22 une

421 4482 130 42 dignité
570 4481 236 35 merveilleuse
825 4490 36 30 et
879 4481 160 35 donnent
1057 4483 20 34 à
1097 4484 33 33 la
1150 4484 130 35 beauté
1300 4495 95 25 cette

422 4538 192 31 apparence
631 4526 238 42 immatérielle
886 4538 68 30 que
971 4526 74 34 rien
1064 4540 43 21 ne
1125 4529 135 34 saurait
1276 4530 119 38 mieux

423 4571 170 42 souligner
631 4584 67 30 que
737 4570 146 34 certains
922 4579 175 26 costumes
1136 4584 46 22 ou
1221 4574 172 34 certaines

424 4628 188 31 parures..
629 4615 65 34 Ces
725 4624 170 25 costumes
927 4624 34 24 et
992 4627 53 21 ces
1078 4628 142 29 parures
1250 4626 66 26 ont
1345 4631 49 21 un

425 4661 189 34 archaïsme
646 4660 42 34 de
720 4659 68 34 bon
820 4660 76 41 aW,
922 4668 35 24 et
982 4659 60 43 qui
1068 4672 42 21 ne
1136 4663 160 39 pourrait
1320 4663 74 34 être

426 4704 145 35 réclamé
586 4717 62 31 par
662 4705 42 33 de
716 4705 119 42 jeunes
850 4716 184 31 personnes
1050 4705 59 41 qui
1125 4717 42 21 ne
1181 4706 214 41 prétendent

426 4751 81 42 qu'a
531 4751 96 33 avoir
650 4762 36 22 ce
710 4750 58 42 qui
790 4758 52 26 est
863 4749 31 34 la
917 4748 154 34 dernière
1094 4750 125 42 pensée
1242 4750 47 34 du
1313 4763 82 22 cou-

1454 3781 110 43 turier
1578 3781 19 33 à
1612 3781 32 33 la
1659 3778 111 42 mode,
1787 3777 86 34 alors
1889 3788 68 31 que
1971 3776 59 33 des
2046 3776 154 43 qualités
2213 3785 83 25 tout
2312 3779 120 34 autres

1455 3834 37 25 et
1516 3819 244 49 pittoresques,
1788 3821 218 43 empruntées
2033 3820 19 34 à
2079 3821 173 34 l'histoire
2279 3822 44 34 de
2349 3824 84 33 l'art

1453 3880 45 23 ou
1518 3882 68 21 aux
1601 3870 77 42 plus
1691 3868 139 41 longues
1848 3865 197 41 traditions,
2062 3874 143 25 servent
2218 3866 19 33 à
2255 3867 178 43 souligner

1456 3914 34 33 la
1509 3913 127 34 beauté
1654 3913 42 33 de
1713 3923 62 23 nos
1795 3910 166 34 ancêtres.
2003 3909 49 34 Et
2069 3910 122 42 quand
2210 3922 90 22 nous
2320 3912 113 34 allons

1453 3957 75 34 dire
1544 3970 68 30 que
1628 3970 62 21 nos
1707 3955 124 35 aïeules
1848 3953 86 35 ainsi
1953 3953 123 34 vêtues
2094 3954 45 34 de
2154 3954 162 34 brocarts
2334 3957 98 42 épais

1454 4010 37 25 et
1505 4002 43 33 de
1563 4002 109 33 riches
1688 4011 139 32 parures
1842 4006 64 26 ont
1920 4009 68 23 une
2004 3999 130 41 grande
2148 3999 125 33 valeur
2289 4000 144 35 décora-

1454 4046 85 41 tive,
1568 4046 22 33 il
1616 4046 78 33 faut
1720 4044 79 33 bien
1825 4042 167 35 entendre
2018 4055 69 30 que
2113 4055 89 22 nous
2230 4045 203 41 exprimons

1454 4102 71 22 non
1555 4102 61 31 pas
1646 4090 31 33 le
1705 4088 71 34 rôle
1804 4096 84 25 tenu
1916 4099 64 30 par
2008 4087 49 33 les
2087 4088 170 42 portraits
2290 4090 143 34 anciens

1454 4135 62 42 qui
1549 4143 83 26 sont
1661 4134 206 33 l'ornement
1899 4131 44 34 de
1976 4143 62 22 nos
2073 4132 127 41 salons,
2227 4133 90 33 mais
2352 4135 83 33 bien

1454 4178 177 34 l'élément
1647 4176 122 36 émotif
1784 4176 60 43 qui
1860 4176 176 33 constitue
2052 4188 44 21 en
2112 4176 159 35 dernière
2288 4179 147 43 analyse

1455 4235 39 21 ce
1512 4223 87 42 qu'il
1616 4236 24 30 y
1659 4234 20 22 a
1697 4221 43 34 de
1757 4220 155 34 meilleur
1931 4220 88 33 dans
2038 4220 31 34 le
2088 4233 133 30 groupe
2240 4222 129 34 amical
2387 4236 47 22 ou

1454 4267 147 39 familial
1618 4279 68 31 que
1701 4277 86 22 nous
1804 4269 108 30 avons
1930 4266 209 32 accoutumé
2157 4266 42 34 de
2215 4266 220 42 fréquenter.

1501 4311 72 33 Peu
1598 4311 44 34 de
1664 4322 86 31 pays
1772 4317 65 26 ont
1857 4321 48 30 pu
1929 4306 185 37 connaître
2134 4310 32 34 le
2189 4310 161 35 charmes
2375 4313 61 34 des

1456 4367 82 29 gens
1556 4355 81 42 âgés
1655 4362 135 27 comme
1806 4353 32 34 la
1856 4353 105 42 France
1961 4353 46 42 ;
2026 4352 24 34 il
2067 4366 89 21 nous
2174 4355 92 41 plaît
2283 4366 155 25 souvent

1456 4399 43 34 de
1528 4412 87 21 nous
1643 4398 158 43 rappeler
1827 4398 48 33 les
1901 4397 133 34 vieilles
2063 4398 213 35 douairières
2307 4409 131 26 autour

1455 4443 193 43 desquelles
1680 4451 101 26 notre
1809 4442 160 42 jeunesse
1999 4442 91 34 était
2120 4443 172 34 heureuse
2325 4446 44 34 de
2401 4459 36 21 se

1454 4488 143 42 blottir;
1624 4488 79 34 elles
1728 4486 133 34 étaient
1884 4486 86 34 trois
1995 4487 158 42 exquises
2180 4488 142 42 aïeules,
2349 4492 88 32 trois

1455 4543 110 22 sœurs
1590 4532 61 43 qui
1672 4531 167 35 habitant
1860 4530 33 34 la
1917 4531 114 33 même
2053 4531 83 35 ville
2158 4533 220 41 provinciale
2402 4548 37 21 se

1454 4576 244 34 retrouvaient
1732 4576 135 41 chaque
1901 4571 81 46 jour
2018 4575 83 35 chez
2137 4576 95 34 l'une
2267 4589 48 24 ou
2353 4580 85 34 chez

1453 4619 147 44 l'autre;
1625 4621 23 33 il
1672 4620 89 34 était
1784 4632 75 21 rare
1882 4619 86 43 qu'il
1993 4620 61 43 n'y
2078 4629 62 25 eut
2163 4629 130 26 autour
2318 4623 120 35 d'elles

1454 4677 49 20 un
1527 4665 109 41 grand
1660 4664 145 34 nombre
1827 4664 190 42 d'enfants,
2042 4665 126 34 d'amis
2190 4679 45 20 ou
2261 4666 43 34 de
2327 4669 111 41 petits

1454 4708 152 34 enfants.
1651 4709 101 34 Nous
1783 4708 117 36 étions
1927 4708 74 34 l'un
2032 4709 43 34 de
2106 4711 145 41 ceux-ci,
2275 4720 38 25 et
2350 4725 89 23 nous

1453 4752 114 36 étions
1599 4753 133 34 éblouis
1767 4765 134 22 comme
1932 4753 140 43 jamais,
2106 4755 137 43 depuis,
2277 4756 48 34 les
2360 4758 78 43 plus

2846 3424 153 40 élégants
3034 3422 197 33 vêtements
3266 3419 179 37 modernes

2849 3480 41 22 ne
2904 3475 128 34 purent
3044 3466 30 33 le
3090 3466 98 41 faire,
3202 3478 65 30 par
3283 3465 47 33 les
3348 3465 97 33 robes

2848 3512 107 34 riches
2991 3511 43 33 de
3065 3510 202 43 l'épaisseur
3300 3509 43 33 de
3376 3509 71 35 leur

2848 3557 69 33 soie
2943 3564 35 25 et
3003 3555 43 34 de
3070 3555 32 33 la
3127 3554 139 42 rigidité
3292 3554 43 33 de
3359 3553 87 34 leurs

2848 3601 193 42 garnitures
3071 3599 142 42 qu'elles
3244 3598 202 34 revêtaient.

2893 3645 110 34 L'une
3019 3643 186 42 s'appelait
3221 3643 89 41 Lise,
3324 3641 123 38 l'autre

2848 3689 172 34 Artémise
3037 3696 35 25 et
3088 3688 32 33 la
3141 3687 177 34 troisième
3338 3686 108 34 Flore.

2848 3734 64 34 Ma
2936 3734 116 33 Tante
3077 3731 101 35 Flore
3202 3732 90 34 était
3314 3731 33 33 la
3372 3731 74 42 plus

2485 3780 99 42 belle,
2601 3781 86 33 mais
2706 3781 72 34 rien
2795 3778 165 42 n'égalait
2975 3777 33 33 la
3028 3776 157 34 noblesse
3201 3776 45 34 de
3262 3788 57 22 ma
3336 3772 112 39 Tante

2483 3825 185 41 Artémise,
2685 3825 120 42 quand
2822 3824 62 35 elle
2901 3835 35 21 se
2957 3821 109 34 levait
3084 3829 36 25 et
3139 3820 120 43 quand
3280 3820 63 34 elle
3364 3832 87 23 mar-

2485 3870 107 33 chait.
2638 3870 56 33 De
2718 3870 161 33 l'instant
2903 3865 125 45 qu'elle
3052 3865 138 42 parlait,
3216 3877 48 21 un
3290 3864 160 42 religieux

2484 3914 128 36 silence
2642 3914 196 43 s'imposait
2865 3912 19 34 à
2912 3920 93 32 tous,
3033 3921 102 33 parce
3165 3922 69 30 que
3262 3921 38 22 ce
3328 3908 121 43 qu'elle

2486 3958 108 34 disait
2610 3958 87 34 était
2714 3957 171 43 empreint
2902 3955 105 34 d'une
3028 3954 81 33 telle
3131 3966 138 30 sagesse
3291 3961 35 26 et
3348 3952 102 34 d'une

2486 4002 82 35 telle
2592 4001 147 36 sérénité
2763 4003 106 42 qu'on
2894 4013 42 21 ne
2960 3999 148 43 pouvait
3131 3998 171 43 imaginer
3326 4009 123 31 propos

2486 4048 78 43 plus
2582 4048 108 34 riches
2708 4055 36 26 et
2760 4047 77 42 plus
2855 4043 163 37 courtois.

2533 4092 75 40 Que
2625 4092 42 34 de
2678 4092 66 34 fois
2762 4091 28 34 il'
2801 4103 87 22 nous
2906 4102 19 21 a
2942 4089 56 34 été
3014 4087 114 35 donné
3144 4087 207 34 d'entendre
3368 4086 82 34 dans

2488 4136 47 34 les
2568 4149 85 31 pays
2684 4135 263 43 Anglo-Saxons
2976 4133 44 34 où
3050 4132 32 34 le
3110 4141 74 24 sort
3212 4136 87 29 nous
3328 4143 18 21 a
3376 4143 76 21 con-

2487 4181 80 34 duit
2600 4189 92 27 cette
2727 4180 217 43 expression:
2988 4177 193 41 "Looking
3216 4177 69 34 like
3320 4188 43 21 an
3398 4175 54 34 old

2488 4225 134 34 French
2640 4224 162 44 Marquise
2871 4242 47 4 -
2933 4222 70 43 (On
3021 4221 109 34 dirait
3142 4233 70 22 une
3228 4221 114 34 vieille
3359 4219 94 34 Mar-

2488 4270 100 43 quise
2605 4271 42 34 de
2664 4268 146 42 France)
2826 4287 46 25 —
2885 4276 46 33 et,
2950 4266 129 42 malgré
3097 4273 99 35 nous,
3216 4274 100 25 notre
3333 4265 120 42 pensée

2489 4327 36 21 se
2551 4315 169 42 reportait
2746 4313 88 35 alors
2861 4321 36 26 et
2922 4310 361 43 immanquablement
3308 4320 76 23 vers
3409 4309 44 35 les

2483 4359 124 34 .chères
2628 4356 126 37 aïeules
2776 4358 42 34 de
2838 4365 100 26 notre
2958 4356 154 34 enfance.
3154 4354 60 35 Un
3235 4355 149 39 homme,
3406 4352 46 33 s'il

2491 4416 19 21 a
2540 4404 55 33 été
2623 4404 95 34 élevé
2748 4403 143 34 suivant
2917 4402 47 33 les
2992 4399 129 35 vieilles
3150 4399 188 34 traditions
3366 4397 89 35 fran-

2491 4448 119 41 çaises,
2635 4460 85 22 aura
2744 4448 159 41 toujours
2920 4458 76 27 une
3019 4444 129 43 grande
3171 4443 178 34 tendresse
3373 4453 83 31 pour

2491 4493 48 33 les
2559 4492 155 35 cheveux
2733 4492 138 38 blancs;
2893 4491 21 33 il
2935 4490 128 34 aimera
3083 4500 53 22 ces
3155 4488 137 42 visages
3312 4486 143 41 fatigués

2492 4549 64 30 par
2571 4537 32 33 la
2619 4538 56 33 vie
2690 4537 45 33 où
2753 4549 36 21 se
2803 4536 104 33 lisent
2922 4535 19 34 à
2958 4534 78 34 côté
3051 4533 59 34 des
3126 4533 173 42 chagrins,
3316 4531 140 34 inévita-

2491 4581 73 34 bles
2589 4581 18 34 à
2632 4589 100 27 toute
2756 4580 165 42 destinée,
2945 4578 244 43 l'apaisement
3211 4577 245 43 qu'apportent

2492 4627 48 33 les
2559 4627 137 40 années,
2715 4637 58 22 car
2790 4625 23 33 il
2830 4625 109 34 croira
2958 4623 111 34 revoir
3086 4622 132 34 celle-là
3236 4623 112 32 même
3365 4620 19 33 à
3398 4619 58 43 qui

2492 4670 167 35 autrefois
2681 4671 23 33 il
2725 4669 149 35 donnait
2892 4669 32 34 le
2944 4668 93 33 doux
3058 4679 81 21 nom
3165 4667 44 33 de
3234 4664 223 36 Grand'mère

2490 4723 37 26 et
2547 4715 71 43 qui,
2639 4715 33 34 la
2693 4713 179 45 première,
2893 4713 49 34 lui
2962 4712 41 34 fit
3023 4711 229 42 comprendre
3273 4711 31 33 le
3324 4709 134 34 charme

2491 4759 192 43 inégalable
2700 4759 42 34 de
2759 4760 32 33 la
2807 4758 180 35 vieillesse.
