<?xml version="1.0" encoding="ISO-8859-1"?>
<alto ID="alto.6537262" xmlns="http://bibnum.bnf.fr/ns/alto_prod" xmlns:xlink="http://www.w3.org/TR/xlink" xmlns:xsi="http://www.w3.org/2001/XMLSchema-instance" xsi:schemaLocation="http://bibnum.bnf.fr/ns/alto_prod http://bibnum.bnf.fr/ns/alto_prod.xsd">
  <Description>
    <MeasurementUnit>pixel</MeasurementUnit>
    <sourceImageInformation>
      <fileName>00000051.tif</fileName>
    </sourceImageInformation>
    <OCRProcessing ID="OCR_1">
      <ocrProcessingStep>
        <processingDateTime>2013-05-31</processingDateTime>
        <processingStepDescription>[001_OCR_BRUT]OCR BRUT 96.990 %</processingStepDescription>
        <processingStepDescription>[002_TOTAL_CHARS]{1367}</processingStepDescription>
        <processingStepDescription>[003_TOTAL_CHARS_USED]{1290}</processingStepDescription>
        <processingStepDescription>[004_TOTAL_CHARS_SUSPECTS_USED]{0}</processingStepDescription>
        <processingStepDescription>[005_TOTAL_CHARS_UNUSED]{77}</processingStepDescription>
        <processingStepDescription>[006_TOTAL_CHARS_SUSPECTS_UNUSED]{15}</processingStepDescription>
        <processingStepDescription>[007_TOTAL_STRINGS]{285}</processingStepDescription>
        <processingStepDescription>[011_CHARS_PUNCTUATION]{65}</processingStepDescription>
        <processingStepDescription>[012_CHARS_DIGITS]{5}</processingStepDescription>
        <processingStepDescription>[013_CHARS_SUSPECT]{15}</processingStepDescription>
        <processingStepDescription>[022_CHARS_UNUSED_BY_BLOCK]{0}</processingStepDescription>
        <processingStepDescription>[111_LIGS_DETECTED_CURV]{0}</processingStepDescription>
        <processingStepSettings>OCR 99.960 %</processingStepSettings>
      </ocrProcessingStep>
    </OCRProcessing>
  </Description>
  <Styles>
    <TextStyle FONTFAMILY="Times" FONTSIZE="12" ID="TXT_1"/>
  </Styles>
  <Layout>
    <Page HEIGHT="5037" ID="PAG_00000051" PHYSICAL_IMG_NR="1" QUALITY="OK" WIDTH="3601">
      <TopMargin HEIGHT="232" HPOS="0" ID="PAG_00000051_TopMargin" VPOS="0" WIDTH="3601">
        <TextBlock HEIGHT="54" HPOS="62" ID="PAG_00000051_TB000001" STYLEREFS="TXT_1" VPOS="135" WIDTH="3196" language="fr">
          <TextLine HEIGHT="54" HPOS="62" ID="PAG_00000051_TL000001" STYLEREFS="TXT_1" VPOS="135" WIDTH="3196">
            <String CONTENT="r" HEIGHT="54" HPOS="62" ID="PAG_00000051_ST000001" STYLEREFS="TXT_1" VPOS="135" WC="0.87" WIDTH="59"/>
            <SP HPOS="121" ID="PAG_00000051_SP000001" VPOS="135" WIDTH="1"/>
            <String CONTENT="5" HEIGHT="54" HPOS="121" ID="PAG_00000051_ST000002" STYLEREFS="TXT_1" VPOS="135" WC="0.87" WIDTH="59"/>
            <SP HPOS="180" ID="PAG_00000051_SP000002" VPOS="135" WIDTH="1"/>
            <String CONTENT="Janvier" HEIGHT="54" HPOS="180" ID="PAG_00000051_ST000003" STYLEREFS="TXT_1" VPOS="135" WC="0.87" WIDTH="267"/>
            <SP HPOS="447" ID="PAG_00000051_SP000003" VPOS="154" WIDTH="2772"/>
            <String CONTENT="45" HEIGHT="31" HPOS="3219" ID="PAG_00000051_ST000004" STYLEREFS="TXT_1" VPOS="154" WC="1" WIDTH="39"/>
          </TextLine>
        </TextBlock>
      </TopMargin>
      <PrintSpace HEIGHT="4507" HPOS="63" ID="PAG_00000051_PrintSpace" VPOS="232" WIDTH="3266">
        <ComposedBlock HEIGHT="4507" HPOS="63" ID="PAG_00000051_CB000001" VPOS="232" WIDTH="3266">
          <TextBlock HEIGHT="45" HPOS="63" ID="PAG_00000051_TB000002" STYLEREFS="TXT_1" VPOS="252" WIDTH="732" language="fr">
            <TextLine HEIGHT="45" HPOS="63" ID="PAG_00000051_TL000002" STYLEREFS="TXT_1" VPOS="252" WIDTH="732">
              <String CONTENT="QUELQUES" HEIGHT="43" HPOS="63" ID="PAG_00000051_ST000005" STYLEREFS="TXT_1" VPOS="254" WC="1" WIDTH="255"/>
              <SP HPOS="318" ID="PAG_00000051_SP000004" VPOS="253" WIDTH="75"/>
              <String CONTENT="BLOUSES" HEIGHT="35" HPOS="393" ID="PAG_00000051_ST000006" STYLEREFS="TXT_1" VPOS="253" WC="1" WIDTH="217"/>
              <SP HPOS="610" ID="PAG_00000051_SP000005" VPOS="252" WIDTH="60"/>
              <String CONTENT="NOU-" HEIGHT="33" HPOS="670" ID="PAG_00000051_ST000007" STYLEREFS="TXT_1" VPOS="252" WC="1" WIDTH="125"/>
              <HYP CONTENT="-" HPOS="795" VPOS="285" WIDTH="30"/>
            </TextLine>
          </TextBlock>
          <TextBlock HEIGHT="40" HPOS="71" ID="PAG_00000051_TB000003" STYLEREFS="TXT_1" VPOS="447" WIDTH="729" language="fr">
            <TextLine HEIGHT="40" HPOS="71" ID="PAG_00000051_TL000003" STYLEREFS="TXT_1" VPOS="447" WIDTH="729">
              <String CONTENT="VELLES" HEIGHT="35" HPOS="71" ID="PAG_00000051_ST000008" STYLEREFS="TXT_1" VPOS="452" WC="1" WIDTH="170"/>
              <SP HPOS="241" ID="PAG_00000051_SP000006" VPOS="450" WIDTH="73"/>
              <String CONTENT="DIGNES" HEIGHT="36" HPOS="314" ID="PAG_00000051_ST000009" STYLEREFS="TXT_1" VPOS="450" WC="1" WIDTH="189"/>
              <SP HPOS="503" ID="PAG_00000051_SP000007" VPOS="448" WIDTH="70"/>
              <String CONTENT="DE" HEIGHT="34" HPOS="573" ID="PAG_00000051_ST000010" STYLEREFS="TXT_1" VPOS="448" WC="1" WIDTH="66"/>
              <SP HPOS="639" ID="PAG_00000051_SP000008" VPOS="447" WIDTH="59"/>
              <String CONTENT="NOS" HEIGHT="34" HPOS="698" ID="PAG_00000051_ST000011" STYLEREFS="TXT_1" VPOS="447" WC="1" WIDTH="102"/>
            </TextLine>
          </TextBlock>
          <TextBlock HEIGHT="44" HPOS="73" ID="PAG_00000051_TB000004" STYLEREFS="TXT_1" VPOS="644" WIDTH="727" language="fr">
            <TextLine HEIGHT="44" HPOS="73" ID="PAG_00000051_TL000004" STYLEREFS="TXT_1" VPOS="644" WIDTH="727">
              <String CONTENT="COSTUMES" HEIGHT="40" HPOS="73" ID="PAG_00000051_ST000012" STYLEREFS="TXT_1" VPOS="648" WC="1" WIDTH="327"/>
              <SP HPOS="400" ID="PAG_00000051_SP000009" VPOS="644" WIDTH="65"/>
              <String CONTENT="TAILLEURS" HEIGHT="38" HPOS="465" ID="PAG_00000051_ST000013" STYLEREFS="TXT_1" VPOS="644" WC="1" WIDTH="335"/>
            </TextLine>
          </TextBlock>
          <Illustration HEIGHT="1724" HPOS="67" ID="PAG_00000051_IL000001" VPOS="1619" WIDTH="827"/>
          <TextBlock HEIGHT="356" HPOS="68" ID="PAG_00000051_TB000005" STYLEREFS="TXT_1" VPOS="3378" WIDTH="604" language="fr">
            <TextLine HEIGHT="43" HPOS="79" ID="PAG_00000051_TL000005" STYLEREFS="TXT_1" VPOS="3378" WIDTH="589">
              <String CONTENT="(Eit" HEIGHT="42" HPOS="79" ID="PAG_00000051_ST000014" STYLEREFS="TXT_1" VPOS="3379" WC="0.86" WIDTH="73"/>
              <SP HPOS="152" ID="PAG_00000051_SP000010" VPOS="3379" WIDTH="1"/>
              <String CONTENT="haut)" HEIGHT="42" HPOS="152" ID="PAG_00000051_ST000015" STYLEREFS="TXT_1" VPOS="3379" WC="0.86" WIDTH="104"/>
              <SP HPOS="256" ID="PAG_00000051_SP000011" VPOS="3380" WIDTH="16"/>
              <String CONTENT="Pour" HEIGHT="32" HPOS="272" ID="PAG_00000051_ST000016" STYLEREFS="TXT_1" VPOS="3380" WC="1" WIDTH="94"/>
              <SP HPOS="366" ID="PAG_00000051_SP000012" VPOS="3379" WIDTH="11"/>
              <String CONTENT="faire" HEIGHT="42" HPOS="377" ID="PAG_00000051_ST000017" STYLEREFS="TXT_1" VPOS="3379" WC="1" WIDTH="89"/>
              <SP HPOS="466" ID="PAG_00000051_SP000013" VPOS="3385" WIDTH="13"/>
              <String CONTENT="cette" HEIGHT="27" HPOS="479" ID="PAG_00000051_ST000018" STYLEREFS="TXT_1" VPOS="3385" WC="1" WIDTH="71"/>
              <SP HPOS="550" ID="PAG_00000051_SP000014" VPOS="3378" WIDTH="10"/>
              <String CONTENT="blouse" HEIGHT="33" HPOS="560" ID="PAG_00000051_ST000019" STYLEREFS="TXT_1" VPOS="3378" WC="1" WIDTH="108"/>
            </TextLine>
            <TextLine HEIGHT="43" HPOS="74" ID="PAG_00000051_TL000006" STYLEREFS="TXT_1" VPOS="3422" WIDTH="598">
              <String CONTENT="on" HEIGHT="20" HPOS="74" ID="PAG_00000051_ST000020" STYLEREFS="TXT_1" VPOS="3438" WC="1" WIDTH="41"/>
              <SP HPOS="115" ID="PAG_00000051_SP000015" VPOS="3438" WIDTH="28"/>
              <String CONTENT="a" HEIGHT="21" HPOS="143" ID="PAG_00000051_ST000021" STYLEREFS="TXT_1" VPOS="3438" WC="1" WIDTH="20"/>
              <SP HPOS="163" ID="PAG_00000051_SP000016" VPOS="3422" WIDTH="30"/>
              <String CONTENT="combiné" HEIGHT="36" HPOS="193" ID="PAG_00000051_ST000022" STYLEREFS="TXT_1" VPOS="3422" WC="0.98" WIDTH="148"/>
              <SP HPOS="341" ID="PAG_00000051_SP000017" VPOS="3424" WIDTH="33"/>
              <String CONTENT="du" HEIGHT="33" HPOS="374" ID="PAG_00000051_ST000023" STYLEREFS="TXT_1" VPOS="3424" WC="1" WIDTH="46"/>
              <SP HPOS="420" ID="PAG_00000051_SP000018" VPOS="3422" WIDTH="29"/>
              <String CONTENT="simple" HEIGHT="43" HPOS="449" ID="PAG_00000051_ST000024" STYLEREFS="TXT_1" VPOS="3422" WC="1" WIDTH="115"/>
              <SP HPOS="564" ID="PAG_00000051_SP000019" VPOS="3422" WIDTH="28"/>
              <String CONTENT="voile" HEIGHT="34" HPOS="592" ID="PAG_00000051_ST000025" STYLEREFS="TXT_1" VPOS="3422" WC="1" WIDTH="80"/>
            </TextLine>
            <TextLine HEIGHT="37" HPOS="75" ID="PAG_00000051_TL000007" STYLEREFS="TXT_1" VPOS="3467" WIDTH="594">
              <String CONTENT="uni" HEIGHT="34" HPOS="75" ID="PAG_00000051_ST000026" STYLEREFS="TXT_1" VPOS="3470" WC="0.97" WIDTH="59"/>
              <SP HPOS="134" ID="PAG_00000051_SP000020" VPOS="3470" WIDTH="1"/>
              <String CONTENT="avec" HEIGHT="34" HPOS="134" ID="PAG_00000051_ST000027" STYLEREFS="TXT_1" VPOS="3470" WC="0.97" WIDTH="90"/>
              <SP HPOS="224" ID="PAG_00000051_SP000021" VPOS="3469" WIDTH="25"/>
              <String CONTENT="de" HEIGHT="33" HPOS="249" ID="PAG_00000051_ST000028" STYLEREFS="TXT_1" VPOS="3469" WC="1" WIDTH="38"/>
              <SP HPOS="287" ID="PAG_00000051_SP000022" VPOS="3467" WIDTH="27"/>
              <String CONTENT="la" HEIGHT="35" HPOS="314" ID="PAG_00000051_ST000029" STYLEREFS="TXT_1" VPOS="3467" WC="1" WIDTH="47"/>
              <SP HPOS="361" ID="PAG_00000051_SP000023" VPOS="3467" WIDTH="1"/>
              <String CONTENT="vraie" HEIGHT="35" HPOS="361" ID="PAG_00000051_ST000030" STYLEREFS="TXT_1" VPOS="3467" WC="1" WIDTH="95"/>
              <SP HPOS="456" ID="PAG_00000051_SP000024" VPOS="3467" WIDTH="1"/>
              <String CONTENT="dentelle" HEIGHT="35" HPOS="456" ID="PAG_00000051_ST000031" STYLEREFS="TXT_1" VPOS="3467" WC="1" WIDTH="159"/>
              <SP HPOS="615" ID="PAG_00000051_SP000025" VPOS="3467" WIDTH="16"/>
              <String CONTENT="de" HEIGHT="33" HPOS="631" ID="PAG_00000051_ST000032" STYLEREFS="TXT_1" VPOS="3467" WC="1" WIDTH="38"/>
            </TextLine>
            <TextLine HEIGHT="38" HPOS="73" ID="PAG_00000051_TL000008" STYLEREFS="TXT_1" VPOS="3512" WIDTH="595">
              <String CONTENT="filet" HEIGHT="38" HPOS="73" ID="PAG_00000051_ST000033" STYLEREFS="TXT_1" VPOS="3512" WC="0.89" WIDTH="64"/>
              <SP HPOS="137" ID="PAG_00000051_SP000026" VPOS="3520" WIDTH="32"/>
              <String CONTENT="et" HEIGHT="27" HPOS="169" ID="PAG_00000051_ST000034" STYLEREFS="TXT_1" VPOS="3520" WC="1" WIDTH="28"/>
              <SP HPOS="197" ID="PAG_00000051_SP000027" VPOS="3513" WIDTH="40"/>
              <String CONTENT="de" HEIGHT="33" HPOS="237" ID="PAG_00000051_ST000035" STYLEREFS="TXT_1" VPOS="3513" WC="1" WIDTH="38"/>
              <SP HPOS="275" ID="PAG_00000051_SP000028" VPOS="3512" WIDTH="41"/>
              <String CONTENT="délicats" HEIGHT="34" HPOS="316" ID="PAG_00000051_ST000036" STYLEREFS="TXT_1" VPOS="3512" WC="0.99" WIDTH="137"/>
              <SP HPOS="453" ID="PAG_00000051_SP000029" VPOS="3519" WIDTH="37"/>
              <String CONTENT="ornements" HEIGHT="26" HPOS="490" ID="PAG_00000051_ST000037" STYLEREFS="TXT_1" VPOS="3519" WC="1" WIDTH="178"/>
            </TextLine>
            <TextLine HEIGHT="47" HPOS="68" ID="PAG_00000051_TL000009" STYLEREFS="TXT_1" VPOS="3549" WIDTH="600">
              <String CONTENT="faits" HEIGHT="43" HPOS="68" ID="PAG_00000051_ST000038" STYLEREFS="TXT_1" VPOS="3553" WC="0.99" WIDTH="83"/>
              <SP HPOS="151" ID="PAG_00000051_SP000030" VPOS="3558" WIDTH="33"/>
              <String CONTENT="à" HEIGHT="33" HPOS="184" ID="PAG_00000051_ST000039" STYLEREFS="TXT_1" VPOS="3558" WC="1" WIDTH="20"/>
              <SP HPOS="204" ID="PAG_00000051_SP000031" VPOS="3558" WIDTH="30"/>
              <String CONTENT="la" HEIGHT="33" HPOS="234" ID="PAG_00000051_ST000040" STYLEREFS="TXT_1" VPOS="3558" WC="1" WIDTH="35"/>
              <SP HPOS="269" ID="PAG_00000051_SP000032" VPOS="3557" WIDTH="32"/>
              <String CONTENT="main." HEIGHT="34" HPOS="301" ID="PAG_00000051_ST000041" STYLEREFS="TXT_1" VPOS="3557" WC="1" WIDTH="107"/>
              <SP HPOS="408" ID="PAG_00000051_SP000033" VPOS="3556" WIDTH="59"/>
              <String CONTENT="Le" HEIGHT="34" HPOS="467" ID="PAG_00000051_ST000042" STYLEREFS="TXT_1" VPOS="3556" WC="1" WIDTH="40"/>
              <SP HPOS="507" ID="PAG_00000051_SP000034" VPOS="3549" WIDTH="31"/>
              <String CONTENT="col," HEIGHT="46" HPOS="538" ID="PAG_00000051_ST000043" STYLEREFS="TXT_1" VPOS="3549" WC="1" WIDTH="56"/>
              <SP HPOS="594" ID="PAG_00000051_SP000035" VPOS="3556" WIDTH="29"/>
              <String CONTENT="les" HEIGHT="33" HPOS="623" ID="PAG_00000051_ST000044" STYLEREFS="TXT_1" VPOS="3556" WC="1" WIDTH="45"/>
            </TextLine>
            <TextLine HEIGHT="37" HPOS="73" ID="PAG_00000051_TL000010" STYLEREFS="TXT_1" VPOS="3600" WIDTH="595">
              <String CONTENT="manc" HEIGHT="22" HPOS="73" ID="PAG_00000051_ST000045" STYLEREFS="TXT_1" VPOS="3615" WC="0.99" WIDTH="94"/>
              <SP HPOS="167" ID="PAG_00000051_SP000036" VPOS="3602" WIDTH="4"/>
              <String CONTENT="hettes" HEIGHT="33" HPOS="171" ID="PAG_00000051_ST000046" STYLEREFS="TXT_1" VPOS="3602" WC="0.93" WIDTH="111"/>
              <SP HPOS="282" ID="PAG_00000051_SP000037" VPOS="3602" WIDTH="1"/>
              <String CONTENT="et" HEIGHT="33" HPOS="282" ID="PAG_00000051_ST000047" STYLEREFS="TXT_1" VPOS="3602" WC="0.93" WIDTH="47"/>
              <SP HPOS="329" ID="PAG_00000051_SP000038" VPOS="3602" WIDTH="1"/>
              <String CONTENT="le" HEIGHT="33" HPOS="329" ID="PAG_00000051_ST000048" STYLEREFS="TXT_1" VPOS="3602" WC="0.93" WIDTH="65"/>
              <SP HPOS="394" ID="PAG_00000051_SP000039" VPOS="3602" WIDTH="32"/>
              <String CONTENT="devant" HEIGHT="32" HPOS="426" ID="PAG_00000051_ST000049" STYLEREFS="TXT_1" VPOS="3602" WC="1" WIDTH="110"/>
              <SP HPOS="536" ID="PAG_00000051_SP000040" VPOS="3601" WIDTH="31"/>
              <String CONTENT="de" HEIGHT="32" HPOS="567" ID="PAG_00000051_ST000050" STYLEREFS="TXT_1" VPOS="3601" WC="1" WIDTH="36"/>
              <SP HPOS="603" ID="PAG_00000051_SP000041" VPOS="3600" WIDTH="31"/>
              <String CONTENT="la" HEIGHT="34" HPOS="634" ID="PAG_00000051_ST000051" STYLEREFS="TXT_1" VPOS="3600" WC="1" WIDTH="34"/>
            </TextLine>
            <TextLine HEIGHT="44" HPOS="70" ID="PAG_00000051_TL000011" STYLEREFS="TXT_1" VPOS="3644" WIDTH="597">
              <String CONTENT="blouse," HEIGHT="40" HPOS="70" ID="PAG_00000051_ST000052" STYLEREFS="TXT_1" VPOS="3648" WC="0.99" WIDTH="120"/>
              <SP HPOS="190" ID="PAG_00000051_SP000042" VPOS="3654" WIDTH="44"/>
              <String CONTENT="sont" HEIGHT="26" HPOS="234" ID="PAG_00000051_ST000053" STYLEREFS="TXT_1" VPOS="3654" WC="0.99" WIDTH="75"/>
              <SP HPOS="309" ID="PAG_00000051_SP000043" VPOS="3646" WIDTH="41"/>
              <String CONTENT="garnis" HEIGHT="42" HPOS="350" ID="PAG_00000051_ST000054" STYLEREFS="TXT_1" VPOS="3646" WC="1" WIDTH="117"/>
              <SP HPOS="467" ID="PAG_00000051_SP000044" VPOS="3645" WIDTH="32"/>
              <String CONTENT="de" HEIGHT="34" HPOS="499" ID="PAG_00000051_ST000055" STYLEREFS="TXT_1" VPOS="3645" WC="1" WIDTH="47"/>
              <SP HPOS="546" ID="PAG_00000051_SP000045" VPOS="3644" WIDTH="24"/>
              <String CONTENT="petits" HEIGHT="44" HPOS="570" ID="PAG_00000051_ST000056" STYLEREFS="TXT_1" VPOS="3644" WC="1" WIDTH="97"/>
            </TextLine>
            <TextLine HEIGHT="45" HPOS="70" ID="PAG_00000051_TL000012" STYLEREFS="TXT_1" VPOS="3689" WIDTH="598">
              <String CONTENT="plis" HEIGHT="42" HPOS="70" ID="PAG_00000051_ST000057" STYLEREFS="TXT_1" VPOS="3692" WC="1" WIDTH="68"/>
              <SP HPOS="138" ID="PAG_00000051_SP000046" VPOS="3699" WIDTH="47"/>
              <String CONTENT="et" HEIGHT="25" HPOS="185" ID="PAG_00000051_ST000058" STYLEREFS="TXT_1" VPOS="3699" WC="1" WIDTH="29"/>
              <SP HPOS="214" ID="PAG_00000051_SP000047" VPOS="3692" WIDTH="41"/>
              <String CONTENT="de" HEIGHT="32" HPOS="255" ID="PAG_00000051_ST000059" STYLEREFS="TXT_1" VPOS="3692" WC="1" WIDTH="38"/>
              <SP HPOS="293" ID="PAG_00000051_SP000048" VPOS="3691" WIDTH="45"/>
              <String CONTENT="dentelle" HEIGHT="33" HPOS="338" ID="PAG_00000051_ST000060" STYLEREFS="TXT_1" VPOS="3691" WC="1" WIDTH="136"/>
              <SP HPOS="474" ID="PAG_00000051_SP000049" VPOS="3690" WIDTH="46"/>
              <String CONTENT="de" HEIGHT="33" HPOS="520" ID="PAG_00000051_ST000061" STYLEREFS="TXT_1" VPOS="3690" WC="1" WIDTH="36"/>
              <SP HPOS="556" ID="PAG_00000051_SP000050" VPOS="3689" WIDTH="41"/>
              <String CONTENT="filet" HEIGHT="42" HPOS="597" ID="PAG_00000051_ST000062" STYLEREFS="TXT_1" VPOS="3689" WC="1" WIDTH="71"/>
            </TextLine>
          </TextBlock>
          <TextBlock HEIGHT="271" HPOS="73" ID="PAG_00000051_TB000006" STYLEREFS="TXT_1" VPOS="1154" WIDTH="734" language="fr">
            <TextLine HEIGHT="52" HPOS="78" ID="PAG_00000051_TL000013" STYLEREFS="TXT_1" VPOS="1154" WIDTH="722">
              <String CONTENT="(A" HEIGHT="42" HPOS="78" ID="PAG_00000051_ST000063" STYLEREFS="TXT_1" VPOS="1164" WC="0.98" WIDTH="43"/>
              <SP HPOS="121" ID="PAG_00000051_SP000051" VPOS="1160" WIDTH="31"/>
              <String CONTENT="droite)" HEIGHT="41" HPOS="152" ID="PAG_00000051_ST000064" STYLEREFS="TXT_1" VPOS="1160" WC="1" WIDTH="111"/>
              <SP HPOS="263" ID="PAG_00000051_SP000052" VPOS="1160" WIDTH="40"/>
              <String CONTENT="Celles" HEIGHT="36" HPOS="303" ID="PAG_00000051_ST000065" STYLEREFS="TXT_1" VPOS="1160" WC="1" WIDTH="105"/>
              <SP HPOS="408" ID="PAG_00000051_SP000053" VPOS="1160" WIDTH="32"/>
              <String CONTENT="qui" HEIGHT="43" HPOS="440" ID="PAG_00000051_ST000066" STYLEREFS="TXT_1" VPOS="1160" WC="0.97" WIDTH="57"/>
              <SP HPOS="497" ID="PAG_00000051_SP000054" VPOS="1154" WIDTH="27"/>
              <String CONTENT="tiennent" HEIGHT="38" HPOS="524" ID="PAG_00000051_ST000067" STYLEREFS="TXT_1" VPOS="1154" WC="0.98" WIDTH="146"/>
              <SP HPOS="670" ID="PAG_00000051_SP000055" VPOS="1167" WIDTH="32"/>
              <String CONTENT="avant" HEIGHT="26" HPOS="702" ID="PAG_00000051_ST000068" STYLEREFS="TXT_1" VPOS="1167" WC="1" WIDTH="98"/>
            </TextLine>
            <TextLine HEIGHT="45" HPOS="74" ID="PAG_00000051_TL000014" STYLEREFS="TXT_1" VPOS="1202" WIDTH="728">
              <String CONTENT="tout" HEIGHT="27" HPOS="74" ID="PAG_00000051_ST000069" STYLEREFS="TXT_1" VPOS="1216" WC="1" WIDTH="65"/>
              <SP HPOS="139" ID="PAG_00000051_SP000056" VPOS="1207" WIDTH="30"/>
              <String CONTENT="à" HEIGHT="33" HPOS="169" ID="PAG_00000051_ST000070" STYLEREFS="TXT_1" VPOS="1207" WC="1" WIDTH="19"/>
              <SP HPOS="188" ID="PAG_00000051_SP000057" VPOS="1206" WIDTH="30"/>
              <String CONTENT="donner" HEIGHT="33" HPOS="218" ID="PAG_00000051_ST000071" STYLEREFS="TXT_1" VPOS="1206" WC="1" WIDTH="121"/>
              <SP HPOS="339" ID="PAG_00000051_SP000058" VPOS="1218" WIDTH="34"/>
              <String CONTENT="une" HEIGHT="21" HPOS="373" ID="PAG_00000051_ST000072" STYLEREFS="TXT_1" VPOS="1218" WC="1" WIDTH="65"/>
              <SP HPOS="438" ID="PAG_00000051_SP000059" VPOS="1202" WIDTH="37"/>
              <String CONTENT="impression" HEIGHT="45" HPOS="475" ID="PAG_00000051_ST000073" STYLEREFS="TXT_1" VPOS="1202" WC="0.99" WIDTH="198"/>
              <SP HPOS="673" ID="PAG_00000051_SP000060" VPOS="1204" WIDTH="32"/>
              <String CONTENT="d'èlé-" HEIGHT="33" HPOS="705" ID="PAG_00000051_ST000074" STYLEREFS="TXT_1" SUBS_CONTENT="d'èlégante" SUBS_TYPE="HypPart1" VPOS="1204" WC="0.98" WIDTH="97"/>
              <HYP CONTENT="-" HPOS="802" VPOS="1237" WIDTH="30"/>
            </TextLine>
            <TextLine HEIGHT="47" HPOS="74" ID="PAG_00000051_TL000015" STYLEREFS="TXT_1" VPOS="1248" WIDTH="728">
              <String CONTENT="gante" HEIGHT="35" HPOS="74" ID="PAG_00000051_ST000075" STYLEREFS="TXT_1" SUBS_CONTENT="d'èlégante" SUBS_TYPE="HypPart2" VPOS="1260" WC="0.99" WIDTH="90"/>
              <SP HPOS="164" ID="PAG_00000051_SP000061" VPOS="1250" WIDTH="11"/>
              <String CONTENT="fraîcheur" HEIGHT="43" HPOS="175" ID="PAG_00000051_ST000076" STYLEREFS="TXT_1" VPOS="1250" WC="1" WIDTH="169"/>
              <SP HPOS="344" ID="PAG_00000051_SP000062" VPOS="1262" WIDTH="29"/>
              <String CONTENT="ne" HEIGHT="21" HPOS="373" ID="PAG_00000051_ST000077" STYLEREFS="TXT_1" VPOS="1262" WC="1" WIDTH="41"/>
              <SP HPOS="414" ID="PAG_00000051_SP000063" VPOS="1248" WIDTH="27"/>
              <String CONTENT="résisteront" HEIGHT="35" HPOS="441" ID="PAG_00000051_ST000078" STYLEREFS="TXT_1" VPOS="1248" WC="1" WIDTH="186"/>
              <SP HPOS="627" ID="PAG_00000051_SP000064" VPOS="1256" WIDTH="25"/>
              <String CONTENT="pas" HEIGHT="35" HPOS="652" ID="PAG_00000051_ST000079" STYLEREFS="TXT_1" VPOS="1256" WC="1" WIDTH="63"/>
              <SP HPOS="715" ID="PAG_00000051_SP000065" VPOS="1260" WIDTH="19"/>
              <String CONTENT="aux" HEIGHT="22" HPOS="734" ID="PAG_00000051_ST000080" STYLEREFS="TXT_1" VPOS="1260" WC="1" WIDTH="68"/>
            </TextLine>
            <TextLine HEIGHT="39" HPOS="73" ID="PAG_00000051_TL000016" STYLEREFS="TXT_1" VPOS="1292" WIDTH="732">
              <String CONTENT="charmes" HEIGHT="33" HPOS="73" ID="PAG_00000051_ST000081" STYLEREFS="TXT_1" VPOS="1298" WC="0.99" WIDTH="140"/>
              <SP HPOS="213" ID="PAG_00000051_SP000066" VPOS="1295" WIDTH="28"/>
              <String CONTENT="de" HEIGHT="32" HPOS="241" ID="PAG_00000051_ST000082" STYLEREFS="TXT_1" VPOS="1295" WC="1" WIDTH="36"/>
              <SP HPOS="277" ID="PAG_00000051_SP000067" VPOS="1301" WIDTH="34"/>
              <String CONTENT="cette" HEIGHT="26" HPOS="311" ID="PAG_00000051_ST000083" STYLEREFS="TXT_1" VPOS="1301" WC="1" WIDTH="76"/>
              <SP HPOS="387" ID="PAG_00000051_SP000068" VPOS="1294" WIDTH="31"/>
              <String CONTENT="blouse." HEIGHT="34" HPOS="418" ID="PAG_00000051_ST000084" STYLEREFS="TXT_1" VPOS="1294" WC="1" WIDTH="120"/>
              <SP HPOS="538" ID="PAG_00000051_SP000069" VPOS="1292" WIDTH="66"/>
              <String CONTENT="En" HEIGHT="33" HPOS="604" ID="PAG_00000051_ST000085" STYLEREFS="TXT_1" VPOS="1292" WC="1" WIDTH="56"/>
              <SP HPOS="660" ID="PAG_00000051_SP000070" VPOS="1293" WIDTH="27"/>
              <String CONTENT="batiste" HEIGHT="33" HPOS="687" ID="PAG_00000051_ST000086" STYLEREFS="TXT_1" VPOS="1293" WC="1" WIDTH="118"/>
            </TextLine>
            <TextLine HEIGHT="43" HPOS="73" ID="PAG_00000051_TL000017" STYLEREFS="TXT_1" VPOS="1337" WIDTH="731">
              <String CONTENT="blanche," HEIGHT="39" HPOS="73" ID="PAG_00000051_ST000087" STYLEREFS="TXT_1" VPOS="1340" WC="1" WIDTH="137"/>
              <SP HPOS="210" ID="PAG_00000051_SP000071" VPOS="1351" WIDTH="17"/>
              <String CONTENT="son" HEIGHT="21" HPOS="227" ID="PAG_00000051_ST000088" STYLEREFS="TXT_1" VPOS="1351" WC="1" WIDTH="59"/>
              <SP HPOS="286" ID="PAG_00000051_SP000072" VPOS="1339" WIDTH="21"/>
              <String CONTENT="large" HEIGHT="41" HPOS="307" ID="PAG_00000051_ST000089" STYLEREFS="TXT_1" VPOS="1339" WC="1" WIDTH="89"/>
              <SP HPOS="396" ID="PAG_00000051_SP000073" VPOS="1338" WIDTH="17"/>
              <String CONTENT="col" HEIGHT="33" HPOS="413" ID="PAG_00000051_ST000090" STYLEREFS="TXT_1" VPOS="1338" WC="1" WIDTH="58"/>
              <SP HPOS="471" ID="PAG_00000051_SP000074" VPOS="1344" WIDTH="13"/>
              <String CONTENT="et" HEIGHT="27" HPOS="484" ID="PAG_00000051_ST000091" STYLEREFS="TXT_1" VPOS="1344" WC="1" WIDTH="30"/>
              <SP HPOS="514" ID="PAG_00000051_SP000075" VPOS="1337" WIDTH="22"/>
              <String CONTENT="ses'" HEIGHT="34" HPOS="536" ID="PAG_00000051_ST000092" STYLEREFS="TXT_1" VPOS="1337" WC="0.99" WIDTH="83"/>
              <SP HPOS="619" ID="PAG_00000051_SP000076" VPOS="1337" WIDTH="1"/>
              <String CONTENT="manchettes" HEIGHT="34" HPOS="619" ID="PAG_00000051_ST000093" STYLEREFS="TXT_1" VPOS="1337" WC="0.99" WIDTH="185"/>
            </TextLine>
            <TextLine HEIGHT="43" HPOS="76" ID="PAG_00000051_TL000018" STYLEREFS="TXT_1" VPOS="1382" WIDTH="731">
              <String CONTENT="sont" HEIGHT="26" HPOS="76" ID="PAG_00000051_ST000094" STYLEREFS="TXT_1" VPOS="1393" WC="0.96" WIDTH="64"/>
              <SP HPOS="140" ID="PAG_00000051_SP000077" VPOS="1383" WIDTH="22"/>
              <String CONTENT="garnis" HEIGHT="42" HPOS="162" ID="PAG_00000051_ST000095" STYLEREFS="TXT_1" VPOS="1383" WC="1" WIDTH="111"/>
              <SP HPOS="273" ID="PAG_00000051_SP000078" VPOS="1384" WIDTH="21"/>
              <String CONTENT="de" HEIGHT="32" HPOS="294" ID="PAG_00000051_ST000096" STYLEREFS="TXT_1" VPOS="1384" WC="1" WIDTH="37"/>
              <SP HPOS="331" ID="PAG_00000051_SP000079" VPOS="1382" WIDTH="29"/>
              <String CONTENT="volants" HEIGHT="34" HPOS="360" ID="PAG_00000051_ST000097" STYLEREFS="TXT_1" VPOS="1382" WC="0.99" WIDTH="124"/>
              <SP HPOS="484" ID="PAG_00000051_SP000080" VPOS="1382" WIDTH="20"/>
              <String CONTENT="de" HEIGHT="33" HPOS="504" ID="PAG_00000051_ST000098" STYLEREFS="TXT_1" VPOS="1382" WC="1" WIDTH="37"/>
              <SP HPOS="541" ID="PAG_00000051_SP000081" VPOS="1382" WIDTH="22"/>
              <String CONTENT="Valenciennes" HEIGHT="34" HPOS="563" ID="PAG_00000051_ST000099" STYLEREFS="TXT_1" VPOS="1382" WC="0.99" WIDTH="244"/>
            </TextLine>
          </TextBlock>
          <Illustration HEIGHT="1664" HPOS="1013" ID="PAG_00000051_IL000002" VPOS="238" WIDTH="1134"/>
          <Illustration HEIGHT="1045" HPOS="1021" ID="PAG_00000051_IL000003" VPOS="2014" WIDTH="1275"/>
          <TextBlock HEIGHT="346" HPOS="69" ID="PAG_00000051_TB000007" STYLEREFS="TXT_1" VPOS="4393" WIDTH="646" language="fr">
            <TextLine HEIGHT="42" HPOS="72" ID="PAG_00000051_TL000019" STYLEREFS="TXT_1" VPOS="4393" WIDTH="598">
              <String CONTENT="(A" HEIGHT="41" HPOS="72" ID="PAG_00000051_ST000100" STYLEREFS="TXT_1" VPOS="4394" WC="1" WIDTH="46"/>
              <SP HPOS="118" ID="PAG_00000051_SP000082" VPOS="4394" WIDTH="18"/>
              <String CONTENT="droite)" HEIGHT="40" HPOS="136" ID="PAG_00000051_ST000101" STYLEREFS="TXT_1" VPOS="4394" WC="1" WIDTH="117"/>
              <SP HPOS="253" ID="PAG_00000051_SP000083" VPOS="4394" WIDTH="27"/>
              <String CONTENT="Là" HEIGHT="33" HPOS="280" ID="PAG_00000051_ST000102" STYLEREFS="TXT_1" VPOS="4394" WC="0.92" WIDTH="51"/>
              <SP HPOS="331" ID="PAG_00000051_SP000084" VPOS="4394" WIDTH="22"/>
              <String CONTENT="blouse" HEIGHT="33" HPOS="353" ID="PAG_00000051_ST000103" STYLEREFS="TXT_1" VPOS="4394" WC="1" WIDTH="111"/>
              <SP HPOS="464" ID="PAG_00000051_SP000085" VPOS="4393" WIDTH="21"/>
              <String CONTENT="de" HEIGHT="33" HPOS="485" ID="PAG_00000051_ST000104" STYLEREFS="TXT_1" VPOS="4393" WC="1" WIDTH="37"/>
              <SP HPOS="522" ID="PAG_00000051_SP000086" VPOS="4393" WIDTH="18"/>
              <String CONTENT="couleur" HEIGHT="33" HPOS="540" ID="PAG_00000051_ST000105" STYLEREFS="TXT_1" VPOS="4393" WC="1" WIDTH="130"/>
            </TextLine>
            <TextLine HEIGHT="43" HPOS="69" ID="PAG_00000051_TL000020" STYLEREFS="TXT_1" VPOS="4437" WIDTH="646">
              <String CONTENT="vive" HEIGHT="32" HPOS="69" ID="PAG_00000051_ST000106" STYLEREFS="TXT_1" VPOS="4440" WC="0.99" WIDTH="66"/>
              <SP HPOS="135" ID="PAG_00000051_SP000087" VPOS="4446" WIDTH="17"/>
              <String CONTENT="est" HEIGHT="26" HPOS="152" ID="PAG_00000051_ST000107" STYLEREFS="TXT_1" VPOS="4446" WC="1" WIDTH="45"/>
              <SP HPOS="197" ID="PAG_00000051_SP000088" VPOS="4439" WIDTH="10"/>
              <String CONTENT="fort" HEIGHT="41" HPOS="207" ID="PAG_00000051_ST000108" STYLEREFS="TXT_1" VPOS="4439" WC="0.98" WIDTH="69"/>
              <SP HPOS="276" ID="PAG_00000051_SP000089" VPOS="4439" WIDTH="15"/>
              <String CONTENT="à" HEIGHT="33" HPOS="291" ID="PAG_00000051_ST000109" STYLEREFS="TXT_1" VPOS="4439" WC="1" WIDTH="23"/>
              <SP HPOS="314" ID="PAG_00000051_SP000090" VPOS="4439" WIDTH="15"/>
              <String CONTENT="la" HEIGHT="33" HPOS="329" ID="PAG_00000051_ST000110" STYLEREFS="TXT_1" VPOS="4439" WC="1" WIDTH="34"/>
              <SP HPOS="363" ID="PAG_00000051_SP000091" VPOS="4438" WIDTH="21"/>
              <String CONTENT="mode." HEIGHT="33" HPOS="384" ID="PAG_00000051_ST000111" STYLEREFS="TXT_1" VPOS="4438" WC="1" WIDTH="101"/>
              <SP HPOS="485" ID="PAG_00000051_SP000092" VPOS="4437" WIDTH="40"/>
              <String CONTENT="Celle-ci," HEIGHT="41" HPOS="525" ID="PAG_00000051_ST000112" STYLEREFS="TXT_1" VPOS="4437" WC="1" WIDTH="143"/>
              <SP HPOS="668" ID="PAG_00000051_SP000093" VPOS="4445" WIDTH="34"/>
              <String CONTENT="L" HEIGHT="19" HPOS="702" ID="PAG_00000051_ST000113" STYLEREFS="TXT_1" TYPE="illegible" VPOS="4445" WC="0.00" WIDTH="13"/>
            </TextLine>
            <TextLine HEIGHT="44" HPOS="70" ID="PAG_00000051_TL000021" STYLEREFS="TXT_1" VPOS="4481" WIDTH="600">
              <String CONTENT="en" HEIGHT="20" HPOS="70" ID="PAG_00000051_ST000114" STYLEREFS="TXT_1" VPOS="4497" WC="0.99" WIDTH="38"/>
              <SP HPOS="108" ID="PAG_00000051_SP000094" VPOS="4483" WIDTH="28"/>
              <String CONTENT="batiste" HEIGHT="34" HPOS="136" ID="PAG_00000051_ST000115" STYLEREFS="TXT_1" VPOS="4483" WC="1" WIDTH="115"/>
              <SP HPOS="251" ID="PAG_00000051_SP000095" VPOS="4483" WIDTH="25"/>
              <String CONTENT="bleu" HEIGHT="33" HPOS="276" ID="PAG_00000051_ST000116" STYLEREFS="TXT_1" VPOS="4483" WC="1" WIDTH="74"/>
              <SP HPOS="350" ID="PAG_00000051_SP000096" VPOS="4481" WIDTH="24"/>
              <String CONTENT="porcelaine" HEIGHT="44" HPOS="374" ID="PAG_00000051_ST000117" STYLEREFS="TXT_1" VPOS="4481" WC="1" WIDTH="185"/>
              <SP HPOS="559" ID="PAG_00000051_SP000097" VPOS="4482" WIDTH="16"/>
              <String CONTENT="bordé" HEIGHT="33" HPOS="575" ID="PAG_00000051_ST000118" STYLEREFS="TXT_1" VPOS="4482" WC="1" WIDTH="95"/>
            </TextLine>
            <TextLine HEIGHT="45" HPOS="69" ID="PAG_00000051_TL000022" STYLEREFS="TXT_1" VPOS="4525" WIDTH="602">
              <String CONTENT="de" HEIGHT="32" HPOS="69" ID="PAG_00000051_ST000119" STYLEREFS="TXT_1" VPOS="4529" WC="1" WIDTH="39"/>
              <SP HPOS="108" ID="PAG_00000051_SP000098" VPOS="4528" WIDTH="26"/>
              <String CONTENT="fins" HEIGHT="37" HPOS="134" ID="PAG_00000051_ST000120" STYLEREFS="TXT_1" VPOS="4528" WC="1" WIDTH="65"/>
              <SP HPOS="199" ID="PAG_00000051_SP000099" VPOS="4525" WIDTH="25"/>
              <String CONTENT="plissés" HEIGHT="45" HPOS="224" ID="PAG_00000051_ST000121" STYLEREFS="TXT_1" VPOS="4525" WC="1" WIDTH="120"/>
              <SP HPOS="344" ID="PAG_00000051_SP000100" VPOS="4527" WIDTH="27"/>
              <String CONTENT="blancs," HEIGHT="40" HPOS="371" ID="PAG_00000051_ST000122" STYLEREFS="TXT_1" VPOS="4527" WC="0.98" WIDTH="122"/>
              <SP HPOS="493" ID="PAG_00000051_SP000101" VPOS="4526" WIDTH="24"/>
              <String CONTENT="rehausse" HEIGHT="34" HPOS="517" ID="PAG_00000051_ST000123" STYLEREFS="TXT_1" VPOS="4526" WC="1" WIDTH="154"/>
            </TextLine>
            <TextLine HEIGHT="36" HPOS="70" ID="PAG_00000051_TL000023" STYLEREFS="TXT_1" VPOS="4571" WIDTH="601">
              <String CONTENT="d'une" HEIGHT="33" HPOS="70" ID="PAG_00000051_ST000124" STYLEREFS="TXT_1" VPOS="4573" WC="1" WIDTH="100"/>
              <SP HPOS="170" ID="PAG_00000051_SP000102" VPOS="4579" WIDTH="29"/>
              <String CONTENT="note" HEIGHT="26" HPOS="199" ID="PAG_00000051_ST000125" STYLEREFS="TXT_1" VPOS="4579" WC="1" WIDTH="72"/>
              <SP HPOS="271" ID="PAG_00000051_SP000103" VPOS="4571" WIDTH="28"/>
              <String CONTENT="brillante" HEIGHT="36" HPOS="299" ID="PAG_00000051_ST000126" STYLEREFS="TXT_1" VPOS="4571" WC="1" WIDTH="153"/>
              <SP HPOS="452" ID="PAG_00000051_SP000104" VPOS="4571" WIDTH="22"/>
              <String CONTENT="le" HEIGHT="33" HPOS="474" ID="PAG_00000051_ST000127" STYLEREFS="TXT_1" VPOS="4571" WC="1" WIDTH="29"/>
              <SP HPOS="503" ID="PAG_00000051_SP000105" VPOS="4578" WIDTH="27"/>
              <String CONTENT="costume" HEIGHT="29" HPOS="530" ID="PAG_00000051_ST000128" STYLEREFS="TXT_1" VPOS="4578" WC="0.99" WIDTH="141"/>
            </TextLine>
            <TextLine HEIGHT="43" HPOS="69" ID="PAG_00000051_TL000024" STYLEREFS="TXT_1" VPOS="4615" WIDTH="603">
              <String CONTENT="tailleur." HEIGHT="34" HPOS="69" ID="PAG_00000051_ST000129" STYLEREFS="TXT_1" VPOS="4617" WC="1" WIDTH="144"/>
              <SP HPOS="213" ID="PAG_00000051_SP000106" VPOS="4616" WIDTH="49"/>
              <String CONTENT="On" HEIGHT="33" HPOS="262" ID="PAG_00000051_ST000130" STYLEREFS="TXT_1" VPOS="4616" WC="1" WIDTH="52"/>
              <SP HPOS="314" ID="PAG_00000051_SP000107" VPOS="4623" WIDTH="18"/>
              <String CONTENT="peut" HEIGHT="35" HPOS="332" ID="PAG_00000051_ST000131" STYLEREFS="TXT_1" VPOS="4623" WC="1" WIDTH="78"/>
              <SP HPOS="410" ID="PAG_00000051_SP000108" VPOS="4616" WIDTH="16"/>
              <String CONTENT="la" HEIGHT="33" HPOS="426" ID="PAG_00000051_ST000132" STYLEREFS="TXT_1" VPOS="4616" WC="1" WIDTH="32"/>
              <SP HPOS="458" ID="PAG_00000051_SP000109" VPOS="4615" WIDTH="11"/>
              <String CONTENT="faire" HEIGHT="42" HPOS="469" ID="PAG_00000051_ST000133" STYLEREFS="TXT_1" VPOS="4615" WC="1" WIDTH="90"/>
              <SP HPOS="559" ID="PAG_00000051_SP000110" VPOS="4615" WIDTH="18"/>
              <String CONTENT="aussi" HEIGHT="33" HPOS="577" ID="PAG_00000051_ST000134" STYLEREFS="TXT_1" VPOS="4615" WC="1" WIDTH="95"/>
            </TextLine>
            <TextLine HEIGHT="36" HPOS="70" ID="PAG_00000051_TL000025" STYLEREFS="TXT_1" VPOS="4660" WIDTH="600">
              <String CONTENT="d'une" HEIGHT="32" HPOS="70" ID="PAG_00000051_ST000135" STYLEREFS="TXT_1" VPOS="4662" WC="1" WIDTH="101"/>
              <SP HPOS="171" ID="PAG_00000051_SP000111" VPOS="4668" WIDTH="49"/>
              <String CONTENT="autre" HEIGHT="26" HPOS="220" ID="PAG_00000051_ST000136" STYLEREFS="TXT_1" VPOS="4668" WC="1" WIDTH="93"/>
              <SP HPOS="313" ID="PAG_00000051_SP000112" VPOS="4661" WIDTH="43"/>
              <String CONTENT="couleur," HEIGHT="35" HPOS="356" ID="PAG_00000051_ST000137" STYLEREFS="TXT_1" VPOS="4661" WC="1" WIDTH="143"/>
              <SP HPOS="499" ID="PAG_00000051_SP000113" VPOS="4660" WIDTH="39"/>
              <String CONTENT="couleur" HEIGHT="33" HPOS="538" ID="PAG_00000051_ST000138" STYLEREFS="TXT_1" VPOS="4660" WC="1" WIDTH="132"/>
            </TextLine>
            <TextLine HEIGHT="36" HPOS="71" ID="PAG_00000051_TL000026" STYLEREFS="TXT_1" VPOS="4703" WIDTH="600">
              <String CONTENT="orchidée" HEIGHT="34" HPOS="71" ID="PAG_00000051_ST000139" STYLEREFS="TXT_1" VPOS="4705" WC="1" WIDTH="147"/>
              <SP HPOS="218" ID="PAG_00000051_SP000114" VPOS="4718" WIDTH="24"/>
              <String CONTENT="ou" HEIGHT="21" HPOS="242" ID="PAG_00000051_ST000140" STYLEREFS="TXT_1" VPOS="4718" WC="1" WIDTH="43"/>
              <SP HPOS="285" ID="PAG_00000051_SP000115" VPOS="4705" WIDTH="21"/>
              <String CONTENT="couleur" HEIGHT="34" HPOS="306" ID="PAG_00000051_ST000141" STYLEREFS="TXT_1" VPOS="4705" WC="1" WIDTH="132"/>
              <SP HPOS="438" ID="PAG_00000051_SP000116" VPOS="4703" WIDTH="25"/>
              <String CONTENT="chair" HEIGHT="35" HPOS="463" ID="PAG_00000051_ST000142" STYLEREFS="TXT_1" VPOS="4703" WC="1" WIDTH="92"/>
              <SP HPOS="555" ID="PAG_00000051_SP000117" VPOS="4704" WIDTH="23"/>
              <String CONTENT="émue" HEIGHT="33" HPOS="578" ID="PAG_00000051_ST000143" STYLEREFS="TXT_1" VPOS="4704" WC="1" WIDTH="93"/>
            </TextLine>
          </TextBlock>
          <Illustration HEIGHT="1590" HPOS="738" ID="PAG_00000051_IL000004" VPOS="3126" WIDTH="1774"/>
          <TextBlock HEIGHT="178" HPOS="2683" ID="PAG_00000051_TB000008" STYLEREFS="TXT_1" VPOS="4336" WIDTH="599" language="fr">
            <TextLine HEIGHT="44" HPOS="2686" ID="PAG_00000051_TL000027" STYLEREFS="TXT_1" VPOS="4336" WIDTH="595">
              <String CONTENT="(A" HEIGHT="41" HPOS="2686" ID="PAG_00000051_ST000144" STYLEREFS="TXT_1" VPOS="4337" WC="0.80" WIDTH="46"/>
              <SP HPOS="2732" ID="PAG_00000051_SP000118" VPOS="4336" WIDTH="32"/>
              <String CONTENT="gauche)" HEIGHT="44" HPOS="2764" ID="PAG_00000051_ST000145" STYLEREFS="TXT_1" VPOS="4336" WC="1" WIDTH="137"/>
              <SP HPOS="2901" ID="PAG_00000051_SP000119" VPOS="4338" WIDTH="43"/>
              <String CONTENT="L'ornement" HEIGHT="35" HPOS="2944" ID="PAG_00000051_ST000146" STYLEREFS="TXT_1" VPOS="4338" WC="0.99" WIDTH="207"/>
              <SP HPOS="3151" ID="PAG_00000051_SP000120" VPOS="4348" WIDTH="38"/>
              <String CONTENT="et" HEIGHT="25" HPOS="3189" ID="PAG_00000051_ST000147" STYLEREFS="TXT_1" VPOS="4348" WC="1" WIDTH="29"/>
              <SP HPOS="3218" ID="PAG_00000051_SP000121" VPOS="4341" WIDTH="30"/>
              <String CONTENT="la" HEIGHT="35" HPOS="3248" ID="PAG_00000051_ST000148" STYLEREFS="TXT_1" VPOS="4341" WC="1" WIDTH="33"/>
            </TextLine>
            <TextLine HEIGHT="43" HPOS="2683" ID="PAG_00000051_TL000028" STYLEREFS="TXT_1" VPOS="4382" WIDTH="599">
              <String CONTENT="coupe" HEIGHT="34" HPOS="2683" ID="PAG_00000051_ST000149" STYLEREFS="TXT_1" VPOS="4391" WC="1" WIDTH="102"/>
              <SP HPOS="2785" ID="PAG_00000051_SP000122" VPOS="4383" WIDTH="16"/>
              <String CONTENT="du" HEIGHT="33" HPOS="2801" ID="PAG_00000051_ST000150" STYLEREFS="TXT_1" VPOS="4383" WC="1" WIDTH="45"/>
              <SP HPOS="2846" ID="PAG_00000051_SP000123" VPOS="4382" WIDTH="17"/>
              <String CONTENT="col" HEIGHT="34" HPOS="2863" ID="PAG_00000051_ST000151" STYLEREFS="TXT_1" VPOS="4382" WC="1" WIDTH="49"/>
              <SP HPOS="2912" ID="PAG_00000051_SP000124" VPOS="4383" WIDTH="10"/>
              <String CONTENT="Jont" HEIGHT="42" HPOS="2922" ID="PAG_00000051_ST000152" STYLEREFS="TXT_1" VPOS="4383" WC="0.99" WIDTH="81"/>
              <SP HPOS="3003" ID="PAG_00000051_SP000125" VPOS="4384" WIDTH="21"/>
              <String CONTENT="de" HEIGHT="33" HPOS="3024" ID="PAG_00000051_ST000153" STYLEREFS="TXT_1" VPOS="4384" WC="1" WIDTH="37"/>
              <SP HPOS="3061" ID="PAG_00000051_SP000126" VPOS="4390" WIDTH="20"/>
              <String CONTENT="cette" HEIGHT="27" HPOS="3081" ID="PAG_00000051_ST000154" STYLEREFS="TXT_1" VPOS="4390" WC="1" WIDTH="74"/>
              <SP HPOS="3155" ID="PAG_00000051_SP000127" VPOS="4384" WIDTH="17"/>
              <String CONTENT="blouse" HEIGHT="35" HPOS="3172" ID="PAG_00000051_ST000155" STYLEREFS="TXT_1" VPOS="4384" WC="0.99" WIDTH="110"/>
            </TextLine>
            <TextLine HEIGHT="43" HPOS="2684" ID="PAG_00000051_TL000029" STYLEREFS="TXT_1" VPOS="4427" WIDTH="598">
              <String CONTENT="une" HEIGHT="21" HPOS="2684" ID="PAG_00000051_ST000156" STYLEREFS="TXT_1" VPOS="4439" WC="1" WIDTH="63"/>
              <SP HPOS="2747" ID="PAG_00000051_SP000128" VPOS="4427" WIDTH="17"/>
              <String CONTENT="des" HEIGHT="33" HPOS="2764" ID="PAG_00000051_ST000157" STYLEREFS="TXT_1" VPOS="4427" WC="0.99" WIDTH="56"/>
              <SP HPOS="2820" ID="PAG_00000051_SP000129" VPOS="4427" WIDTH="16"/>
              <String CONTENT="plus" HEIGHT="42" HPOS="2836" ID="PAG_00000051_ST000158" STYLEREFS="TXT_1" VPOS="4427" WC="1" WIDTH="77"/>
              <SP HPOS="2913" ID="PAG_00000051_SP000130" VPOS="4427" WIDTH="17"/>
              <String CONTENT="sobrement" HEIGHT="35" HPOS="2930" ID="PAG_00000051_ST000159" STYLEREFS="TXT_1" VPOS="4427" WC="1" WIDTH="180"/>
              <SP HPOS="3110" ID="PAG_00000051_SP000131" VPOS="4428" WIDTH="12"/>
              <String CONTENT="élégantes" HEIGHT="42" HPOS="3122" ID="PAG_00000051_ST000160" STYLEREFS="TXT_1" VPOS="4428" WC="1" WIDTH="160"/>
            </TextLine>
            <TextLine HEIGHT="43" HPOS="2683" ID="PAG_00000051_TL000030" STYLEREFS="TXT_1" VPOS="4471" WIDTH="597">
              <String CONTENT="qu'on" HEIGHT="42" HPOS="2683" ID="PAG_00000051_ST000161" STYLEREFS="TXT_1" VPOS="4471" WC="1" WIDTH="99"/>
              <SP HPOS="2782" ID="PAG_00000051_SP000132" VPOS="4471" WIDTH="31"/>
              <String CONTENT="puisse" HEIGHT="43" HPOS="2813" ID="PAG_00000051_ST000162" STYLEREFS="TXT_1" VPOS="4471" WC="1" WIDTH="116"/>
              <SP HPOS="2929" ID="PAG_00000051_SP000133" VPOS="4479" WIDTH="36"/>
              <String CONTENT="porter" HEIGHT="34" HPOS="2965" ID="PAG_00000051_ST000163" STYLEREFS="TXT_1" VPOS="4479" WC="1" WIDTH="106"/>
              <SP HPOS="3071" ID="PAG_00000051_SP000134" VPOS="4473" WIDTH="31"/>
              <String CONTENT="le" HEIGHT="33" HPOS="3102" ID="PAG_00000051_ST000164" STYLEREFS="TXT_1" VPOS="4473" WC="1" WIDTH="28"/>
              <SP HPOS="3130" ID="PAG_00000051_SP000135" VPOS="4474" WIDTH="32"/>
              <String CONTENT="matin." HEIGHT="33" HPOS="3162" ID="PAG_00000051_ST000165" STYLEREFS="TXT_1" VPOS="4474" WC="1" WIDTH="118"/>
            </TextLine>
          </TextBlock>
          <TextBlock HEIGHT="177" HPOS="2681" ID="PAG_00000051_TB000009" STYLEREFS="TXT_1" VPOS="4515" WIDTH="602" language="fr">
            <TextLine HEIGHT="44" HPOS="2684" ID="PAG_00000051_TL000031" STYLEREFS="TXT_1" VPOS="4515" WIDTH="598">
              <String CONTENT="Aussi" HEIGHT="34" HPOS="2684" ID="PAG_00000051_ST000166" STYLEREFS="TXT_1" VPOS="4515" WC="1" WIDTH="107"/>
              <SP HPOS="2791" ID="PAG_00000051_SP000136" VPOS="4528" WIDTH="15"/>
              <String CONTENT="en" HEIGHT="21" HPOS="2806" ID="PAG_00000051_ST000167" STYLEREFS="TXT_1" VPOS="4528" WC="1" WIDTH="40"/>
              <SP HPOS="2846" ID="PAG_00000051_SP000137" VPOS="4515" WIDTH="12"/>
              <String CONTENT="fait-on" HEIGHT="43" HPOS="2858" ID="PAG_00000051_ST000168" STYLEREFS="TXT_1" VPOS="4515" WC="1" WIDTH="129"/>
              <SP HPOS="2987" ID="PAG_00000051_SP000138" VPOS="4517" WIDTH="16"/>
              <String CONTENT="faire" HEIGHT="42" HPOS="3003" ID="PAG_00000051_ST000169" STYLEREFS="TXT_1" VPOS="4517" WC="1" WIDTH="104"/>
              <SP HPOS="3107" ID="PAG_00000051_SP000139" VPOS="4517" WIDTH="1"/>
              <String CONTENT="plusieurs" HEIGHT="42" HPOS="3107" ID="PAG_00000051_ST000170" STYLEREFS="TXT_1" VPOS="4517" WC="1" WIDTH="175"/>
            </TextLine>
            <TextLine HEIGHT="43" HPOS="2681" ID="PAG_00000051_TL000032" STYLEREFS="TXT_1" VPOS="4560" WIDTH="598">
              <String CONTENT="du" HEIGHT="34" HPOS="2681" ID="PAG_00000051_ST000171" STYLEREFS="TXT_1" VPOS="4560" WC="1" WIDTH="45"/>
              <SP HPOS="2726" ID="PAG_00000051_SP000140" VPOS="4561" WIDTH="28"/>
              <String CONTENT="même" HEIGHT="33" HPOS="2754" ID="PAG_00000051_ST000172" STYLEREFS="TXT_1" VPOS="4561" WC="1" WIDTH="102"/>
              <SP HPOS="2856" ID="PAG_00000051_SP000141" VPOS="4560" WIDTH="23"/>
              <String CONTENT="-modèle." HEIGHT="36" HPOS="2879" ID="PAG_00000051_ST000173" STYLEREFS="TXT_1" VPOS="4560" WC="0.95" WIDTH="154"/>
              <SP HPOS="3033" ID="PAG_00000051_SP000142" VPOS="4560" WIDTH="1"/>
              <String CONTENT="Elle" HEIGHT="36" HPOS="3033" ID="PAG_00000051_ST000174" STYLEREFS="TXT_1" VPOS="4560" WC="0.95" WIDTH="103"/>
              <SP HPOS="3136" ID="PAG_00000051_SP000143" VPOS="4569" WIDTH="31"/>
              <String CONTENT="est" HEIGHT="34" HPOS="3167" ID="PAG_00000051_ST000175" STYLEREFS="TXT_1" VPOS="4569" WC="1" WIDTH="47"/>
              <SP HPOS="3214" ID="PAG_00000051_SP000144" VPOS="4576" WIDTH="28"/>
              <String CONTENT="en" HEIGHT="20" HPOS="3242" ID="PAG_00000051_ST000176" STYLEREFS="TXT_1" VPOS="4576" WC="1" WIDTH="37"/>
            </TextLine>
            <TextLine HEIGHT="46" HPOS="2681" ID="PAG_00000051_TL000033" STYLEREFS="TXT_1" VPOS="4604" WIDTH="602">
              <String CONTENT="batiste" HEIGHT="34" HPOS="2681" ID="PAG_00000051_ST000177" STYLEREFS="TXT_1" VPOS="4604" WC="1" WIDTH="114"/>
              <SP HPOS="2795" ID="PAG_00000051_SP000145" VPOS="4604" WIDTH="25"/>
              <String CONTENT="blanche" HEIGHT="34" HPOS="2820" ID="PAG_00000051_ST000178" STYLEREFS="TXT_1" VPOS="4604" WC="1" WIDTH="136"/>
              <SP HPOS="2956" ID="PAG_00000051_SP000146" VPOS="4605" WIDTH="25"/>
              <String CONTENT="garnie" HEIGHT="41" HPOS="2981" ID="PAG_00000051_ST000179" STYLEREFS="TXT_1" VPOS="4605" WC="1" WIDTH="115"/>
              <SP HPOS="3096" ID="PAG_00000051_SP000147" VPOS="4606" WIDTH="20"/>
              <String CONTENT="de" HEIGHT="33" HPOS="3116" ID="PAG_00000051_ST000180" STYLEREFS="TXT_1" VPOS="4606" WC="1" WIDTH="37"/>
              <SP HPOS="3153" ID="PAG_00000051_SP000148" VPOS="4608" WIDTH="17"/>
              <String CONTENT="motifs" HEIGHT="42" HPOS="3170" ID="PAG_00000051_ST000181" STYLEREFS="TXT_1" VPOS="4608" WC="1" WIDTH="113"/>
            </TextLine>
            <TextLine HEIGHT="43" HPOS="2681" ID="PAG_00000051_TL000034" STYLEREFS="TXT_1" VPOS="4649" WIDTH="601">
              <String CONTENT="carrés" HEIGHT="33" HPOS="2681" ID="PAG_00000051_ST000182" STYLEREFS="TXT_1" VPOS="4649" WC="0.99" WIDTH="109"/>
              <SP HPOS="2790" ID="PAG_00000051_SP000149" VPOS="4649" WIDTH="25"/>
              <String CONTENT="de" HEIGHT="33" HPOS="2815" ID="PAG_00000051_ST000183" STYLEREFS="TXT_1" VPOS="4649" WC="1" WIDTH="38"/>
              <SP HPOS="2853" ID="PAG_00000051_SP000150" VPOS="4649" WIDTH="20"/>
              <String CONTENT="jours" HEIGHT="41" HPOS="2873" ID="PAG_00000051_ST000184" STYLEREFS="TXT_1" VPOS="4649" WC="1" WIDTH="98"/>
              <SP HPOS="2971" ID="PAG_00000051_SP000151" VPOS="4650" WIDTH="14"/>
              <String CONTENT="faits" HEIGHT="42" HPOS="2985" ID="PAG_00000051_ST000185" STYLEREFS="TXT_1" VPOS="4650" WC="1" WIDTH="86"/>
              <SP HPOS="3071" ID="PAG_00000051_SP000152" VPOS="4650" WIDTH="23"/>
              <String CONTENT="à" HEIGHT="33" HPOS="3094" ID="PAG_00000051_ST000186" STYLEREFS="TXT_1" VPOS="4650" WC="1" WIDTH="20"/>
              <SP HPOS="3114" ID="PAG_00000051_SP000153" VPOS="4650" WIDTH="17"/>
              <String CONTENT="la" HEIGHT="33" HPOS="3131" ID="PAG_00000051_ST000187" STYLEREFS="TXT_1" VPOS="4650" WC="1" WIDTH="35"/>
              <SP HPOS="3166" ID="PAG_00000051_SP000154" VPOS="4652" WIDTH="20"/>
              <String CONTENT="main" HEIGHT="33" HPOS="3186" ID="PAG_00000051_ST000188" STYLEREFS="TXT_1" VPOS="4652" WC="1" WIDTH="96"/>
            </TextLine>
          </TextBlock>
          <TextBlock HEIGHT="56" HPOS="2541" ID="PAG_00000051_TB000010" STYLEREFS="TXT_1" VPOS="232" WIDTH="733" language="fr">
            <TextLine HEIGHT="56" HPOS="2541" ID="PAG_00000051_TL000035" STYLEREFS="TXT_1" VPOS="232" WIDTH="733">
              <String CONTENT="OÙ" HEIGHT="52" HPOS="2541" ID="PAG_00000051_ST000189" STYLEREFS="TXT_1" VPOS="232" WC="1" WIDTH="77"/>
              <SP HPOS="2618" ID="PAG_00000051_SP000155" VPOS="252" WIDTH="62"/>
              <String CONTENT="L'ON" HEIGHT="36" HPOS="2680" ID="PAG_00000051_ST000190" STYLEREFS="TXT_1" VPOS="252" WC="1" WIDTH="150"/>
              <SP HPOS="2830" ID="PAG_00000051_SP000156" VPOS="252" WIDTH="1"/>
              <String CONTENT="VOIT" HEIGHT="36" HPOS="2830" ID="PAG_00000051_ST000191" STYLEREFS="TXT_1" VPOS="252" WC="1" WIDTH="180"/>
              <SP HPOS="3010" ID="PAG_00000051_SP000157" VPOS="253" WIDTH="56"/>
              <String CONTENT="DE" HEIGHT="34" HPOS="3066" ID="PAG_00000051_ST000192" STYLEREFS="TXT_1" VPOS="253" WC="1" WIDTH="75"/>
              <SP HPOS="3141" ID="PAG_00000051_SP000158" VPOS="253" WIDTH="65"/>
              <String CONTENT="LA" HEIGHT="35" HPOS="3206" ID="PAG_00000051_ST000193" STYLEREFS="TXT_1" VPOS="253" WC="1" WIDTH="68"/>
            </TextLine>
          </TextBlock>
          <TextBlock HEIGHT="12" HPOS="3257" ID="PAG_00000051_TB000011" STYLEREFS="TXT_1" VPOS="319" WIDTH="20" language="fr">
            <TextLine HEIGHT="12" HPOS="3257" ID="PAG_00000051_TL000036" STYLEREFS="TXT_1" VPOS="319" WIDTH="20">
              <String CONTENT="1." HEIGHT="12" HPOS="3257" ID="PAG_00000051_ST000194" STYLEREFS="TXT_1" VPOS="319" WC="1" WIDTH="20"/>
            </TextLine>
          </TextBlock>
          <TextBlock HEIGHT="10" HPOS="3203" ID="PAG_00000051_TB000012" STYLEREFS="TXT_1" VPOS="334" WIDTH="9" language="fr">
            <TextLine HEIGHT="10" HPOS="3203" ID="PAG_00000051_TL000037" STYLEREFS="TXT_1" VPOS="334" WIDTH="9">
              <String CONTENT="1" HEIGHT="10" HPOS="3203" ID="PAG_00000051_ST000195" STYLEREFS="TXT_1" VPOS="334" WC="1" WIDTH="9"/>
            </TextLine>
          </TextBlock>
          <TextBlock HEIGHT="38" HPOS="2536" ID="PAG_00000051_TB000013" STYLEREFS="TXT_1" VPOS="444" WIDTH="746" language="fr">
            <TextLine HEIGHT="38" HPOS="2536" ID="PAG_00000051_TL000038" STYLEREFS="TXT_1" VPOS="444" WIDTH="746">
              <String CONTENT="BATISTE" HEIGHT="37" HPOS="2536" ID="PAG_00000051_ST000196" STYLEREFS="TXT_1" VPOS="444" WC="1" WIDTH="212"/>
              <SP HPOS="2748" ID="PAG_00000051_SP000159" VPOS="448" WIDTH="35"/>
              <String CONTENT="DE" HEIGHT="34" HPOS="2783" ID="PAG_00000051_ST000197" STYLEREFS="TXT_1" VPOS="448" WC="1" WIDTH="67"/>
              <SP HPOS="2850" ID="PAG_00000051_SP000160" VPOS="447" WIDTH="39"/>
              <String CONTENT="COTON" HEIGHT="35" HPOS="2889" ID="PAG_00000051_ST000198" STYLEREFS="TXT_1" VPOS="447" WC="1" WIDTH="168"/>
              <SP HPOS="3057" ID="PAG_00000051_SP000161" VPOS="446" WIDTH="38"/>
              <String CONTENT="GARNIE" HEIGHT="35" HPOS="3095" ID="PAG_00000051_ST000199" STYLEREFS="TXT_1" VPOS="446" WC="1" WIDTH="187"/>
            </TextLine>
          </TextBlock>
          <TextBlock HEIGHT="41" HPOS="2534" ID="PAG_00000051_TB000014" STYLEREFS="TXT_1" VPOS="638" WIDTH="750" language="fr">
            <TextLine HEIGHT="41" HPOS="2534" ID="PAG_00000051_TL000039" STYLEREFS="TXT_1" VPOS="638" WIDTH="750">
              <String CONTENT="DE" HEIGHT="34" HPOS="2534" ID="PAG_00000051_ST000200" STYLEREFS="TXT_1" VPOS="638" WC="1" WIDTH="78"/>
              <SP HPOS="2612" ID="PAG_00000051_SP000162" VPOS="641" WIDTH="79"/>
              <String CONTENT="DENTELLES" HEIGHT="38" HPOS="2691" ID="PAG_00000051_ST000201" STYLEREFS="TXT_1" VPOS="641" WC="1" WIDTH="290"/>
              <SP HPOS="2981" ID="PAG_00000051_SP000163" VPOS="642" WIDTH="80"/>
              <String CONTENT="VRAIES" HEIGHT="35" HPOS="3061" ID="PAG_00000051_ST000202" STYLEREFS="TXT_1" VPOS="642" WC="1" WIDTH="223"/>
            </TextLine>
          </TextBlock>
          <TextBlock HEIGHT="264" HPOS="2532" ID="PAG_00000051_TB000015" STYLEREFS="TXT_1" VPOS="1159" WIDTH="777" language="fr">
            <TextLine HEIGHT="46" HPOS="2544" ID="PAG_00000051_TL000040" STYLEREFS="TXT_1" VPOS="1159" WIDTH="736">
              <String CONTENT="(Au" HEIGHT="40" HPOS="2544" ID="PAG_00000051_ST000203" STYLEREFS="TXT_1" VPOS="1159" WC="0.93" WIDTH="71"/>
              <SP HPOS="2615" ID="PAG_00000051_SP000164" VPOS="1159" WIDTH="17"/>
              <String CONTENT="milieu)" HEIGHT="41" HPOS="2632" ID="PAG_00000051_ST000204" STYLEREFS="TXT_1" VPOS="1159" WC="1" WIDTH="142"/>
              <SP HPOS="2774" ID="PAG_00000051_SP000165" VPOS="1159" WIDTH="1"/>
              <String CONTENT="Blouse" HEIGHT="41" HPOS="2774" ID="PAG_00000051_ST000205" STYLEREFS="TXT_1" VPOS="1159" WC="1" WIDTH="142"/>
              <SP HPOS="2916" ID="PAG_00000051_SP000166" VPOS="1162" WIDTH="26"/>
              <String CONTENT="à" HEIGHT="33" HPOS="2942" ID="PAG_00000051_ST000206" STYLEREFS="TXT_1" VPOS="1162" WC="1" WIDTH="19"/>
              <SP HPOS="2961" ID="PAG_00000051_SP000167" VPOS="1162" WIDTH="25"/>
              <String CONTENT="basques" HEIGHT="43" HPOS="2986" ID="PAG_00000051_ST000207" STYLEREFS="TXT_1" VPOS="1162" WC="1" WIDTH="137"/>
              <SP HPOS="3123" ID="PAG_00000051_SP000168" VPOS="1174" WIDTH="20"/>
              <String CONTENT="en" HEIGHT="21" HPOS="3143" ID="PAG_00000051_ST000208" STYLEREFS="TXT_1" VPOS="1174" WC="1" WIDTH="40"/>
              <SP HPOS="3183" ID="PAG_00000051_SP000169" VPOS="1161" WIDTH="19"/>
              <String CONTENT="voile" HEIGHT="33" HPOS="3202" ID="PAG_00000051_ST000209" STYLEREFS="TXT_1" VPOS="1161" WC="1" WIDTH="78"/>
            </TextLine>
            <TextLine HEIGHT="45" HPOS="2541" ID="PAG_00000051_TL000041" STYLEREFS="TXT_1" VPOS="1204" WIDTH="741">
              <String CONTENT="blanc," HEIGHT="41" HPOS="2541" ID="PAG_00000051_ST000210" STYLEREFS="TXT_1" VPOS="1204" WC="1" WIDTH="117"/>
              <SP HPOS="2658" ID="PAG_00000051_SP000170" VPOS="1204" WIDTH="18"/>
              <String CONTENT="d'un" HEIGHT="34" HPOS="2676" ID="PAG_00000051_ST000211" STYLEREFS="TXT_1" VPOS="1204" WC="1" WIDTH="86"/>
              <SP HPOS="2762" ID="PAG_00000051_SP000171" VPOS="1204" WIDTH="1"/>
              <String CONTENT="dessin" HEIGHT="34" HPOS="2762" ID="PAG_00000051_ST000212" STYLEREFS="TXT_1" VPOS="1204" WC="1" WIDTH="140"/>
              <SP HPOS="2902" ID="PAG_00000051_SP000172" VPOS="1206" WIDTH="29"/>
              <String CONTENT="original," HEIGHT="42" HPOS="2931" ID="PAG_00000051_ST000213" STYLEREFS="TXT_1" VPOS="1206" WC="1" WIDTH="155"/>
              <SP HPOS="3086" ID="PAG_00000051_SP000173" VPOS="1206" WIDTH="14"/>
              <String CONTENT="faite" HEIGHT="43" HPOS="3100" ID="PAG_00000051_ST000214" STYLEREFS="TXT_1" VPOS="1206" WC="1" WIDTH="85"/>
              <SP HPOS="3185" ID="PAG_00000051_SP000174" VPOS="1205" WIDTH="25"/>
              <String CONTENT="spé-" HEIGHT="43" HPOS="3210" ID="PAG_00000051_ST000215" STYLEREFS="TXT_1" SUBS_CONTENT="spécialement" SUBS_TYPE="HypPart1" VPOS="1205" WC="1" WIDTH="72"/>
              <HYP CONTENT="-" HPOS="3282" VPOS="1248" WIDTH="30"/>
            </TextLine>
            <TextLine HEIGHT="45" HPOS="2542" ID="PAG_00000051_TL000042" STYLEREFS="TXT_1" VPOS="1248" WIDTH="740">
              <String CONTENT="cialement" HEIGHT="34" HPOS="2542" ID="PAG_00000051_ST000216" STYLEREFS="TXT_1" SUBS_CONTENT="spécialement" SUBS_TYPE="HypPart2" VPOS="1248" WC="0.94" WIDTH="170"/>
              <SP HPOS="2712" ID="PAG_00000051_SP000175" VPOS="1257" WIDTH="20"/>
              <String CONTENT="pour" HEIGHT="34" HPOS="2732" ID="PAG_00000051_ST000217" STYLEREFS="TXT_1" VPOS="1257" WC="1" WIDTH="86"/>
              <SP HPOS="2818" ID="PAG_00000051_SP000176" VPOS="1259" WIDTH="18"/>
              <String CONTENT="accompagner" HEIGHT="34" HPOS="2836" ID="PAG_00000051_ST000218" STYLEREFS="TXT_1" VPOS="1259" WC="1" WIDTH="240"/>
              <SP HPOS="3076" ID="PAG_00000051_SP000177" VPOS="1251" WIDTH="16"/>
              <String CONTENT="le" HEIGHT="33" HPOS="3092" ID="PAG_00000051_ST000219" STYLEREFS="TXT_1" VPOS="1251" WC="1" WIDTH="29"/>
              <SP HPOS="3121" ID="PAG_00000051_SP000178" VPOS="1257" WIDTH="22"/>
              <String CONTENT="costume" HEIGHT="27" HPOS="3143" ID="PAG_00000051_ST000220" STYLEREFS="TXT_1" VPOS="1257" WC="1" WIDTH="139"/>
            </TextLine>
            <TextLine HEIGHT="43" HPOS="2542" ID="PAG_00000051_TL000043" STYLEREFS="TXT_1" VPOS="1292" WIDTH="767">
              <String CONTENT="tailleur." HEIGHT="36" HPOS="2542" ID="PAG_00000051_ST000221" STYLEREFS="TXT_1" VPOS="1292" WC="0.96" WIDTH="176"/>
              <SP HPOS="2718" ID="PAG_00000051_SP000179" VPOS="1292" WIDTH="1"/>
              <String CONTENT="S'âttachant" HEIGHT="36" HPOS="2718" ID="PAG_00000051_ST000222" STYLEREFS="TXT_1" VPOS="1292" WC="0.96" WIDTH="229"/>
              <SP HPOS="2947" ID="PAG_00000051_SP000180" VPOS="1296" WIDTH="28"/>
              <String CONTENT="dans" HEIGHT="33" HPOS="2975" ID="PAG_00000051_ST000223" STYLEREFS="TXT_1" VPOS="1296" WC="1" WIDTH="86"/>
              <SP HPOS="3061" ID="PAG_00000051_SP000181" VPOS="1295" WIDTH="25"/>
              <String CONTENT="le" HEIGHT="33" HPOS="3086" ID="PAG_00000051_ST000224" STYLEREFS="TXT_1" VPOS="1295" WC="1" WIDTH="29"/>
              <SP HPOS="3115" ID="PAG_00000051_SP000182" VPOS="1295" WIDTH="26"/>
              <String CONTENT="dos," HEIGHT="40" HPOS="3141" ID="PAG_00000051_ST000225" STYLEREFS="TXT_1" VPOS="1295" WC="1" WIDTH="68"/>
              <SP HPOS="3209" ID="PAG_00000051_SP000183" VPOS="1294" WIDTH="17"/>
              <String CONTENT="elle" HEIGHT="34" HPOS="3226" ID="PAG_00000051_ST000226" STYLEREFS="TXT_1" VPOS="1294" WC="0.97" WIDTH="57"/>
            </TextLine>
            <TextLine HEIGHT="44" HPOS="2542" ID="PAG_00000051_TL000044" STYLEREFS="TXT_1" VPOS="1337" WIDTH="741">
              <String CONTENT="est." HEIGHT="27" HPOS="2542" ID="PAG_00000051_ST000227" STYLEREFS="TXT_1" VPOS="1344" WC="0.86" WIDTH="46"/>
              <SP HPOS="2588" ID="PAG_00000051_SP000184" VPOS="1337" WIDTH="39"/>
              <String CONTENT="garnie" HEIGHT="44" HPOS="2627" ID="PAG_00000051_ST000228" STYLEREFS="TXT_1" VPOS="1337" WC="0.99" WIDTH="129"/>
              <SP HPOS="2756" ID="PAG_00000051_SP000185" VPOS="1337" WIDTH="1"/>
              <String CONTENT="d'authentique" HEIGHT="44" HPOS="2756" ID="PAG_00000051_ST000229" STYLEREFS="TXT_1" VPOS="1337" WC="0.99" WIDTH="278"/>
              <SP HPOS="3034" ID="PAG_00000051_SP000186" VPOS="1339" WIDTH="40"/>
              <String CONTENT="dentelle" HEIGHT="33" HPOS="3074" ID="PAG_00000051_ST000230" STYLEREFS="TXT_1" VPOS="1339" WC="1" WIDTH="134"/>
              <SP HPOS="3208" ID="PAG_00000051_SP000187" VPOS="1338" WIDTH="39"/>
              <String CONTENT="de" HEIGHT="33" HPOS="3247" ID="PAG_00000051_ST000231" STYLEREFS="TXT_1" VPOS="1338" WC="1" WIDTH="36"/>
            </TextLine>
            <TextLine HEIGHT="41" HPOS="2532" ID="PAG_00000051_TL000045" STYLEREFS="TXT_1" VPOS="1382" WIDTH="751">
              <String CONTENT="filet." HEIGHT="41" HPOS="2532" ID="PAG_00000051_ST000232" STYLEREFS="TXT_1" VPOS="1382" WC="1" WIDTH="83"/>
              <SP HPOS="2615" ID="PAG_00000051_SP000188" VPOS="1382" WIDTH="49"/>
              <String CONTENT="Longue" HEIGHT="41" HPOS="2664" ID="PAG_00000051_ST000233" STYLEREFS="TXT_1" VPOS="1382" WC="0.96" WIDTH="136"/>
              <SP HPOS="2800" ID="PAG_00000051_SP000189" VPOS="1382" WIDTH="19"/>
              <String CONTENT="ceinture" HEIGHT="34" HPOS="2819" ID="PAG_00000051_ST000234" STYLEREFS="TXT_1" VPOS="1382" WC="0.95" WIDTH="150"/>
              <SP HPOS="2969" ID="PAG_00000051_SP000190" VPOS="1383" WIDTH="17"/>
              <String CONTENT="nouée" HEIGHT="34" HPOS="2986" ID="PAG_00000051_ST000235" STYLEREFS="TXT_1" VPOS="1383" WC="1" WIDTH="104"/>
              <SP HPOS="3090" ID="PAG_00000051_SP000191" VPOS="1384" WIDTH="17"/>
              <String CONTENT="à" HEIGHT="33" HPOS="3107" ID="PAG_00000051_ST000236" STYLEREFS="TXT_1" VPOS="1384" WC="1" WIDTH="21"/>
              <SP HPOS="3128" ID="PAG_00000051_SP000192" VPOS="1383" WIDTH="16"/>
              <String CONTENT="la" HEIGHT="34" HPOS="3144" ID="PAG_00000051_ST000237" STYLEREFS="TXT_1" VPOS="1383" WC="1" WIDTH="34"/>
              <SP HPOS="3178" ID="PAG_00000051_SP000193" VPOS="1383" WIDTH="16"/>
              <String CONTENT="taille" HEIGHT="33" HPOS="3194" ID="PAG_00000051_ST000238" STYLEREFS="TXT_1" VPOS="1383" WC="1" WIDTH="89"/>
            </TextLine>
          </TextBlock>
          <Illustration HEIGHT="1657" HPOS="2191" ID="PAG_00000051_IL000005" VPOS="1626" WIDTH="1138"/>
          <TextBlock HEIGHT="355" HPOS="2673" ID="PAG_00000051_TB000016" STYLEREFS="TXT_1" VPOS="3372" WIDTH="610" language="fr">
            <TextLine HEIGHT="44" HPOS="2686" ID="PAG_00000051_TL000046" STYLEREFS="TXT_1" VPOS="3372" WIDTH="597">
              <String CONTENT="(En" HEIGHT="39" HPOS="2686" ID="PAG_00000051_ST000239" STYLEREFS="TXT_1" VPOS="3374" WC="1" WIDTH="69"/>
              <SP HPOS="2755" ID="PAG_00000051_SP000194" VPOS="3372" WIDTH="17"/>
              <String CONTENT="haut)" HEIGHT="42" HPOS="2772" ID="PAG_00000051_ST000240" STYLEREFS="TXT_1" VPOS="3372" WC="1" WIDTH="94"/>
              <SP HPOS="2866" ID="PAG_00000051_SP000195" VPOS="3372" WIDTH="38"/>
              <String CONTENT="Ce" HEIGHT="34" HPOS="2904" ID="PAG_00000051_ST000241" STYLEREFS="TXT_1" VPOS="3372" WC="1" WIDTH="43"/>
              <SP HPOS="2947" ID="PAG_00000051_SP000196" VPOS="3373" WIDTH="24"/>
              <String CONTENT="modèle" HEIGHT="35" HPOS="2971" ID="PAG_00000051_ST000242" STYLEREFS="TXT_1" VPOS="3373" WC="0.99" WIDTH="122"/>
              <SP HPOS="3093" ID="PAG_00000051_SP000197" VPOS="3373" WIDTH="27"/>
              <String CONTENT="était" HEIGHT="33" HPOS="3120" ID="PAG_00000051_ST000243" STYLEREFS="TXT_1" VPOS="3373" WC="1" WIDTH="76"/>
              <SP HPOS="3196" ID="PAG_00000051_SP000198" VPOS="3380" WIDTH="17"/>
              <String CONTENT="trop" HEIGHT="36" HPOS="3213" ID="PAG_00000051_ST000244" STYLEREFS="TXT_1" VPOS="3380" WC="1" WIDTH="70"/>
            </TextLine>
            <TextLine HEIGHT="43" HPOS="2679" ID="PAG_00000051_TL000047" STYLEREFS="TXT_1" VPOS="3417" WIDTH="604">
              <String CONTENT="joli" HEIGHT="40" HPOS="2679" ID="PAG_00000051_ST000245" STYLEREFS="TXT_1" VPOS="3418" WC="0.98" WIDTH="65"/>
              <SP HPOS="2744" ID="PAG_00000051_SP000199" VPOS="3427" WIDTH="13"/>
              <String CONTENT="pour" HEIGHT="33" HPOS="2757" ID="PAG_00000051_ST000246" STYLEREFS="TXT_1" VPOS="3427" WC="1" WIDTH="85"/>
              <SP HPOS="2842" ID="PAG_00000051_SP000200" VPOS="3424" WIDTH="15"/>
              <String CONTENT="rester" HEIGHT="26" HPOS="2857" ID="PAG_00000051_ST000247" STYLEREFS="TXT_1" VPOS="3424" WC="0.98" WIDTH="97"/>
              <SP HPOS="2954" ID="PAG_00000051_SP000201" VPOS="3417" WIDTH="18"/>
              <String CONTENT="éternellementune" HEIGHT="36" HPOS="2972" ID="PAG_00000051_ST000248" STYLEREFS="TXT_1" VPOS="3417" WC="0.91" WIDTH="311"/>
            </TextLine>
            <TextLine HEIGHT="46" HPOS="2673" ID="PAG_00000051_TL000048" STYLEREFS="TXT_1" VPOS="3458" WIDTH="609">
              <String CONTENT="'guimpe'" HEIGHT="46" HPOS="2673" ID="PAG_00000051_ST000249" STYLEREFS="TXT_1" VPOS="3458" WC="0.92" WIDTH="150"/>
              <SP HPOS="2823" ID="PAG_00000051_SP000202" VPOS="3458" WIDTH="1"/>
              <String CONTENT="d'enfant." HEIGHT="46" HPOS="2823" ID="PAG_00000051_ST000250" STYLEREFS="TXT_1" VPOS="3458" WC="0.92" WIDTH="185"/>
              <SP HPOS="3008" ID="PAG_00000051_SP000203" VPOS="3462" WIDTH="52"/>
              <String CONTENT="Cette" HEIGHT="33" HPOS="3060" ID="PAG_00000051_ST000251" STYLEREFS="TXT_1" VPOS="3462" WC="1" WIDTH="86"/>
              <SP HPOS="3146" ID="PAG_00000051_SP000204" VPOS="3462" WIDTH="29"/>
              <String CONTENT="blouse" HEIGHT="34" HPOS="3175" ID="PAG_00000051_ST000252" STYLEREFS="TXT_1" VPOS="3462" WC="0.99" WIDTH="107"/>
            </TextLine>
            <TextLine HEIGHT="42" HPOS="2673" ID="PAG_00000051_TL000049" STYLEREFS="TXT_1" VPOS="3462" WIDTH="609">
              <String CONTENT="'gM" HEIGHT="30" HPOS="2673" ID="PAG_00000051_ST000253" STYLEREFS="TXT_1" TYPE="illegible" VPOS="3474" WC="0.00" WIDTH="52"/>
              <SP HPOS="2725" ID="PAG_00000051_SP000205" VPOS="3463" WIDTH="4"/>
              <String CONTENT="&#65533;" HEIGHT="33" HPOS="2729" ID="PAG_00000051_ST000254" STYLEREFS="TXT_1" VPOS="3463" WC="1" WIDTH="45"/>
              <SP HPOS="2774" ID="PAG_00000051_SP000206" VPOS="3471" WIDTH="4"/>
              <String CONTENT="&#65533;" HEIGHT="33" HPOS="2778" ID="PAG_00000051_ST000255" STYLEREFS="TXT_1" VPOS="3471" WC="1" WIDTH="39"/>
              <SP HPOS="2817" ID="PAG_00000051_SP000207" VPOS="3462" WIDTH="32"/>
              <String CONTENT="&#65533;" HEIGHT="33" HPOS="2849" ID="PAG_00000051_ST000256" STYLEREFS="TXT_1" VPOS="3462" WC="1" WIDTH="21"/>
              <SP HPOS="2870" ID="PAG_00000051_SP000208" VPOS="3462" WIDTH="8"/>
              <String CONTENT="&lt;!K&lt;." HEIGHT="25" HPOS="2941" ID="PAG_00000051_ST000257" STYLEREFS="TXT_1" TYPE="illegible" VPOS="3470" WC="0.00" WIDTH="67"/>
              <SP HPOS="3008" ID="PAG_00000051_SP000209" VPOS="3462" WIDTH="52"/>
              <String CONTENT="C~OM.~" HEIGHT="33" HPOS="3060" ID="PAG_00000051_ST000258" STYLEREFS="TXT_1" TYPE="illegible" VPOS="3462" WC="0.00" WIDTH="222"/>
            </TextLine>
            <TextLine HEIGHT="42" HPOS="2683" ID="PAG_00000051_TL000050" STYLEREFS="TXT_1" VPOS="3507" WIDTH="598">
              <String CONTENT="de" HEIGHT="32" HPOS="2683" ID="PAG_00000051_ST000259" STYLEREFS="TXT_1" VPOS="3507" WC="1" WIDTH="37"/>
              <SP HPOS="2720" ID="PAG_00000051_SP000210" VPOS="3507" WIDTH="32"/>
              <String CONTENT="basin" HEIGHT="33" HPOS="2752" ID="PAG_00000051_ST000260" STYLEREFS="TXT_1" VPOS="3507" WC="0.99" WIDTH="96"/>
              <SP HPOS="2848" ID="PAG_00000051_SP000211" VPOS="3507" WIDTH="34"/>
              <String CONTENT="blanc-" HEIGHT="32" HPOS="2882" ID="PAG_00000051_ST000261" STYLEREFS="TXT_1" VPOS="3507" WC="0.95" WIDTH="105"/>
              <SP HPOS="2987" ID="PAG_00000051_SP000212" VPOS="3514" WIDTH="18"/>
              <String CONTENT="est" HEIGHT="26" HPOS="3005" ID="PAG_00000051_ST000262" STYLEREFS="TXT_1" VPOS="3514" WC="1" WIDTH="46"/>
              <SP HPOS="3051" ID="PAG_00000051_SP000213" VPOS="3507" WIDTH="31"/>
              <String CONTENT="le" HEIGHT="32" HPOS="3082" ID="PAG_00000051_ST000263" STYLEREFS="TXT_1" VPOS="3507" WC="1" WIDTH="29"/>
              <SP HPOS="3111" ID="PAG_00000051_SP000214" VPOS="3507" WIDTH="34"/>
              <String CONTENT="complè-" HEIGHT="42" HPOS="3145" ID="PAG_00000051_ST000264" STYLEREFS="TXT_1" SUBS_CONTENT="complèment." SUBS_TYPE="HypPart1" VPOS="3507" WC="0.98" WIDTH="136"/>
              <HYP CONTENT="-" HPOS="3281" VPOS="3549" WIDTH="30"/>
            </TextLine>
            <TextLine HEIGHT="43" HPOS="2683" ID="PAG_00000051_TL000051" STYLEREFS="TXT_1" VPOS="3551" WIDTH="599">
              <String CONTENT="ment." HEIGHT="25" HPOS="2683" ID="PAG_00000051_ST000265" STYLEREFS="TXT_1" SUBS_CONTENT="complèment." SUBS_TYPE="HypPart2" VPOS="3559" WC="0.91" WIDTH="87"/>
              <SP HPOS="2770" ID="PAG_00000051_SP000215" VPOS="3551" WIDTH="12"/>
              <String CONTENT="indispensable" HEIGHT="43" HPOS="2782" ID="PAG_00000051_ST000266" STYLEREFS="TXT_1" VPOS="3551" WC="0.99" WIDTH="248"/>
              <SP HPOS="3030" ID="PAG_00000051_SP000216" VPOS="3551" WIDTH="14"/>
              <String CONTENT="d'un" HEIGHT="33" HPOS="3044" ID="PAG_00000051_ST000267" STYLEREFS="TXT_1" VPOS="3551" WC="0.99" WIDTH="84"/>
              <SP HPOS="3128" ID="PAG_00000051_SP000217" VPOS="3558" WIDTH="12"/>
              <String CONTENT="costuem" HEIGHT="26" HPOS="3140" ID="PAG_00000051_ST000268" STYLEREFS="TXT_1" VPOS="3558" WC="1" WIDTH="142"/>
            </TextLine>
            <TextLine HEIGHT="42" HPOS="2682" ID="PAG_00000051_TL000052" STYLEREFS="TXT_1" VPOS="3595" WIDTH="601">
              <String CONTENT="tailleur." HEIGHT="33" HPOS="2682" ID="PAG_00000051_ST000269" STYLEREFS="TXT_1" VPOS="3596" WC="1" WIDTH="142"/>
              <SP HPOS="2824" ID="PAG_00000051_SP000218" VPOS="3595" WIDTH="62"/>
              <String CONTENT="Et" HEIGHT="33" HPOS="2886" ID="PAG_00000051_ST000270" STYLEREFS="TXT_1" VPOS="3595" WC="1" WIDTH="42"/>
              <SP HPOS="2928" ID="PAG_00000051_SP000219" VPOS="3608" WIDTH="29"/>
              <String CONTENT="on" HEIGHT="20" HPOS="2957" ID="PAG_00000051_ST000271" STYLEREFS="TXT_1" VPOS="3608" WC="1" WIDTH="46"/>
              <SP HPOS="3003" ID="PAG_00000051_SP000220" VPOS="3603" WIDTH="25"/>
              <String CONTENT="peut" HEIGHT="34" HPOS="3028" ID="PAG_00000051_ST000272" STYLEREFS="TXT_1" VPOS="3603" WC="1" WIDTH="76"/>
              <SP HPOS="3104" ID="PAG_00000051_SP000221" VPOS="3595" WIDTH="29"/>
              <String CONTENT="la" HEIGHT="33" HPOS="3133" ID="PAG_00000051_ST000273" STYLEREFS="TXT_1" VPOS="3595" WC="1" WIDTH="32"/>
              <SP HPOS="3165" ID="PAG_00000051_SP000222" VPOS="3596" WIDTH="26"/>
              <String CONTENT="faire" HEIGHT="40" HPOS="3191" ID="PAG_00000051_ST000274" STYLEREFS="TXT_1" VPOS="3596" WC="1" WIDTH="92"/>
            </TextLine>
            <TextLine HEIGHT="43" HPOS="2683" ID="PAG_00000051_TL000053" STYLEREFS="TXT_1" VPOS="3639" WIDTH="600">
              <String CONTENT="tirer" HEIGHT="33" HPOS="2683" ID="PAG_00000051_ST000275" STYLEREFS="TXT_1" VPOS="3640" WC="0.89" WIDTH="72"/>
              <SP HPOS="2755" ID="PAG_00000051_SP000223" VPOS="3640" WIDTH="1"/>
              <String CONTENT="à" HEIGHT="33" HPOS="2755" ID="PAG_00000051_ST000276" STYLEREFS="TXT_1" VPOS="3640" WC="0.89" WIDTH="36"/>
              <SP HPOS="2791" ID="PAG_00000051_SP000224" VPOS="3640" WIDTH="12"/>
              <String CONTENT="plusieurs" HEIGHT="42" HPOS="2803" ID="PAG_00000051_ST000277" STYLEREFS="TXT_1" VPOS="3640" WC="0.88" WIDTH="169"/>
              <SP HPOS="2972" ID="PAG_00000051_SP000225" VPOS="3639" WIDTH="16"/>
              <String CONTENT="exemplaires," HEIGHT="43" HPOS="2988" ID="PAG_00000051_ST000278" STYLEREFS="TXT_1" VPOS="3639" WC="0.99" WIDTH="224"/>
              <SP HPOS="3212" ID="PAG_00000051_SP000226" VPOS="3653" WIDTH="16"/>
              <String CONTENT="car" HEIGHT="20" HPOS="3228" ID="PAG_00000051_ST000279" STYLEREFS="TXT_1" VPOS="3653" WC="1" WIDTH="55"/>
            </TextLine>
            <TextLine HEIGHT="50" HPOS="2682" ID="PAG_00000051_TL000054" STYLEREFS="TXT_1" VPOS="3677" WIDTH="600">
              <String CONTENT="elle" HEIGHT="41" HPOS="2682" ID="PAG_00000051_ST000280" STYLEREFS="TXT_1" VPOS="3677" WC="0.91" WIDTH="57"/>
              <SP HPOS="2739" ID="PAG_00000051_SP000227" VPOS="3693" WIDTH="17"/>
              <String CONTENT="est" HEIGHT="26" HPOS="2756" ID="PAG_00000051_ST000281" STYLEREFS="TXT_1" VPOS="3693" WC="1" WIDTH="46"/>
              <SP HPOS="2802" ID="PAG_00000051_SP000228" VPOS="3685" WIDTH="16"/>
              <String CONTENT="plus" HEIGHT="42" HPOS="2818" ID="PAG_00000051_ST000282" STYLEREFS="TXT_1" VPOS="3685" WC="1" WIDTH="78"/>
              <SP HPOS="2896" ID="PAG_00000051_SP000229" VPOS="3692" WIDTH="18"/>
              <String CONTENT="seyante" HEIGHT="34" HPOS="2914" ID="PAG_00000051_ST000283" STYLEREFS="TXT_1" VPOS="3692" WC="1" WIDTH="131"/>
              <SP HPOS="3045" ID="PAG_00000051_SP000230" VPOS="3687" WIDTH="15"/>
              <String CONTENT="que" HEIGHT="39" HPOS="3060" ID="PAG_00000051_ST000284" STYLEREFS="TXT_1" VPOS="3687" WC="1" WIDTH="59"/>
              <SP HPOS="3119" ID="PAG_00000051_SP000231" VPOS="3685" WIDTH="14"/>
              <String CONTENT="coûteuse" HEIGHT="33" HPOS="3133" ID="PAG_00000051_ST000285" STYLEREFS="TXT_1" VPOS="3685" WC="0.90" WIDTH="149"/>
            </TextLine>
          </TextBlock>
        </ComposedBlock>
      </PrintSpace>
    </Page>
  </Layout>
</alto>
