3609 5067
452 208 43 35 24
3220 180 235 42 VOGUE

457 329 83 33 Rien
591 330 85 33 n'est
725 329 77 43 plus
852 329 205 42 romantique

456 374 103 41 qu'un
577 381 91 34 gant,
684 370 81 46 sauf
777 381 106 35 quant
900 373 26 33 il
941 381 64 25 sort
1020 373 38 33 de

456 418 72 33 chez
546 418 30 32 le
595 418 173 33 teinturier
787 425 30 25 et
836 418 86 42 qu'il
939 425 69 25 sent
1026 418 32 33 la

455 462 148 33 benzine.
647 462 54 33 On
720 474 20 29 y
759 462 145 33 remédie
924 474 71 20 avec
1013 474 46 21 un

455 518 153 21 morceau
621 506 39 33 de
674 506 71 33 bois
759 506 38 33 de
813 506 113 33 santal
939 506 123 33 attaché

456 558 28 25 et
512 550 179 33 dissimulé
729 550 85 33 dans
842 551 30 32 le
900 550 161 33 manchon

454 1242 757 74 NOUVEAUX
1338 1221 473 97 SUCCES
1930 1242 168 72 DU
2220 1236 553 78 CHARME
2898 1212 563 98 FÉMININ

1249 1425 71 47 Le
1360 1424 209 61 parfum
1610 1425 179 47 discret
1827 1422 83 62 qui
1951 1421 181 60 ajoute
2171 1432 124 36 tant
2335 1438 67 30 au
2451 1419 207 48 charme

1247 1572 195 48 délicat
1494 1573 63 47 de
1609 1572 43 48 la
1704 1571 196 58 femme,
1954 1570 144 47 vient
2153 1568 162 48 d'une
2371 1565 287 51 multitude

1245 1723 64 47 de
1367 1723 205 48 sachets
1623 1721 177 63 qu'elle
1848 1719 265 48 dissimule
2163 1737 69 30 un
2289 1737 102 42 peu
2440 1728 216 52 partout

912 1917 55 32 Un
997 1918 119 41 parfum
1116 1918 136 41 flotte
1280 1917 87 33 dans
1394 1917 47 33 les
1468 1917 148 39 cheveux,

908 1961 94 41 après
1002 1961 63 41 le
1095 1961 120 41 bain,
1215 1961 60 41 si
1275 1961 60 41 on
1335 1961 40 41 a
1375 1961 160 41 attaché
1535 1961 82 41 ses

908 2005 129 33 boucles
1065 2014 62 33 par
1156 2006 57 33 des
1242 2006 151 42 épingles
1423 2013 194 25 recouvertes

907 2049 57 43 de
964 2049 153 43 sachets
1117 2049 57 43 en
1174 2049 153 43 organdi
1327 2049 57 43 et
1384 2049 57 43 en
1441 2049 176 43 dentelle

2356 1912 53 33 On
2436 1919 91 35 peut,
2551 1911 84 33 dans
2657 1910 29 33 le
2709 1910 103 34 même
2833 1909 139 42 instant,
2988 1919 78 33 par-

2351 1954 116 44 fumer
2467 1954 77 44 ses
2544 1954 155 44 cheveux
2699 1954 58 44 et
2757 1954 98 44 les
2882 1963 126 33 parer,
3008 1963 54 33 en

2356 2001 204 34 s'attachant
2577 2007 118 26 autour
2708 1999 38 33 de
2759 1999 33 32 la
2806 1999 58 32 tête
2882 2011 64 21 une
2959 2000 106 33 bande

2357 2045 117 33 bordée
2492 2046 39 32 de
2551 2044 134 33 dentelle
2707 2051 27 25 et
2753 2043 108 41 garnie
2861 2043 62 41 de
2939 2044 127 33 sachets

440 2202 88 98 L
534 2202 10 33 �

501 2202 51 33 ES
582 2203 136 40 parfums
718 2203 51 40 !
823 2207 111 37 Qu'ils
963 2216 75 25 sont

554 2247 169 34 délicieux
745 2258 35 24 et
803 2263 68 29 que
894 2252 73 32 leur
990 2253 50 31 in-

554 2291 134 34 fluence
728 2302 54 24 est
821 2296 141 46 exquise
1003 2305 34 24 et

428 2338 128 30 subtile
585 2347 59 21 sur
674 2338 30 32 le
734 2339 176 33 caractère
940 2349 35 24 et
1006 2340 30 33 la

427 2379 156 34 destinée
597 2380 43 33 de
653 2381 133 34 chacune
786 2381 50 34 !
863 2383 173 42 D'abord,

426 2435 44 20 on
493 2435 18 20 a
534 2424 173 34 tendance
729 2426 17 32 à
768 2425 47 34 les
837 2428 91 32 tenir
948 2441 89 29 pour

426 2467 120 33 choses
574 2480 96 22 assez
697 2469 150 47 vaiges,
847 2469 189 47 agréables

428 2511 84 32 mais
564 2502 324 67 superfluf,.s.
888 2502 115 67 al'"
1003 2502 71 67 le

426 2555 253 42 psychologues
711 2557 199 42 répondent
944 2560 18 33 à
999 2573 38 21 ce

424 2598 127 33 dédain
576 2612 42 21 en
643 2601 179 34 affirmant
845 2604 103 41 qu'ils
971 2614 66 24 ont

424 2643 60 32 des
512 2643 100 33 effets
642 2645 79 33 bien
750 2654 200 27 nettement
977 2649 60 32 dé-

426 2687 87 40 finis,
531 2688 102 41 qu'ils
651 2697 190 26 entourent
858 2692 30 33 la
906 2692 130 34 femme

424 2730 106 34 d'une
562 2733 225 41 atmosphère
819 2735 42 33 de
893 2736 143 34 charme

424 2783 36 24 et
485 2774 43 34 de
553 2775 215 43 délicatesse,
796 2787 35 24 et
857 2781 103 41 qu'ils
988 2782 46 32 lui

425 2818 78 33 font
533 2831 66 22 une
630 2823 238 39 personnalité
900 2824 136 43 impon-

423 2863 142 33 dérable
588 2865 87 32 mais
700 2865 147 35 durable
871 2877 36 24 et
931 2870 105 40 péné-

425 2915 128 25 trante.
590 2908 46 33 Le
650 2903 121 47 regard
786 2910 106 35 d'une
905 2912 130 35 femme

423 2951 154 41 exprime
609 2965 46 20 un
690 2953 268 37 redoublement
991 2958 44 32 de

424 2995 118 41 plaisir
566 2996 196 42 lorsqu'elle
786 2998 69 34 sait
879 3012 69 29 que
973 3002 60 33 des

424 3039 173 34 fourrures
653 3041 60 41 qui
769 3041 261 45 l'enveloppent

423 3083 151 34 s'exhale
608 3097 46 20 un
691 3085 138 41 parfum
867 3087 167 35 discrète-

425 3136 96 24 ment
534 3128 193 34 troublant.
764 3129 48 34 Et
824 3130 46 34 les
885 3132 146 34 femmes

423 3171 46 32 les
502 3171 75 42 plus
608 3181 165 25 savantes
803 3186 42 21 en
876 3175 82 34 l'art
988 3177 44 34 de

422 3215 109 40 plaire
556 3228 41 21 ne
622 3217 143 41 glissent
786 3218 128 41 jamais
939 3221 92 32 leurs

422 3258 116 42 doigts
583 3260 86 33 dans
715 3261 60 33 des
812 3272 103 31 gants
960 3277 69 20 non

423 3303 187 41 parfumés,
680 3314 140 24 surtout
891 3307 139 43 lorsque

422 3347 202 34 l'économie
640 3348 46 33 les
701 3349 157 41 obligent
874 3351 18 33 à
910 3361 120 32 porter

422 3391 59 33 des
506 3400 101 32 gants
631 3392 106 33 lavés.
786 3394 91 33 Elles
902 3406 126 24 savent

422 3448 68 29 que
518 3435 29 33 le
576 3448 120 21 roman
725 3438 108 40 prend
855 3438 44 33 fin
921 3439 107 35 d'une

424 3480 150 32 manière
609 3480 151 42 brusque
794 3490 36 24 et
863 3482 211 37 inattendue
1121 3488 26 32 si
1185 3489 219 34 l'amoureux

424 3524 120 40 transi,
569 3524 59 41 qui
654 3524 98 33 vient
777 3525 42 33 de
844 3527 129 35 cueillir
973 3527 58 35 le
1060 3540 86 30 gant
1174 3532 44 33 de
1244 3533 31 32 la
1302 3533 103 34 dame

423 3567 42 33 de
482 3579 51 21 ses
550 3568 141 41 pensées
708 3581 84 20 avec
810 3582 66 21 une
894 3581 135 25 muette
1047 3573 151 43 ferveur,
1219 3589 42 20 ne
1280 3585 124 26 trouve

423 3611 87 33 dans
550 3624 36 20 sa
626 3613 92 32 main
760 3614 107 41 qu'un
913 3627 161 23 morceau
1112 3619 43 33 de
1194 3633 89 28 peau
1324 3633 80 21 sans

422 3655 120 41 odeur,
567 3656 102 33 banal
694 3666 34 24 et
752 3669 175 22 commun.
968 3656 6 3 -
984 3660 64 34 Les
1075 3662 159 35 hommes
1265 3674 81 23 sont
1377 3666 25 32 si

423 3699 144 33 délicats
588 3700 46 33 de
634 3700 77 33 nos
734 3701 91 32 iours
846 3702 6 32 !

470 3744 63 32 Les
556 3743 143 34 femmes
724 3745 45 33 les
793 3746 111 32 moins
928 3757 184 32 coquettes
1137 3751 162 33 tiennent
1322 3752 19 33 à
1365 3765 38 21 ce

423 3800 68 29 que
515 3788 88 33 leurs
627 3789 104 42 draps
755 3798 35 24 et
814 3790 88 33 leurs
927 3791 167 34 chemises
1120 3794 42 33 de
1187 3796 77 32 nuit
1289 3796 109 34 soient

424 3832 209 41 légèrement
663 3832 194 42 parfumées
891 3835 42 33 de
958 3836 162 40 lavande,
1147 3839 42 32 de
1215 3840 115 32 santal
1357 3854 43 19 ou

423 3875 43 33 de
488 3877 140 40 jasmin,
654 3877 67 33 afin
747 3877 162 34 d'effacer
932 3879 46 33 les
1004 3888 111 25 traces
1139 3883 190 33 odorantes
1355 3885 45 32 du

424 3920 240 42 blanchissage
693 3930 34 24 et
755 3921 46 32 du
830 3922 50 33 fer
908 3923 198 43 électrique.
1161 3926 26 32 Il
1219 3927 91 33 n'est
1339 3940 61 29 pas

421 3964 189 41 jusqu'aux
632 3965 135 41 détails,
789 3966 118 41 voiles,
928 3968 196 41 pantoufles
1145 3983 44 20 ou
1212 3970 188 37 fourrures.

423 4008 142 41 qu'elles
593 4010 168 33 n'aiment
786 4010 18 32 à
830 4011 177 41 parfumer
1031 4012 260 35 délicatement.
1340 4016 60 40 Or,

424 4052 91 33 voilà
539 4065 68 29 que
629 4062 93 25 cette
744 4054 160 41 exigence
927 4068 18 21 a
967 4057 83 41 posé
1073 4056 257 36 dernièrement
1353 4072 46 21 un

424 4096 177 41 problème
623 4098 68 32 très
711 4097 137 35 difficile
867 4099 18 33 à
907 4100 173 42 résoudre,
1101 4114 57 21 car
1177 4102 47 33 les
1244 4115 155 22 essences

540 4687 22 33 r
562 4687 68 33 aile
660 4685 174 43 d'organdi
864 4686 90 33 roulé
983 4694 175 26 contenant
1188 4688 45 33 du

535 4732 68 33 bois
603 4732 55 33 de
676 4731 110 34 santal
803 4743 41 22 ou
862 4731 55 34 des
935 4731 123 35 sachets
1077 4731 155 35 odorants

1510 3492 51 32 On
1583 3492 183 43 parfumera
1766 3492 294 43 délicieusement
2080 3506 53 21 ses
2153 3497 178 34 vêtements
2352 3512 39 21 en

1508 3537 46 31 les
1576 3544 132 26 mettant
1728 3537 84 33 dans
1832 3537 56 32 des
1907 3537 115 33 tiroirs
2043 3538 137 34 doublés
2201 3542 40 32 de
2262 3544 131 33 sachets

1509 3580 72 50 bleu
1600 3581 73 40 pâle
1691 3594 40 20 ou
1749 3581 98 39 lilas,
1847 3581 100 39 ornée
1960 3582 39 31 de
2012 3582 140 34 dentelle
2166 3593 28 24 et
2208 3587 184 41 d'organdi

1543 4411 153 34 Branche
1736 4414 39 32 de
1815 4415 125 37 vhiver
1940 4415 179 37 attachée
2161 4429 64 33 par
2267 4423 58 33 des

1539 4455 123 36 rubans
1662 4455 53 36 et
1715 4455 72 36 de
1813 4460 33 33 la
1874 4461 182 39 dentelle.
2056 4461 54 39 Le
2110 4461 148 39 sachet
2286 4468 40 33 de

1540 4499 137 35 dentelle
1695 4511 77 33 peut
1789 4507 151 31 contenir
1956 4507 56 33 des
2023 4508 139 42 feuilles
2178 4510 39 33 de
2235 4524 91 21 roses

1541 4556 41 21 ou
1601 4545 39 33 de
1658 4546 33 33 la
1709 4547 152 41 lavande,
1881 4551 95 33 ainsi
1993 4564 62 30 que
2067 4552 47 33 les
2133 4555 98 40 petits
2249 4568 77 21 sacs

1396 4692 107 34 Bâton
1530 4694 39 32 de
1593 4695 71 34 bois
1684 4697 39 33 de
1744 4699 113 32 santal
1880 4708 132 26 retenue
2037 4711 62 33 par
2122 4716 65 21 une
2210 4705 109 34 bande
2344 4708 39 33 de

1394 4736 149 37 dentelle.
1570 4739 184 37 Charmant
1769 4743 109 34 sachet
1890 4745 180 43 d'organdi
2082 4748 97 35 bordé
2193 4750 39 33 de
2245 4751 140 37 dentelle

2865 2203 46 34 'es
2937 2205 76 41 plus
3038 2203 200 34 délicieuses
3264 2212 78 24 sont
3368 2202 97 33 deve-

2866 2261 83 21 nues
2993 2249 26 32 si
3064 2248 117 34 cnères
3224 2261 68 29 que
3335 2248 129 41 chaque

2866 2302 121 31 goutte
3004 2306 40 21 en
3063 2302 51 24 est
3132 2305 45 20 un
3196 2293 110 32 trésor
3322 2303 142 31 presque

2865 2339 91 32 aussi
2976 2338 159 42 précieux
3154 2337 108 42 qu'un
3282 2337 108 41 bijou.

2911 2383 46 33 Le
2983 2383 119 33 sachet
3128 2381 132 33 fournit
3286 2394 67 20 une
3379 2380 85 33 solu-

2865 2426 73 33 tion
2993 2427 158 41 élégante
3205 2435 33 24 et
3294 2425 169 42 pratique,

2865 2483 134 22 comme
3012 2472 115 32 disent
3138 2470 47 33 les
3198 2470 177 34 camelots.
3406 2469 57 32 Les

2865 2516 149 41 sachets,
3030 2515 118 43 quand
3167 2527 44 21 on
3227 2528 41 20 en
3284 2527 59 20 use
3362 2514 101 40 large-

2866 2569 108 32 ment,
2999 2569 62 25 ont
3088 2560 60 32 des
3178 2559 98 34 effets
3307 2557 155 34 durables

2867 2617 67 20 non
2977 2606 110 32 moins
3130 2603 234 34 satisfaisants
3401 2614 62 30 que

2866 2649 45 33 les
2944 2650 75 42 plus
3055 2649 97 33 chers
3191 2647 167 44 parfums.
3412 2646 49 32 On

2865 2694 74 33 doit
2974 2707 41 20 en
3051 2701 127 25 mettre
3221 2701 163 34 partout;
3423 2702 39 21 on

2864 2738 75 33 doit
2974 2737 150 44 pouvoir
3160 2750 42 20 en
3239 2736 108 34 sentir
3382 2735 81 33 dans

2864 2783 134 42 chaque
3048 2781 99 34 tiroir
3195 2789 137 33 ouvert,
3383 2780 80 32 dans

2863 2827 135 42 chaque
3028 2826 160 40 armoire,
3219 2826 86 33 dans
3335 2825 129 41 chaque

2863 2880 122 25 carton
3002 2872 16 32 à
3037 2872 192 41 chapeaux.
3267 2870 55 33 On
3337 2869 75 33 doit
3426 2880 36 20 en

2864 2916 117 39 glisser
2995 2916 87 33 dans
3096 2915 47 33 les
3158 2914 61 34 bas
3235 2914 123 40 roulés,
3373 2921 90 25 entre

2863 2960 90 34 deux
2973 2961 112 42 pièces
3106 2959 42 33 de
3168 2959 152 42 lingerie,
3341 2970 40 21 en
3402 2957 62 32 dis-

2864 3005 140 33 simuler
3023 3003 111 44 parmi
3154 3003 47 33 les
3221 3004 128 32 rubans
3369 3010 34 25 et
3421 3001 41 32 les

2864 3059 113 32 gants.
3016 3050 55 33 On
3088 3048 76 33 doit
3180 3060 40 21 en
3239 3056 126 25 mettre
3382 3045 80 34 dans

2864 3094 30 33 la
2920 3094 163 42 penderie
3107 3093 19 32 à
3153 3093 109 40 robes,
3288 3104 39 21 en
3355 3090 108 43 placer

2863 3151 58 20 sur
2945 3139 46 33 les
3016 3138 127 34 formes
3168 3137 58 33 des
3252 3137 209 33 chaussures,

2862 3196 42 21 en
2938 3184 92 41 loger
3063 3182 87 33 dans
3184 3181 46 34 les
3263 3181 119 33 voiles.
3439 3178 21 32 11

2864 3228 90 33 n'est
2970 3240 61 31 pas
3047 3226 191 43 jusqu'aux
3255 3224 153 35 coussins
3426 3222 37 33 de

2864 3272 30 33 la
2919 3272 270 39 chaise-longue,
3214 3270 17 33 à
3256 3270 32 33 la
3312 3269 151 33 fourrure

2864 3318 106 41 qu'on
2988 3330 34 20 se
3037 3317 90 41 jette
3145 3323 127 25 autour
3289 3314 45 32 du
3353 3324 62 21 cou
3432 3320 26 23 et

2864 3374 42 21 au
2946 3361 120 43 papier
3103 3360 18 32 à
3160 3359 131 40 lettres,
3330 3357 58 43 qui
3427 3368 35 19 ne

2864 3406 146 33 doivent
3027 3404 96 35 avoir
3141 3404 90 32 aussi
3248 3404 73 32 leur
3338 3401 123 34 sachet.

2911 3451 91 33 Pour
3024 3451 31 32 la
3078 3448 119 33 moitié
3220 3448 44 32 du
3289 3447 73 42 prix
3385 3444 75 33 d'un

2498 3501 111 33 lfacon
2631 3499 41 34 de
2693 3498 150 44 parfum,
2863 3508 43 20 on
2928 3504 85 33 peut
3033 3494 140 33 acheter
3192 3504 86 30 pour
3299 3504 44 20 un
3365 3502 41 21 an
3426 3494 37 26 de

2499 3546 148 32 sachets.
2709 3545 23 32 Il
2767 3557 22 28 y
2824 3556 18 20 a
2877 3553 44 20 un
2957 3549 53 24 tas
3044 3539 42 32 de
3120 3536 240 43 préparations
3393 3533 69 42 plus

2499 3591 183 32 heureuses
2698 3589 46 33 les
2760 3600 83 21 unes
2858 3597 67 32 que
2939 3585 46 33 les
3001 3592 127 29 autres,
3144 3593 134 21 comme
3292 3581 31 32 la
3339 3577 123 44 poudre

2498 3635 18 32 à
2540 3634 120 33 sachet
2682 3632 145 35 assortie
2849 3644 42 20 au
2915 3628 136 43 parfum
3075 3625 132 44 préféré
3228 3638 43 20 ou
3295 3625 46 32 les
3364 3622 98 43 petits

2498 3686 149 34 paquets
2669 3678 42 33 de
2736 3677 126 34 bâtons
2887 3675 41 32 de
2949 3672 123 35 santal.
3113 3670 66 33 Ces
3200 3670 162 39 derniers,
3388 3667 73 32 lors-

2497 3722 103 43 qu'ils
2615 3731 79 24 sont
2708 3722 211 41 légèrement
2937 3723 208 31 recouverts,
3161 3727 34 20 se
3212 3714 157 42 joignent
3385 3710 77 44 plai-

2497 3775 175 25 samment
2689 3779 67 21 aux
2773 3764 167 34 dentelles
2958 3775 44 21 ou
3020 3762 18 32 à
3056 3759 177 34 l'éventail
3256 3758 42 33 de
3323 3757 136 42 plumes.

2544 3812 165 33 D'autres
2743 3810 137 34 sachets
2913 3806 119 43 exquis
3066 3811 79 27 sont
3177 3802 82 34 faits
3294 3814 83 21 avec
3408 3799 52 32 des

2498 3856 133 33 feuilles
2656 3856 42 33 de
2723 3867 91 21 roses
2841 3852 185 35 recueillies
3050 3849 87 33 dans
3162 3847 47 33 les
3233 3847 132 42 jardins
3390 3842 71 35 l'été

2498 3913 45 20 ou
2562 3900 86 34 dans
2664 3900 47 33 les
2728 3910 143 30 soupers
2888 3897 132 39 l'hiver,
3038 3902 35 26 et
3089 3892 161 43 préparés
3268 3903 83 21 avec
3368 3887 26 35 1
3394 3887 67 35 aide

2499 3944 162 43 d'épices,
2688 3956 63 30 par
2783 3955 46 21 un
2860 3941 211 42 parfumeur.
3120 3936 48 33 La
3197 3935 150 34 lavande
3373 3941 33 25 et
3433 3931 27 32 la

2500 3989 116 33 racine
2627 3988 93 33 d'iris
2734 3986 152 44 poudrée
2898 3985 114 34 chères
3028 3983 18 33 à
3060 3994 60 21 nos
3133 3979 244 43 grand'mères,
3390 3983 72 27 sont

2500 4045 124 22 encore
2652 4032 231 35 recherchées.
2933 4029 48 34 La
3009 4025 153 40 lavande,
3162 4025 69 40 en
3260 4020 200 48 particulier,

2500 4077 161 43 parfume
2681 4076 282 35 délicieusement
2983 4074 29 32 le
3033 4072 89 40 linge
3143 4077 33 25 et
3203 4070 46 33 les
3274 4069 186 33 vêtements

2500 4122 44 34 de
2562 4122 141 34 dessous
2721 4121 60 34 des
2799 4120 167 34 hommes.
