3593 5049
87 201 26 40 1
113 201 39 40 5
207 188 34 54 J
241 188 34 54 a
275 188 34 54 n
309 188 34 54 v
343 188 34 54 *
377 188 34 54 e
411 188 57 54 f
3248 210 40 31 27

1495 2708 92 21 Photos
1598 2709 78 21 Genia
1688 2709 126 28 Heinberg

1439 2803 46 34 AI
1485 2803 201 34 ademoiselle
1726 2803 140 34 Isabelle
1901 2804 39 32 de

1438 2847 161 43 Kergorlay
1599 2847 81 43 est
1702 2848 33 33 la
1753 2849 72 41 fille
1843 2848 97 34 aînée

1437 2892 44 33 du
1509 2893 110 33 Comte
1643 2893 113 33 Octave
1785 2894 39 32 de
1853 2893 87 33 Ker-

1439 2938 121 41 gorlay,
1591 2945 27 26 et
1644 2938 38 32 de
1709 2938 33 33 la
1774 2946 166 31 comtesse,

1439 2982 86 34 née
1525 2982 172 34 Guzman.
1697 2982 109 34 Son
1842 2982 97 34 intel-

1436 3026 121 41 ligence
1581 3035 28 25 et
1633 3027 44 41 sa
1677 3027 103 41 grâce
1803 3040 40 20 en
1862 3028 78 41 font

1436 3083 63 21 une
1510 3073 54 31 des
1573 3072 119 41 jeunes
1703 3071 88 41 filles
1803 3072 47 33 les
1861 3072 79 42 plus

1432 3116 197 33 recherchées
1637 3123 28 25 et
1675 3116 45 32 les
1730 3116 87 41 plus
1817 3116 123 41 aimées

1433 3161 36 32 de
1523 3162 32 32 la
1605 3160 114 33 société
1761 3160 178 42 française

1437 3339 44 39 (A
1510 3339 137 41 gauche)
1683 3338 40 32 M
1727 3338 210 34 ademoiselle

1435 3384 112 33 Marie
1574 3384 37 32 de
1639 3383 163 33 Lubersac
1830 3391 46 25 est
1903 3383 33 33 la

1428 3429 69 41 fille
1514 3430 44 32 du
1578 3428 110 33 Comte
1704 3428 90 41 Jean
1812 3429 39 32 de
1870 3429 68 32 Lu-

1435 3474 106 32 bersac
1558 3481 28 25 et
1603 3473 38 32 de
1657 3473 33 32 la
1707 3480 154 26 comtesse
1879 3472 58 33 née

1436 3518 197 39 Hinnisdal,
1663 3517 85 32 deux
1776 3518 57 32 des
1858 3517 80 42 plus

1436 3561 168 43 anciennes
1604 3561 151 43 familles
1755 3561 50 43 de
1805 3561 33 43 V
1838 3561 102 43 aris-

1437 3606 137 41 tocratie
1574 3606 184 41 française.
1785 3607 89 32 Leur
1885 3606 54 33 de-

1439 3665 107 20 meure
1560 3646 37 39 de
1610 3652 33 32 la
1656 3663 57 20 rue
1727 3651 38 32 de
1786 3651 155 34 Varenne

1440 3705 44 24 est
1525 3709 64 21 une
1633 3696 55 32 des
1731 3696 77 40 plus
1845 3695 97 33 belles

1441 3742 42 32 du
1511 3741 175 39 Faubourg
1714 3739 229 34 St.-Gamain

1441 3964 46 39 (A
1527 3965 102 33 droite
1633 3963 12 41 )
1689 3962 256 35 Mademoiselle

1440 4010 113 33 Pierre
1573 4009 225 33 Decourcelles
1817 4017 127 33 appar-

1440 4055 79 32 tient
1537 4063 64 34 par
1616 4066 60 20 son
1694 4053 86 42 père,
1798 4053 146 33 l'auteur

1439 4099 206 41 dramatique
1670 4098 73 32 bien
1770 4110 122 27 connu,
1915 4104 28 25 et

1439 4152 61 33 par
1531 4140 334 48 e
1897 4142 46 32 du

1438 4177 121 57 granâ
1559 4177 223 57 rontancien
1782 4177 163 57 Edjnond

1438 4201 149 83 Ahanf'à
1587 4201 282 83 Faristocrdp/k
1887 4231 56 32 des

1436 4269 152 62 Ittfïts,
1588 4269 67 62 qui
1655 4269 289 62 rintéressffi^nu-

1437 4314 79 61 tja
1516 4314 79 61 que
1595 4314 61 61 ¥
1674 4312 270 63 iÙMStrefamille

780 4549 149 35 TROIS
963 4546 188 37 JEUNES
1187 4546 161 33 FILLES
1381 4520 190 58 APPÎN
1571 4510 285 87 S~~Atj
1872 4540 188 34 MONDE
2092 4541 66 33 DE
2191 4538 398 36 L'ARISTOCRATIE

1687 4581 52 13 L"

781 4661 60 34 ET
938 4661 29 33 A
1066 4656 403 36 L'ARISTOCRATIE
1565 4654 95 34 DES
1760 4652 216 35 LETTRES
2068 4652 295 34 APPORTENT
2462 4649 124 34 LEUR

783 4772 165 37 GRACE
1033 4771 60 35 ET
1188 4770 125 35 LEUR
1399 4767 173 35 ESPRIT
1656 4765 132 35 DANS
1876 4765 56 34 LA
2022 4746 208 53 SOCIÉTÉ
2313 4761 269 37 FRANCAISE

2450 4799 14 18 ?
