3621 5073
418 214 43 22 2::>
3216 168 249 41 VOGUE

418 214 43 22 20

1105 1907 96 24 Baron
1214 1908 36 22 de
1261 1908 92 25 Meyer

412 1980 1013 78 VOGUE
1734 1946 348 102 A
2082 1946 1393 102 L'AFFUT

1412 2164 73 48 Ce
1542 2180 62 30 ne
1664 2172 114 37 sont
1837 2177 100 44 que
1999 2158 88 48 des
2152 2159 312 48 accessoires
2524 2158 128 48 mais

1412 2296 404 63 indispensables
1855 2294 49 61 a
1904 2294 300 61 l'élégance
2244 2294 63 49 de
2353 2293 301 49 l'ensemble

976 2998 36 58 !
1095 2998 23 60 )

1010 3075 75 33 Les
1132 3071 213 34 diamants

1007 3117 112 35 brodés
1119 3117 81 35 sur
1215 3116 29 33 le
1265 3115 81 33 ban-

1008 3164 87 33 deau
1138 3160 56 34 de
1194 3160 152 34 velours

1002 3204 101 46 jade
1103 3204 244 46 scintillent

1006 3264 126 22 comme
1173 3248 87 44 ses'
1260 3248 87 44 yeux

430 3308 93 100 c

531 3309 53 33 ES
606 3309 174 34 dernières
799 3311 134 34 saisons
955 3313 118 33 virent
1097 3321 82 26 cent
1203 3312 98 34 folies
1325 3311 87 33 dans

553 3353 46 34 les
618 3354 158 34 cheveux
793 3355 59 34 des
875 3356 147 35 femmes
1044 3366 37 25 et
1102 3357 48 34 les
1169 3356 178 34 diadèmes
1366 3355 46 34 les

554 3398 116 41 tiares,
693 3398 48 34 les
776 3400 162 35 coiffures
974 3402 42 33 dr
1052 3402 158 34 théâtres
1244 3400 170 34 luttaient

425 3452 100 26 entre
542 3444 63 33 elle
623 3444 18 32 à
659 3444 61 41 qui
738 3444 107 35 serait
861 3446 33 33 la
912 3446 77 42 plus
1008 3447 164 34 nouvelle
1188 3459 44 21 ou
1251 3446 114 33 même
1381 3445 32 33 la

427 3488 77 42 plus
523 3488 236 42 excentrique.
797 3489 66 34 Les
881 3490 142 42 paradis
1041 3499 37 26 et
1094 3491 49 34 les
1162 3491 166 42 aigrettes
1346 3489 69 35 for-

428 3533 135 33 maient
578 3532 18 33 à
614 3545 66 21 eux
696 3533 90 33 seuls
804 3533 43 34 de
861 3535 192 34 véritables
1070 3535 184 43 chapeaux
1270 3534 46 34 du
1335 3535 78 33 soir.

428 3577 106 34 Cette
549 3576 115 34 saison
679 3577 33 33 la
729 3577 188 43 simplicité
932 3579 138 43 préside
1086 3580 88 34 dans
1190 3580 48 34 les
1254 3579 160 34 coiffures

427 3621 46 33 du
496 3622 69 33 soir
584 3633 137 22 comme
741 3631 147 33 partout
909 3632 35 25 et
964 3624 71 34 l'on
1056 3625 79 33 voit
1155 3625 43 34 de
1216 3625 80 42 jolis
1317 3637 100 21 orne-

428 3674 127 33 ments,
574 3666 162 41 gracieux
754 3676 35 24 et
806 3667 43 34 de
865 3668 92 41 ligne
976 3681 97 29 pure,
1091 3669 34 34 la
1142 3669 166 34 fantaisie
1326 3669 90 34 n'est

428 3710 150 42 permise
595 3722 68 31 que
680 3710 88 34 dans
786 3711 48 34 les
852 3712 136 34 coloris.
1029 3713 56 33 On
1105 3714 148 42 apercût
1271 3726 43 21 au
1334 3713 83 33 Ritz

428 3755 127 34 l'autre
578 3755 81 42 jour
683 3767 69 21 une
776 3756 130 34 beauté
935 3757 111 34 brune
1072 3757 91 34 dont
1186 3758 48 34 les
1260 3758 157 33 cheveux

429 3799 135 33 étaient
580 3800 171 33 encerclés
769 3800 85 34 d'un
871 3801 164 34 bandeau
1052 3811 82 25 vert
1148 3803 84 42 jade
1248 3802 110 34 brodé
1375 3802 42 34 de

429 3843 179 34 diamants
628 3853 153 33 prenant
799 3845 34 34 la
852 3845 113 35 forme
985 3846 59 34 des
1065 3847 148 41 oreilles,
1235 3859 69 21 une
1323 3847 95 42 large

429 3888 129 34 broche
578 3888 43 33 de
640 3888 163 35 diamant
822 3891 184 33 scintillait
1024 3903 60 20 sur
1103 3903 64 22 son
1186 3891 109 34 front.
1338 3891 80 35 Une

429 3941 101 24 autre
551 3933 83 41 jolie
656 3933 130 35 femme
809 3947 43 21 au
876 3935 121 42 visage
1019 3935 71 33 très
1112 3936 108 41 jeune
1242 3948 70 22 vue
1335 3936 83 34 chez

429 3976 112 34 Ciro's
559 3977 99 33 avait
673 3977 106 44 piqué
795 3979 19 33 à
838 3979 33 34 la
885 3979 185 44 japonaise
1086 3979 89 34 dans
1192 3993 52 21 ses
1261 3993 17 20 c
1282 3980 136 34 heveux

941 4028 43 30 de
1009 4028 111 37 neige,
1147 4028 92 31 deux
1263 4028 155 39 épingles

942 4068 43 34 de
1017 4068 65 42 jais
1114 4077 38 26 et
1182 4069 138 42 portait
1350 4081 69 22 une

942 4113 88 33 tiare
1048 4112 60 34 des
1126 4113 132 34 mêmes
1276 4114 142 41 pierres.

947 4201 471 54 L'IMAGINATION

1022 4245 60 34 des
1133 4247 142 34 artistes
1337 4248 84 33 s'est

944 4290 182 34 tellement
1171 4291 117 34 donné
1334 4292 87 33 libre

943 4347 100 21 cours
1082 4334 124 44 depuis
1243 4336 86 42 qu'il
1367 4345 51 25 est

944 4378 112 34 admis
1073 4392 69 29 que
1157 4380 48 34 les
1221 4380 147 34 femmes
1385 4394 35 20 se

944 4432 154 25 mettent
1114 4424 44 34 de
1172 4425 33 33 la
1221 4425 147 42 poudre,
1385 4434 36 25 et

944 4467 22 34 il
981 4480 25 30 y
1021 4480 19 21 a
1056 4468 201 43 longtemps
1275 4469 43 34 de
1334 4470 85 41 cela,

943 4512 108 43 qu'on
1101 4513 161 41 pourrait
1311 4515 110 33 croire

943 4557 179 33 vraiment
1142 4570 69 30 que
1232 4566 119 26 toutes
1372 4559 47 34 les

812 4634 129 34 Cartier
958 4636 73 33 créa
1055 4644 86 34 pour
1159 4636 94 34 Miss
1270 4638 94 33 Elsie
1382 4639 38 32 de

815 4679 34 43 TV
849 4679 70 43 olfe
932 4693 33 21 ce
980 4680 158 43 poudrier
1151 4682 129 33 d'émail
1280 4682 98 33 noir
1392 4691 29 25 et

813 4724 157 44 diamants
970 4724 140 44 auquel
1116 4726 158 34 s'attache
1283 4736 64 33 par
1356 4740 65 21 une

815 4770 62 33 très
896 4769 71 43 fine
989 4770 118 44 chaîne
1107 4770 50 44 de
1157 4770 153 44 platine
1334 4780 28 25 et
1383 4773 39 33 de

816 4815 151 38 diamant.r
967 4815 60 38 Zr-
1027 4815 90 38 bâton
1117 4815 62 38 de
1191 4829 97 29 rouge
1301 4818 123 33 assorti

1461 2480 127 35 formes
1600 2479 41 34 de
1655 2478 158 44 poudrier
1825 2485 80 25 sont
1921 2476 171 43 épuisées;
2110 2484 175 34 pourtant
2299 2476 139 34 Cartier

1462 2534 126 26 trouva
1609 2536 123 30 moyen
1752 2523 40 33 de
1812 2522 92 33 créér
1924 2533 88 30 pour
2032 2520 91 34 Miss
2145 2521 95 34 Elsie
2260 2521 43 34 de
2322 2520 115 35 Wolfe

1461 2578 94 26 cette
1587 2568 161 35 adorable
1779 2575 133 25 trousse
1944 2566 19 33 à
1998 2565 128 34 beauté
2160 2574 198 26 contenant
2389 2578 48 20 un

1463 2615 117 34 miroir
1601 2622 35 26 et
1656 2611 209 35 l'inévitable
1886 2610 111 34 bâton
2018 2609 44 34 de
2083 2622 119 30 rouge.
2248 2611 50 33 Le
2319 2610 119 34 miroir

1461 2668 171 33 octogone
1655 2666 52 26 est
1729 2656 142 35 entouré
1895 2654 141 34 d'émail
2061 2655 77 33 noir
2162 2655 110 34 bordé
2297 2655 43 34 de
2364 2654 74 34 dia-

1463 2712 116 26 mants
1597 2711 35 26 et
1650 2702 101 42 gravé
1769 2714 41 21 au
1829 2707 117 27 centre
1964 2699 107 34 d'une
2088 2699 197 35 minuscule
2303 2700 74 33 tête
2395 2699 43 34 de

1461 2749 83 42 loup
1581 2746 95 43 (wolf
1707 2759 41 21 en
1782 2744 141 43 anglais,
1957 2743 199 35 l'emblème
2191 2744 44 34 de
2269 2744 91 34 Miss
2395 2744 43 33 de

1463 2791 142 42 Wolfe).
1649 2791 112 35 L'étui
1782 2790 41 34 de
1845 2801 105 29 rouge
1971 2801 42 22 en
2036 2788 104 34 émail
2164 2789 77 34 noir
2263 2788 109 35 bordé
2395 2788 43 34 de

1462 2838 176 33 diamants
1662 2837 90 34 tient
1775 2848 41 21 au
1842 2833 117 34 miroir
1983 2845 64 28 par
2072 2846 68 21 une
2165 2833 124 43 fragile
2314 2833 124 34 chaîne

1462 2883 43 34 de
1523 2882 132 41 platine
1673 2889 35 26 et
1725 2880 184 34 diamants.

1468 2974 47 51 l
1520 2971 52 34 ES
1607 2979 100 35 gants
1747 2969 274 43 mousquetaires
2050 2967 124 35 voient
2202 2968 76 34 leur
2310 2981 129 32 vogue,

1493 3014 22 11 .J
1542 3024 168 34 pourtant
1736 3014 174 40 ancienne,
1936 3013 92 43 déjà,
2057 3012 202 35 s'accroître
2284 3021 81 26 tous
2391 3014 48 35 les

1461 3062 97 41 jours
1591 3069 34 26 et
1656 3061 46 34 les
1735 3058 214 35 manchettes
1987 3065 81 26 sont
2099 3057 122 34 ornées
2258 3057 44 35 de
2346 3059 94 36 mille

1596 4463 78 32 Très
1692 4462 136 34 délicate
1845 4468 28 27 et
1890 4461 146 34 nouvelle
2052 4468 76 26 cette
2145 4461 132 43 épingle
2294 4463 38 33 de

1586 4507 82 41 jais'
1692 4507 79 33 dont
1802 4506 45 33 les
1879 4506 123 42 pétales
2035 4512 75 27 sont
2137 4506 129 42 formés
2294 4508 39 33 de

1591 4551 137 34 dentelle
1756 4551 104 40 noire,
1890 4550 189 43 reproduite
2107 4563 40 21 en
2176 4550 82 35 haut
2285 4552 47 33 du

1590 4605 137 33 groupe.
1776 4596 54 33 En
1857 4595 147 41 dessous,
2034 4596 85 33 deux
2142 4596 128 42 formes
2293 4597 39 33 de

1591 4641 109 34 talons
1721 4641 149 34 d'écaille
1894 4640 97 34 sertis
2014 4641 38 33 de
2076 4640 164 35 brillants.
2281 4642 52 33 De

1590 4684 77 35 chez
1725 4685 119 42 Henry
1871 4685 21 34 à
1917 4694 33 25 la
1977 4685 107 42 Pensée
2084 4685 62 42 ",
2170 4686 28 33 le
2228 4694 105 34 porte-

1585 4730 121 42 feuille
1738 4730 38 34 de
1798 4731 110 42 forme
1940 4737 176 27 amusante
2146 4742 42 22 en
2219 4731 115 34 broché

1591 4786 112 31 rouge,
1728 4787 36 21 or
1787 4782 30 26 et
1838 4782 64 26 vert
1924 4775 80 41 jade
2033 4775 79 35 dont
2139 4775 194 36 l'ouverture

1591 4826 46 25 est
1657 4819 117 41 gardée
1798 4828 64 34 par
1886 4832 66 21 une
1984 4820 171 35 souriante
2186 4820 148 35 chinoise

2492 2485 36 25 et
2571 2489 67 20 une
2681 2475 121 42 façons
2853 2474 211 34 différentes.

2497 2522 79 33 Très
2620 2529 183 25 amusants
2841 2528 94 25 cette
2971 2518 95 43 paire

2493 2566 42 34 de
2605 2565 172 43 gantelets
2852 2564 43 34 de
2961 2562 105 35 suède

2493 2611 67 42 gris
2602 2610 88 34 dont
2730 2610 31 33 le
2802 2609 89 34 haut
2932 2608 134 34 laissait

2493 2668 118 30 passer
2621 2655 190 42 jusqu'aux
2824 2654 160 42 poignets
2997 2665 67 21 une

2493 2700 121 42 frange
2633 2700 42 34 de
2693 2700 32 33 la
2744 2699 113 34 même
2870 2710 102 31 peau.
3008 2697 55 34 On

2493 2745 78 34 voit
2595 2757 59 22 sur
2678 2745 33 33 la
2736 2742 257 44 photographie
3019 2754 43 21 au

2494 2790 88 33 haut
2601 2789 44 34 de
2662 2789 33 34 la
2714 2800 87 31 page
2820 2788 59 34 des
2899 2795 102 35 gants
3021 2786 42 33 de

2494 2847 88 29 peau
2601 2834 119 34 blancs
2738 2833 88 34 dont
2842 2833 32 33 la
2891 2832 124 43 piqûre
3029 2840 36 25 et

2493 2879 46 34 les
2585 2879 207 42 dépassants
2837 2876 148 35 derrière
3030 2884 36 26 et

2493 2932 129 26 autour
2643 2923 43 34 de
2706 2924 31 33 la
2760 2922 204 34 manchette
2985 2930 81 25 sont

2493 2981 43 22 en
2565 2981 89 30 peau
2685 2968 109 42 beige,
2824 2967 84 34 effet
2936 2974 82 26 tout
3047 2966 18 33 à

2494 3013 65 34 fait
2574 3013 197 34 charmant.

2501 3095 278 61 L'ÉPINGLE
2802 3101 201 43 reproduite
3026 3113 40 21 en

2577 3148 87 33 haut
2692 3147 46 33 du
2764 3159 131 30 groupe
2916 3146 152 42 d'objets

2499 3193 110 34 forme
2647 3192 79 43 cinq
2759 3191 133 43 pétales
2928 3190 43 34 de
3003 3189 66 43 jais

2500 3238 89 34 dont
2616 3237 194 33 l'intérieur
2838 3244 53 26 est
2919 3235 43 34 de
2987 3235 83 34 den-

2501 3282 80 35 telle
2599 3282 105 33 noire.
2747 3282 48 33 Le
2810 3281 66 43 jais
2895 3280 175 42 triomphe

2499 3335 93 27 cette
2602 3326 114 34 saison
2726 3339 43 21 en
2779 3334 81 26 tout
2868 3334 36 26 et
2913 3332 109 36 partou
3022 3332 47 36 t.

3175 3101 96 43 Jais
3271 3101 96 43 noir
3367 3101 77 43 sur
3444 3101 97 43 che-

3176 3158 82 21 veux
3263 3146 130 42 blancs,
3393 3146 147 42 toujours

3176 3191 35 34 la
3251 3191 206 43 symphonie
3457 3191 83 43 des

3178 3235 87 34 deux
3331 3248 79 22 cou
3421 3236 120 34 leurs

3180 3293 61 30 que
3283 3293 86 21 nous
3416 3281 125 34 aimons

2504 3418 21 51 l
2556 3416 53 33 ES
2628 3416 113 33 talons
2762 3427 121 30 rouges
2903 3414 27 34 si
2949 3414 97 34 chers
3066 3413 18 34 à
3111 3426 62 22 nos
3202 3415 127 34 aïeules
3357 3424 35 25 et
3420 3415 59 43 qui

2532 3459 301 36 caractérisent
2849 3472 38 22 ce
2912 3459 170 33 délicieux
3108 3457 245 37 dix-huitième
3379 3460 100 34 siècle

2498 3507 137 42 époque
2654 3505 42 34 de
2715 3504 99 35 folies
2834 3504 223 34 charmantes
3078 3503 60 43 qui
3158 3504 79 34 finit
3257 3505 26 33 si
3305 3505 175 42 tragique-

2500 3559 108 32 ment,
2630 3550 112 34 renaît
2762 3549 18 34 à
2811 3561 174 22 nouveau.
3035 3548 95 33 Mais
3151 3550 225 34 maintenant
3395 3549 22 33 il
3438 3562 42 21 ne

2500 3596 102 42 règne
2621 3595 77 42 plus
2718 3607 80 21 sans
2818 3594 88 34 rival
2925 3606 59 21 car
3003 3592 150 35 maintes
3172 3594 177 42 élégantes
3370 3607 110 21 assor-

2499 3641 127 33 tissent
2641 3640 89 34 leurs
2748 3639 115 34 talons
2879 3651 45 22 ou
2941 3638 90 34 leurs
3048 3637 143 35 souliers
3208 3639 128 34 entiers
3354 3639 18 33 à
3389 3639 90 34 leurs

2500 3685 99 34 robes
2618 3697 45 21 ou
2684 3684 93 41 bien,
2797 3696 89 30 pour
2904 3683 48 34 les
2973 3682 154 34 toilettes
3148 3696 43 21 en
3212 3684 102 41 lamé,
3335 3684 46 34 les
3402 3696 78 30 por-

2499 3738 79 26 tent
2597 3729 76 34 d'or
2691 3741 45 22 ou
2758 3729 172 41 d'argent.
2974 3728 48 33 Le
3042 3727 126 34 soulier
3188 3737 53 25 est
3262 3728 217 43 quelquefois

2500 3775 42 33 de
2566 3774 91 33 satin
2682 3773 75 34 noir
2780 3773 18 34 à
2822 3773 98 34 talon
2944 3772 42 34 de
3010 3771 152 35 couleur.
3210 3773 95 34 Mais
3329 3773 30 34 le
3382 3773 96 34 talon

2500 3827 97 26 tente
2636 3818 224 34 maintenant
2897 3816 232 43 l'ingéniosité
3168 3817 44 34 de
3251 3831 61 21 nos
3353 3817 125 43 grands

2500 3863 164 44 bijoutiers
2664 3863 45 44 :
2742 3875 42 21 en
2801 3862 92 34 voici
2911 3875 42 21 en
2970 3861 118 34 écaille
3106 3862 101 33 sertis
3226 3862 42 34 de
3285 3863 172 33 brillants.

2506 3955 21 51 l
2558 3953 28 33 E
2620 3952 127 34 broché
2780 3951 144 43 pénétre
2957 3951 86 33 dans
3082 3958 78 26 tous
3200 3951 47 35 les
3287 3952 191 40 domaines,

2506 3955 21 51 J
2530 3995 24 12 --J
2593 4010 61 21 nos
2705 4009 87 29 sacs,
2845 4009 62 22 nos
2965 3995 234 43 porte-billets
3267 4005 35 26 et
3366 4005 114 34 porte-

2501 4043 191 41 cigarettes
2704 4054 41 22 en
2764 4049 82 26 sont
2863 4041 111 34 main-

2502 4095 125 26 tenant
2648 4088 94 32 faits.
2788 4088 49 31 Le
2857 4094 117 34 porte-

2502 4132 117 34 feuille
2675 4131 182 42 reproduit
2914 4143 58 21 sur

2501 4185 94 26 cette
2609 4188 87 31 page
2710 4184 53 26 est
2776 4188 43 22 en
2834 4175 139 41 broché,

2502 4222 42 33 de
2564 4221 110 34 forme
2693 4220 167 42 originale
2880 4220 21 33 il
2921 4228 54 26 est

2502 4266 107 34 fermé
2626 4278 63 30 par
2714 4278 68 21 une
2807 4265 73 34 tête
2905 4265 72 33 chi-

2503 4311 106 34 noise.
2681 4311 47 33 Le
2765 4310 211 42 porte-ciga-

2503 4364 119 31 rettes,
2662 4367 220 30 compagnon
2932 4354 43 34 de

2503 4409 81 25 tant
2607 4400 43 34 de
2673 4400 157 40 femmes,
2855 4408 54 25 est
2932 4412 42 20 en

2504 4445 107 34 moire
2644 4445 95 34 noire
2771 4444 129 34 brodée
2933 4443 42 34 de

2502 4490 168 33 cavaliers
2717 4489 67 42 gris
2830 4497 146 25 sautant

2503 4534 59 34 des
2591 4534 168 34 barrières
2787 4533 46 34 du
2863 4534 112 33 même

2503 4588 73 24 ton.

2504 4644 92 32 Pour
2613 4655 60 21 nos
2689 4655 73 21 sacs
2787 4642 38 33 de
2850 4642 85 33 tissu
2958 4642 157 42 précieux

2504 4700 85 21 nous
2606 4688 171 42 préférons
2794 4688 28 32 le
2837 4687 278 42 porte-cigarettes

2503 4745 41 21 en
2562 4732 85 34 tissu
2665 4732 20 33 à
2702 4732 85 33 celui
2804 4745 42 20 en
2860 4731 127 34 métal.
2987 4731 128 34 Celui-

2505 4777 30 33 ci
2551 4790 41 20 en
2610 4777 103 33 moire
2730 4777 94 33 noire
2844 4777 114 34 brodée
2983 4777 38 33 de
3045 4776 70 43 gris

2504 4829 47 28 est
2568 4822 38 37 de
2623 4820 70 39 chez
2745 4822 117 42 Henry
2877 4821 20 34 à
2910 4822 33 34 la
2958 4821 119 34 Pensée
