3635 5073
232 1356 86 98 L

325 1356 234 49 ORSQUE
606 1372 109 25 vous
772 1357 197 41 ouvrirez
1017 1357 38 40 le
1106 1375 96 36 pro-

354 1413 126 40 chain
506 1413 179 40 numéro
711 1413 52 40 de
788 1414 150 51 Vogue
964 1428 46 25 ce
1044 1429 95 26 sera
1166 1416 35 39 le

356 1469 130 49 plein
486 1469 153 49 hiver
690 1484 72 24 sur
820 1469 178 49 Paris;
998 1469 205 49 Janvier

225 1518 245 46 s'achèvera
496 1539 103 25 avec
626 1539 76 25 son
729 1525 173 51 cortège
929 1525 52 39 de
1008 1525 126 53 neige
1160 1537 43 30 et

224 1580 50 40 de
299 1580 119 51 glace
443 1590 43 30 et
510 1580 87 39 rien
624 1594 97 25 sans
749 1580 134 40 doute
910 1595 52 25 ne
988 1579 92 41 fera
1110 1583 93 51 pré-

224 1636 92 40 voir
352 1650 150 26 encore
539 1635 195 40 l'arrivée
772 1636 73 39 des
884 1636 143 39 beaux
1064 1638 135 50 jours.

228 1691 255 52 Cependant
505 1706 51 25 en
582 1701 263 42 parcourant
869 1691 58 39 les
953 1691 171 42 feuilles
1151 1694 50 39 de

228 1762 44 26 ce
292 1748 176 39 numéro
487 1747 55 40 du
567 1752 52 34 Ier
638 1746 185 51 Février,
845 1746 25 39 il
890 1762 111 24 vous
1023 1759 177 30 sautera

230 1818 81 25 aux
340 1818 111 36 yeux
483 1817 164 26 comme
679 1802 72 40 des
785 1817 156 36 rayons
976 1803 55 39 de
1067 1805 132 50 soleil,

231 1874 164 25 comme
441 1874 83 24 une
569 1859 110 40 brise
725 1858 209 40 odorante
984 1858 60 40 du
1096 1859 103 52 Sud,

233 1930 164 25 comme
431 1915 132 41 l'azur
597 1914 126 40 d'une
758 1928 88 26 mer
879 1913 130 40 d'été.
1080 1915 121 41 C'est

233 1985 83 38 que
365 1971 147 51 Vogue
563 1985 23 25 a
638 1984 207 38 parcouru
896 1969 58 40 les
1010 1971 190 40 stations

233 2026 237 40 hivernales
498 2026 51 40 de
576 2026 38 39 la
643 2025 172 40 Riviera
843 2025 112 40 aussi
984 2025 104 40 bien
1118 2042 83 37 que

230 2081 121 40 celles
380 2082 51 39 de
457 2081 38 40 la
525 2080 231 41 Californie
783 2091 43 29 et
852 2081 51 39 de
929 2080 40 40 la
1000 2081 199 50 Floride;

229 2136 104 41 c'est
376 2136 101 52 qu'il
521 2151 22 25 a
587 2136 314 52 photographié
945 2146 152 31 toutes
1144 2138 55 40 les

227 2192 213 51 élégantes
495 2192 72 51 qui
623 2206 41 25 se
719 2202 196 41 pressent
971 2192 114 40 dans
1144 2194 54 39 les

225 2247 306 41 Monte-Carlo
558 2262 54 25 ou
641 2247 57 39 les
729 2247 122 40 Palm
882 2247 164 51 Beach,
1078 2249 120 40 chers

224 2318 80 24 aux
336 2317 136 25 cœurs
505 2302 52 40 de
588 2302 122 40 celles
743 2303 74 51 qui
849 2302 246 42 s'effraient
1128 2305 69 40 des

222 2358 37 39 la
308 2357 212 50 froidure;
569 2373 51 25 en
670 2358 233 52 regardant
952 2373 70 26 ces
1075 2361 122 39 robes

221 2413 171 52 légères,
431 2428 66 26 ces
538 2414 271 51 blancheurs,
848 2429 67 25 ces
965 2415 231 41 ombrelles

221 2479 123 30 toute
381 2480 113 29 cette
531 2470 155 51 poésie,
723 2485 108 24 vous
867 2485 110 25 vous
1018 2470 180 41 deman-

220 2525 124 40 derez
372 2536 218 29 comment
616 2540 107 25 vous
753 2539 104 27 avez
884 2526 58 51 pû
973 2526 141 40 aimer
1140 2527 54 40 les

219 2580 171 40 lourdes
441 2596 171 37 parures
663 2581 256 40 nécessaires
972 2596 116 37 pour
1137 2582 59 40 af-

218 2636 168 40 fronter
423 2637 35 39 le
494 2647 105 29 vent
635 2636 117 52 glacé
791 2637 52 39 de
880 2636 221 41 l'Avenue
1140 2638 54 40 du

220 2692 85 40 Bois
305 2692 51 40 :
435 2692 129 50 Quoi,
605 2707 107 25 vous
754 2692 263 51 direz-vous,
1062 2703 133 31 est-ce

220 2748 85 40 moi
341 2748 76 51 qui
452 2748 36 40 ai
523 2748 156 40 chanté
715 2748 363 40 intérieurement
1114 2764 80 25 une

220 2803 79 40 ode
324 2802 23 41 à
373 2803 40 40 la
437 2803 125 53 gloire
587 2804 56 40 du
668 2803 170 41 velours
863 2813 44 31 et
932 2804 54 40 de
1012 2804 40 40 la
1079 2804 114 41 four-

1471 1356 56 39 Le
1557 1355 239 52 prochain
1796 1355 186 52 Numéro

1535 1451 91 25 sera
1657 1437 34 39 le
1722 1436 188 41 Numéro

1400 1517 110 41 DES
1544 1516 223 42 PLAGES
1801 1516 263 44 D'HIVER

1392 1598 75 41 ET
1498 1597 81 41 DE
1614 1597 458 43 L'AUTOMOBILE

1257 1763 100 36 rure,
1379 1747 106 40 alors
1507 1745 103 53 qu'il
1631 1761 28 36 y
1680 1761 21 25 a
1724 1756 99 30 tant
1844 1747 53 40 de
1916 1748 174 52 joliesse
2112 1749 106 41 dans

1256 1804 33 39 le
1318 1804 110 39 linon
1459 1812 43 30 et
1532 1802 106 39 dans
1670 1802 37 40 la
1741 1803 240 41 mousseline
1981 1803 43 41 ?
2152 1805 67 40 Ne

1256 1859 135 41 brulez
1413 1873 74 38 pas
1511 1872 45 25 ce
1579 1873 83 36 que
1685 1872 106 26 vous
1816 1873 108 27 avez
1949 1860 146 50 adoré,
2118 1861 101 51 jolie

1255 1915 223 48 Madame;
1503 1913 25 40 il
1555 1923 65 30 est
1643 1928 83 25 une
1751 1913 131 40 heure
1909 1930 111 36 pour
2046 1926 123 39 tout;
2196 1917 22 39 à

1256 1971 104 39 Dieu
1411 1985 51 24 ne
1514 1968 131 52 plaise
1696 1984 83 37 que
1833 1984 109 26 nous
1997 1972 221 40 sacrifions

1252 2026 147 53 jamais
1420 2025 57 40 les
1499 2025 177 40 beautés
1699 2025 71 40 des
1794 2024 138 41 riches
1955 2026 198 41 brocarts
2176 2038 44 30 et

1255 2082 67 39 des
1342 2091 293 42 somptueuses
1656 2090 43 30 et
1717 2080 171 40 lourdes
1909 2082 181 49 étoffes;
2112 2084 106 39 mais

1254 2137 24 39 il
1311 2147 63 31 est
1406 2136 195 53 agréable
1636 2136 51 40 de
1722 2150 204 38 marquer
1961 2152 86 25 une
2082 2138 138 52 légère

1253 2193 120 52 étape
1399 2208 52 24 au
1479 2206 106 38 pays
1613 2192 56 39 du
1698 2191 130 51 soleil,
1857 2193 253 51 cependant
2136 2209 84 37 que

1253 2258 94 30 tant
1381 2249 50 39 de
1467 2247 314 40 malheureuses
1816 2270 57 4 -
1908 2258 45 30 et
1990 2249 229 53 beaucoup

1253 2304 264 40 d'heureuses
1573 2303 113 40 aussi
1738 2325 56 4 -
1847 2304 266 40 continuent
2168 2306 52 39 de

1252 2360 218 48 bavarder,
1511 2358 83 40 soit
1633 2374 52 24 au
1728 2358 113 51 Bois,
1884 2360 86 39 soit
2010 2360 109 40 dans
2160 2361 58 40 les

1252 2415 89 40 thés
1376 2415 21 40 à
1432 2415 38 40 la
1506 2414 139 40 mode.
1710 2414 202 40 Pendant
1947 2425 117 30 cette
2101 2416 118 40 halte

1254 2471 339 51 soigneusement
1651 2470 221 51 organisée
1935 2486 109 25 nous
2108 2487 109 24 vous

1250 2526 135 40 ferons
1424 2525 221 42 connaître
1683 2525 274 41 d'amusants
1997 2536 220 31 costumes

1250 2582 53 40 du
1331 2582 148 50 matin,
1507 2581 72 40 des
1606 2582 243 39 vêtements
1878 2582 53 39 de
1958 2592 124 42 sport
2109 2598 110 36 pour

1249 2637 54 40 les
1333 2637 140 50 routes
1473 2637 303 50 ensoleillées,
1807 2646 45 30 et
1881 2637 53 40 de
1965 2638 252 40 délicieuses

1249 2693 117 40 robes
1391 2692 249 41 d'intérieur
1664 2707 107 38 pour
1795 2692 58 40 les
1880 2693 137 40 tièdes
2044 2694 170 40 soirées.

1249 2749 55 40 Et
1325 2749 107 52 puis,
1455 2763 107 27 vous
1585 2763 145 27 verrez
1752 2763 153 25 encore
1929 2749 53 40 de
2005 2749 210 52 piquants

1247 2804 217 53 chapeaux
1504 2804 239 52 d'organdi,
1775 2803 53 40 de
1871 2804 201 52 mignons
2116 2805 100 40 cha-

2267 1374 131 38 peaux
2443 1359 49 39 de
2542 1358 270 52 mousseline,
2866 1360 52 39 de
2970 1360 263 51 mystérieux

2268 1416 213 50 chapeaux
2507 1413 130 41 voilés
2666 1414 72 52 qui
2767 1415 186 40 rendent
2980 1416 161 50 pensifs
3171 1415 57 40 les

2269 1472 173 50 visages.

2323 1526 67 41 Un
2422 1536 118 30 autre
2571 1526 112 51 sujet
2714 1526 72 51 qui
2819 1540 91 25 sera
2942 1525 147 40 étudié
3121 1526 107 39 dans

2271 1583 36 39 le
2331 1582 199 52 prochain
2554 1581 176 40 numéro
2754 1582 51 39 de
2830 1581 148 51 Vogue
3004 1596 90 25 sera
3120 1581 108 40 celui

2272 1639 50 39 de
2361 1636 301 42 l'automobile.
2732 1637 122 40 Dans
2896 1646 123 30 notre
3060 1636 169 40 dernier

2272 1693 173 40 numéro
2468 1708 102 25 nous
2594 1707 131 25 avons
2750 1692 143 52 publié
2916 1707 57 24 un
2997 1692 231 40 charmant

2272 1749 143 40 article
2461 1749 78 40 sur
2618 1748 37 40 la
2703 1748 124 40 dame
2873 1747 73 52 qui
2993 1748 110 40 aime
3150 1762 76 25 son

2272 1804 88 41 auto
2489 1805 124 40 Cette
2640 1803 152 52 fois-ci,
2822 1819 45 25 ce
2897 1818 89 25 sera
3016 1803 209 52 plusieurs

2272 1875 124 37 pages
2420 1875 81 37 que
2525 1874 103 26 nous
2653 1860 244 51 publierons
2922 1858 22 40 à
2963 1858 38 40 la
3020 1859 130 52 gloire
3174 1858 52 40 de

2272 1917 155 48 l'auto;
2472 1931 103 25 nous
2620 1926 269 29 montrerons
2934 1914 57 40 les
3038 1914 186 40 derniers

2272 1971 196 52 modèles,
2500 1986 102 26 ceux
2634 1971 72 51 qui
2738 1981 77 30 ont
2846 1971 38 39 la
2917 1969 110 52 ligne
3059 1970 38 40 la
3131 1969 94 53 plus

2271 2028 203 51 élégante,
2501 2037 42 30 et
2568 2041 103 26 ceux
2698 2027 72 51 qui
2796 2026 158 41 offrent
2979 2025 248 41 intérieure-

2272 2093 118 30 ment
2416 2083 35 39 le
2480 2083 90 52 plus
2599 2082 134 51 grand
2763 2082 282 41 raffinement.
3103 2081 122 40 Nous

2272 2138 240 41 étudierons
2545 2148 272 30 notamment
2848 2138 57 39 les
2937 2137 184 40 bibelots
3154 2136 72 52 qui

2272 2194 272 40 contribuent
2593 2193 22 40 à
2668 2194 150 40 rendre
2866 2192 76 53 joli
2993 2192 235 41 l'intérieur

2273 2250 126 40 d'une
2446 2248 224 42 carosserie
2725 2259 44 31 et
2823 2248 73 53 qui
2944 2249 146 40 créent
3144 2262 82 25 une

2273 2305 267 52 atmosphère
2566 2305 252 40 charmante
2844 2304 106 41 dans
2978 2319 66 25 ces
3072 2303 155 53 petites

2273 2362 216 39 demeures
2513 2360 229 41 roulantes.

2328 2417 98 39 Puis
2457 2417 174 40 viendra
2663 2416 38 39 la
2734 2415 200 53 question
2973 2415 72 40 des
3077 2414 150 41 livrées

2272 2472 74 40 des
2369 2472 251 49 chauffeurs,
2644 2471 72 40 des
2738 2472 139 40 valets
2901 2470 51 40 de
2975 2471 96 51 pied
3095 2480 43 31 et
3155 2470 72 40 des

2271 2528 172 40 maîtres
2463 2527 133 49 d'hotel
2596 2527 50 49 ;
2666 2527 121 40 celles
2808 2527 72 52 qui
2901 2526 226 40 attachent
3146 2540 82 25 une

2270 2583 159 52 grande
2460 2584 263 51 importance
2754 2583 22 40 à
2807 2583 39 40 la
2879 2592 125 30 tenue
3035 2582 52 39 de
3117 2582 108 39 leurs

2270 2639 289 52 domestiques
2578 2649 207 41 pourront
2802 2637 106 41 ainsi
2926 2637 202 40 s'assurer
3145 2651 81 37 que

2269 2695 38 39 la
2330 2705 174 30 cravate
2525 2695 50 40 de
2596 2693 204 41 Germain
2822 2703 65 31 est
2906 2692 95 40 bien
3023 2702 201 40 correcte,

2268 2760 43 31 et
2330 2765 82 37 que
2431 2750 57 40 les
2508 2750 184 40 boutons
2713 2750 50 39 de
2782 2750 39 39 la
2841 2748 126 41 livrée
2987 2748 238 52 d'Auguste

2269 2821 51 25 ne
2345 2815 99 31 sont
2466 2821 75 37 pas
2566 2815 97 42 trop
2688 2805 144 52 petits.

226 2962 843 75 SOMMAIRE
1288 2964 184 74 DU
1700 2964 120 76 15
2038 2962 687 77 JANVIER
2940 2964 275 74 1921

223 3131 96 28 VOL.
355 3131 15 27 2

225 3201 267 40 Couverture
541 3199 189 41 dessinée
777 3215 79 37 par
903 3200 186 41 Harriet

277 3255 211 41 Meserole

220 3353 252 52 Chronique

216 3425 49 32 La
280 3425 82 32 lutte
377 3432 104 25 contre
494 3424 44 33 les
553 3424 97 42 rides
650 3424 180 42 physiques
845 3433 27 25 et
888 3426 144 33 morales
1150 3437 41 26 20

215 3520 246 40 Fantaisies

211 3592 115 33 Heurs
344 3600 29 24 et
393 3593 159 32 malheurs
569 3593 139 34 d'une"
720 3594 262 34 ROfalie"
982 3594 145 34 IO-[
1127 3594 60 34 [

212 3636 31 32 A
260 3637 34 32 la
313 3637 154 41 conquête
483 3637 36 33 de
535 3638 32 32 la
585 3638 167 41 maigreur
780 3657 22 3 -
892 3658 22 2 -
1008 3657 23 3 -
1078 3649 109 32 22-23

212 3681 49 33 La
278 3681 120 33 beauté
413 3689 28 25 et
457 3682 26 32 le
499 3682 126 33 charme
643 3683 56 32 des
716 3684 125 32 aïeules
891 3702 22 3 -
1007 3702 22 2 -
1145 3694 41 31 40

212 3766 79 41 Les
327 3766 229 53 Elégantes

208 3838 186 42 Elégances
411 3840 127 32 secrètes
554 3840 37 33 de
608 3841 33 33 la
660 3841 201 34 Parisienne
891 3861 20 2 -
1005 3860 23 3 -
1122 3842 65 33 6-8

209 3883 125 43 Motifs
351 3883 149 34 d'Orient
515 3897 58 20 sur
589 3885 55 33 des
662 3886 143 41 négligés
890 3905 21 2 -
1006 3904 22 3 -
1166 3897 20 30 9

209 3927 63 33 Les
288 3927 155 42 périodes
459 3941 227 30 romanesques
703 3938 28 24 et
749 3931 114 32 Lucile
888 3949 23 3 -
1004 3949 23 3 —
1144 3942 40 21 12

208 3971 174 43 L'Egypte
399 3980 28 25 et
445 3973 223 35 Madeleine
668 3973 67 35 et
735 3973 223 35 Madeleine
958 3973 68 35 -
1143 3986 40 31 13

208 4016 106 34 Robes
330 4024 30 26 et
372 4016 119 42 jeunes
505 4018 160 42 élégantes
774 4038 23 3 -
886 4038 22 3 -
1002 4038 24 3 -
1074 4029 110 33 14-15

1245 3199 29 33 A
1289 3200 104 33 l'école
1410 3201 38 32 de
1465 3201 32 32 la
1516 3200 91 33 mode
1623 3201 249 42 égyptienne
1872 3201 68 42 -
2033 3219 22 3 -
2103 3201 109 41 16-17

1243 3245 99 32 Robes
1357 3245 44 33 du
1419 3245 634 32 soir
2168 3256 41 21 21

1243 3289 57 32 Les
1317 3290 74 41 plus
1408 3289 100 33 belles
1508 3289 102 33 robes
1690 3308 22 4 -
1802 3308 22 3 -
1917 3309 20 2 -
2030 3308 22 3 -
2167 3300 41 31 41

1241 3362 165 42 Autour
1438 3364 72 40 des
1544 3363 233 52 Elégances

1242 3434 199 34 Accessoires
1452 3434 140 43 futiles
1592 3434 87 43 mais
1679 3434 282 43 indispensables
2030 3453 23 2 -
2166 3444 42 22 20

1242 3479 44 33 Le
1286 3479 119 33 succès
1422 3479 52 33 du
1474 3479 141 33 charme
1625 3479 150 42 féminin
1802 3497 23 3 -
1916 3497 22 4 -
2030 3497 22 3 -
2165 3489 43 31 24

1240 3523 63 33 Sur
1318 3536 38 21 sa
1373 3524 82 33 table
1472 3524 37 32 de
1526 3523 118 33 toilette
1689 3542 22 3 -
1801 3541 23 3 -
1915 3542 23 3 -
2029 3541 22 3 -
2096 3533 110 31 32-33

1240 3568 57 32 Les
1315 3569 140 41 négligés
1471 3568 192 33 deviennent
1681 3568 170 42 pratiques
1915 3586 22 3 -
2028 3586 23 3 -
2163 3578 43 31 39

1239 3612 199 42 L'Elégance
1455 3621 84 34 pour
1554 3612 46 33 les
1617 3613 116 41 petites
1749 3613 135 32 bourses
1914 3631 23 3 -
2028 3631 22 2 -
2163 3623 42 30 43

1238 3657 160 41 Pyjamas
1415 3670 42 20 ou
1473 3658 170 32 vêtements
1659 3657 38 33 de
1714 3657 75 33 nuit
1800 3675 23 3 —
1914 3675 22 3 -
2028 3675 22 2 -
2162 3667 43 31 44

1237 3701 157 42 Quelques
1411 3702 127 33 blouses
1556 3702 161 32 nouvelles
1800 3719 22 3 -
1914 3720 22 3 -
2027 3720 22 2 -
2162 3711 43 31 45

1237 3745 123 41 Bijoux
1377 3745 181 43 artificiels
1558 3745 91 43 mais
1666 3746 155 42 précieux
1913 3764 23 3 —
2026 3764 23 2 -
2162 3746 42 40 46

1236 3790 134 33 Festons
1385 3799 28 25 et
1430 3783 169 49 draperies
1687 3809 22 3 -
1798 3808 23 3 -
1913 3809 22 3 -
2026 3808 22 3 -
2161 3800 42 31 47

1238 3835 87 32 Pour
1341 3835 45 33 les
1398 3834 101 42 jeunes
1499 3834 117 42 filles
1686 3853 22 4 -
1798 3853 23 3 —
1913 3853 22 3 -
2026 3853 22 3 -
2160 3834 43 41 48

1238 3903 118 41 Dans
1389 3904 37 40 le
1457 3903 166 41 Monde

1235 3975 48 32 La
1300 3975 103 33 Reine
1420 3976 191 41 d'Espagne
1686 3993 22 4 -
1798 3993 22 3 -
1911 3994 22 2 -
1993 3974 208 42 Frontispice

1234 4019 61 33 Les
1311 4020 219 33 Parisiennes
1547 4019 20 33 à
1584 4020 102 33 Paris
1798 4038 23 2 -
1912 4038 22 3 -
2024 4038 23 3 -
2093 4019 108 38 18-19

3123 3131 45 27 No
3208 3131 14 27 3

2271 3201 92 32 Trois
2380 3200 98 42 jeunes
2478 3200 114 42 filles
2608 3199 44 33 de
2652 3199 239 33 l'aristocratie
2937 3217 22 3 -
3048 3217 22 3 -
3180 3208 43 31 27

2265 3245 158 32 Madame
2441 3245 158 41 Philippe
2618 3243 159 33 Berthelot
2824 3262 23 3 -
2935 3261 20 3 -
3046 3262 21 3 -
3178 3243 43 32 28

2263 3323 66 40 Au
2361 3322 187 40 Théâtre

2262 3394 247 34 Mademoiselle
2525 3393 284 34 Gabrielle
2809 3393 257 34 Dorziat
3178 3401 42 32 25

2259 3439 103 43 Jolies
2362 3439 149 43 artistes
2529 3438 181 41 françaises
2821 3457 22 3 -
2934 3455 20 3 -
3045 3456 21 3 -
3177 3437 43 32 26

2259 3483 145 41 Dorothy
2422 3483 145 33 Dickson
2598 3500 467 4 -----
3176 3491 43 31 30

2258 3529 190 32 Danseuses
2464 3528 37 32 de
2518 3536 71 24 tous
2605 3527 46 33 les
2668 3534 84 34 pays
2820 3546 22 2 -
2939 3544 10 3 -
3046 3545 18 3 -
3176 3536 41 31 31

2259 3612 145 39 Beaux
2434 3610 101 40 Arts

2258 3684 44 32 Le
2318 3682 115 34 miroir
2450 3683 19 32 à
2486 3690 118 25 travers
2620 3681 46 33 les
2682 3681 76 41 âges
2818 3700 22 3 -
2930 3698 21 3 -
3043 3699 19 3 -
3155 3689 66 32 3-3

2256 3727 149 42 Poupées
2423 3735 83 34 pour
2523 3725 120 43 grands
2660 3726 132 41 enfants
2818 3744 22 3 -
2930 3743 22 3 -
3042 3744 21 2 -
3177 3724 43 42 38

2255 3772 56 33 Au
2328 3771 108 33 musée
2453 3772 54 32 des
2524 3772 101 32 tissus
2642 3770 21 33 à
2681 3770 93 41 Lyon
2818 3788 22 4 -
2929 3787 23 3 —
3041 3788 22 3 -
3178 3779 41 30 42

2258 3860 112 40 Pour
2401 3858 36 40 le
2470 3859 140 39 Home

2255 3931 73 33 Une
2344 3930 148 33 demeure
2509 3928 216 44 transformée
2818 3947 22 3 -
2930 3945 21 3 -
3041 3946 22 3 -
3174 3937 44 32 34

2251 3975 62 33 Les
2329 3974 83 33 deux
2429 3975 83 33 côtés
2528 3975 82 32 d'un
2627 3973 96 33 salon
2820 3992 21 3 -
2932 3990 21 3 -
3043 3991 21 2 -
3175 3981 44 32 35

2256 4019 105 33 Toiles
2378 4019 38 32 d?
2432 4019 85 42 Jouy
2517 4019 222 42 et-cretonne
2819 4036 22 3 -
2932 4016 71 42 -
3003 4016 216 42 36-37

208 4161 323 34 Téléphone-Central
548 4171 98 24 15-53.

418 4206 112 27 Louvre
546 4207 100 30 29-26.

693 4371 93 24 NEW
826 4370 108 25 YORK

376 4411 110 26 EDNA
512 4413 204 27 WOOLMAX
744 4412 138 30 CHASE,
906 4411 178 25 Rédactrice
1107 4418 34 18 en
1170 4412 72 25 chef.

376 4445 234 27 HEYWORTH
644 4446 220 29 CAMPBELL,
894 4445 159 26 Directeur
1080 4445 162 32 artistique.

639 4479 52 32 19
691 4479 87 32 West
778 4479 87 32 44th
865 4479 122 32 Street

718 4529 184 25 LONDRES

493 4570 83 25 Rolls
595 4572 110 29 House,
729 4572 122 24 Breams
872 4570 165 32 Buildings,
1060 4570 68 27 E.C.

374 4611 135 27 VOGUE
543 4612 97 31 paraît
667 4612 26 25 le
723 4618 21 19 i,
744 4618 21 19 r
792 4613 31 24 et
849 4611 27 25 le
901 4618 31 24 15
962 4611 37 26 de
1019 4612 114 30 chaque
1160 4612 81 25 mois.

1355 4156 286 50 ÉDITIONS
1686 4155 209 52 CONDÉ
1937 4165 150 43 NAST

1460 4241 166 25 Rédaction
1666 4243 29 24 et
1729 4240 250 26 Administration

1460 4283 192 27 PHILIPPE
1673 4283 129 29 ORTIZ,
1824 4282 156 25 Directeur

1461 4333 14 17 2
1521 4326 66 23 Rue
1619 4319 141 32 Edouard
1796 4325 68 28 VII,
1900 4324 81 25 Paris

1449 4461 197 27 SERVICES
1676 4462 52 24 DE
1760 4444 224 43 PUBLICITE

1478 4512 199 34 AGENCE
1710 4512 237 34 DORLAND

1481 4576 33 23 24
1537 4568 55 24 Bd.
1608 4568 51 24 des
1680 4568 171 31 Capucines,
1868 4569 82 25 Paris

1492 4608 184 32 Téléphone--
1676 4608 139 32 l,ouvre
1832 4611 33 29 05
1865 4611 33 29 -0
1898 4611 47 29 2).

2863 4160 124 25 Adresse
3002 4159 219 34 télégraphique

2933 4202 211 26 Vofair-Paris.

2462 4367 311 25 ABONNEMENTS

2184 4418 168 27 FRANCE.
2453 4419 42 24 Un
2495 4419 58 24 an
2605 4416 53 32 (24
2658 4416 93 32 Nos.)
2876 4418 34 24 80
2931 4417 118 26 Francs.

2454 4451 51 25 Six
2519 4451 73 25 mois
2607 4451 46 30 (12
2669 4452 85 30 Nos.)
2878 4458 35 23 40
2979 4470 16 11 ,,

2183 4491 231 31 ETRANGER,
2456 4495 42 24 Un
2498 4495 57 24 an
2607 4493 53 30 (24
2660 4493 94 30 NOS.)
2843 4501 70 18 100
2979 4513 16 10 ,,

2454 4527 51 25 Six
2520 4527 72 25 mois
2607 4527 46 30 (12
2669 4528 84 30 Nos.)
2878 4533 34 24 50
2978 4546 16 11 ,,

2185 4580 55 25 Les
2254 4577 186 28 manuscrits,
2456 4577 112 25 dessins
2581 4579 30 23 et
2625 4577 232 32 photographies
2871 4583 59 19 non
2944 4575 109 26 insérés

2184 4619 37 19 ne
2235 4614 69 23 sont
2318 4617 52 26 pas
2385 4611 115 25 rendus.

987 4705 76 24 Tous
1090 4704 86 26 droits
1204 4704 33 25 de
1267 4704 194 31 reproduction
1491 4706 23 22 et
1543 4703 32 24 de

984 4737 158 26 traduction
1166 4737 116 27 réservés
1305 4740 74 29 pour
1404 4741 61 23 tous
1492 4740 82 29 pays.

1824 4719 166 33 (Copyright
2021 4720 63 26 1920
2109 4723 54 30 par
2192 4721 82 25 THE
2304 4720 132 26 VOGUE
2465 4720 68 32 CO.)
