3629 5077
463 206 36 31 14
3237 188 247 42 VOGUE

489 3199 82 133 Haron
584 3199 29 133 de
625 3200 85 27 Meyer

498 3326 97 33 Voici
620 3340 47 21 un
693 3330 122 35 modèle
815 3330 123 35 aussi
953 3334 69 41 joli
1044 3348 61 29 que

492 3371 76 32 celle
591 3372 59 41 qui
673 3374 28 32 le
725 3383 103 33 porte,
845 3383 30 26 et
899 3378 102 33 d'une
1025 3380 80 33 belle

492 3416 127 33 audace
634 3417 40 33 de
691 3426 83 26 tons.
826 3420 89 34 C'est
937 3435 47 21 un
1033 3422 71 35 tea-

491 3471 93 29 gown
667 3463 40 32 de
758 3464 116 34 Lucile
922 3478 41 22 en
1009 3469 94 42 crêpe

490 3503 166 43 Georgette
669 3508 134 33 couleur
842 3510 122 41 flamme
1030 3526 73 20 avec

490 3548 107 42 larges
614 3550 123 35 bandes
755 3553 39 32 de
814 3554 148 34 broderie
987 3566 116 33 argent

489 3605 59 20 sur
588 3594 47 33 les
677 3597 169 34 manches.
909 3600 61 33 Les
998 3603 104 32 extré-

489 3637 98 33 mités
629 3639 40 33 de
712 3641 34 33 la
790 3643 148 33 ceinture
981 3653 30 26 et
1054 3647 47 32 les

490 3682 156 34 manches
662 3693 75 25 sont
754 3699 40 20 en
816 3688 94 41 crêpe
935 3688 167 44 Georgette

487 3733 66 26 vert
580 3727 58 42 vif.
687 3730 64 33 Les
777 3738 73 26 tons
875 3732 161 35 éclatants
1060 3736 40 32 de

487 3770 34 33 la
538 3771 75 33 robe
629 3781 75 26 sont
721 3775 84 33 d'un
823 3776 74 41 effet
915 3778 63 32 très
990 3779 111 33 réussi

317 4284 131 34 DEUX
533 4287 163 35 ROBES
799 4274 127 52 TRES
1021 4297 109 33 ELE-

320 4528 193 36 GANTES
560 4531 65 34 AU
675 4533 180 36 LIGNES
912 4537 217 37 SIMPLES

321 4774 123 33 MAIS
508 4775 272 37 DIFFICILES
838 4780 29 33 A
930 4782 199 36 PORTER

1239 4844 87 22 liaroii
1340 4846 33 21 de
1386 4847 91 22 Aleyer

2773 3357 47 39 (d
2847 3356 140 42 gauche)
3019 3354 87 34 Cette
3132 3354 146 42 élégante
3306 3354 73 33 robe

2770 3402 38 33 de
2824 3402 75 33 ville
2916 3409 46 25 est
2976 3413 47 21 un
3037 3398 126 35 modèle
3163 3398 54 35 en
3217 3398 162 35 duvetine

2770 3454 93 33 verte,
2877 3446 38 33 de
2932 3446 108 42 lignes
3054 3444 103 34 droite
3171 3443 78 42 très
3249 3443 127 42 simple.

2773 3492 43 33 Le
2828 3491 149 34 décolleté
2988 3490 155 42 enforme
3154 3489 38 33 de
3207 3488 34 34 V
3241 3488 140 34 descend

2771 3549 91 21 assez
2877 3536 47 39 bas
2924 3536 36 39 ;
2986 3547 65 22 une
3068 3535 118 41 longue
3199 3533 79 34 étole
3294 3533 86 33 s'en-

2772 3582 91 33 roule
2886 3589 121 25 autour
3033 3579 45 33 du
3104 3591 60 21 cou
3191 3586 29 25 et
3242 3578 137 33 retombe

2773 3627 76 41 plus
2866 3626 59 33 bas
2942 3637 61 31 que
3020 3624 34 33 la
3074 3624 101 33 taille.
3225 3623 51 33 La
3295 3622 85 43 jupe

2771 3679 47 25 est
2835 3671 95 33 ornée
2946 3670 40 33 de
3002 3669 130 33 dessins
3145 3667 234 43 géométriques

2771 3728 41 21 en
2824 3716 74 41 jais
2915 3715 86 33 noir.
3050 3713 166 33 Gracieux
3230 3712 149 42 chapeau

2773 3761 37 32 de
2852 3758 140 35 velours
2992 3758 105 35 noir
3139 3758 102 41 garni
3280 3757 99 33 d'une

2769 3806 119 41 longue
2924 3805 113 42 plume
3072 3802 196 34 d'autruche
3306 3802 74 33 noir

2770 4318 261 34 COULEURS
3104 4299 315 53 ÉCLATANTES
3493 4309 72 44 QUI

2773 4565 199 34 SERONT
2990 4545 367 52 RECHERCHEES
3375 4562 93 34 PAR
3489 4554 73 40 LES

2777 4813 215 34 FEMMES
3051 4812 68 33 DE
3181 4795 137 50 GOÛT
3376 4800 188 44 ARTISTE
