2395 3901
964 280 111 38 XXI
1103 304 56 5 -
1186 294 24 38 3
1233 305 28 5 -
1286 291 106 41 1919

288 428 34 228 [
814 384 16 26 ,
880 386 120 248 C.
1000 386 160 248 D.
1160 378 66 257 I.
1240 386 296 250 A.
1582 374 460 255 «

289 340 492 221 R
847 496 445 70 DENTAIRE
1360 480 588 86 JJVTE1{-ALLIÉS

398 478 512 241 10-11-12-13
910 478 427 241 novembre
1354 480 592 238 1916.
2033 692 6 12 ■

282 658 38 142 (
884 684 242 34 10-11-12-13
1142 684 196 36 novembre
1354 686 102 32 1916.

400 866 18 34 «
450 850 240 81 Comptes
718 860 198 62 rendus
944 864 66 58 du
1038 862 228 78 Congrès
1296 864 236 60 dentaire
1560 860 316 62 inter-alliés
1900 882 18 33 1
2012 831 38 282 1

395 961 179 54 Ouvrage
597 974 47 35 de
667 976 92 44 plus
784 979 48 33 de
856 980 104 43 i,5oo
984 991 131 33 pages,
1136 980 152 35 illustré
1312 982 47 34 de
1386 982 107 33 mille
1515 981 142 44 (1.000)
1677 981 145 42 figures
1845 979 131 33 conte-

280 936 33 142 B
348 1025 96 32 nant
460 1025 56 38 les
540 1035 176 44 rapports,
716 1035 88 44 les
822 1039 376 46 communications,
1216 1041 54 34 les
1284 1039 288 45 présentations
1590 1041 38 33 et
1644 1037 331 36 démonstrations

277 1080 21 68 £
345 1084 87 31 avec
448 1084 105 39 leurs
571 1092 208 38 discussions
779 1092 53 38 :
850 1098 35 34 le
901 1101 158 42 compte
1076 1099 127 34 rendu
1223 1100 48 33 de
1286 1100 34 32 la
1335 1097 75 36 très
1428 1099 99 34 belle
1545 1098 230 44 exposition,
1791 1097 55 34 les
1860 1106 112 24 vœux
2011 1100 36 82 D

345 1137 47 74 et
392 1137 80 74 les
478 1146 166 40 diverses
669 1153 222 38 circulaires
915 1156 290 37 ministérielles
1228 1157 235 35 intéressant
1485 1158 54 34 les
1561 1157 159 34 services
1741 1155 193 35 dentaires
1951 1153 20 35 à
2021 1163 10 37 j

288 1191 44 51 «
332 1191 198 51 l'armée.
530 1191 45 51 *

274 1275 34 157 !
404 1262 60 36 Le
486 1272 180 36 nombre
690 1274 76 36 des
788 1278 198 35 volumes
1008 1280 270 42 disponibles
1300 1288 112 34 pour
1434 1280 42 32 la
1500 1280 132 32 vente
1656 1280 68 32 est
1746 1276 151 34 limité.
2021 1308 9 13 É

286 1433 8 13 >
396 1411 70 42 Les
488 1423 216 48 confrères
724 1427 162 52 n'ayant
886 1427 102 52 pas
1016 1431 154 38 adhéré
1192 1441 56 28 au
1278 1427 180 52 Congrès
1486 1427 72 52 qui
1584 1427 176 38 désirent
1790 1427 180 38 recevoir
2020 1451 7 13 ,

285 1493 8 17 »
342 1468 33 39 le
395 1481 164 64 volume
588 1489 69 38 des
687 1496 179 45 comptes
891 1495 153 38 rendus
1069 1498 179 46 peuvent
1277 1494 191 39 adresser
1495 1493 218 49 d'urgence
1741 1492 89 38 leur
1856 1467 184 280 sous-

284 1539 38 50 !
322 1539 191 50 Cription
534 1563 54 27 au
610 1555 176 40 trésorier
786 1555 54 40 :
861 1560 54 35 M.
939 1561 51 38 H.
1022 1560 226 48 VILLA/N,
1272 1560 66 48 45,
1359 1558 67 38 rue
1426 1558 67 38 de
1510 1558 39 38 la
1570 1557 391 49 Tour-d'Auvergne,
2018 1593 8 12 ,

339 1598 120 49 Paris
477 1615 123 51 (lXe).
641 1665 7 12 ,

282 1696 69 52 1
389 1692 60 42 N.
476 1700 58 42 B.
559 1728 45 6 -
633 1708 75 40 Le
737 1711 126 49 prix
894 1712 72 40 du
993 1714 217 39 volume
1240 1715 82 39 est
1350 1712 104 42 fixé
1484 1710 480 43 momentanément

280 1773 8 17 ■
337 1737 12 42 a
349 1737 18 42 A
398 1748 72 42 30
500 1755 196 47 francs.

267 1848 1061 79 im
1328 1848 708 79 =
