2551 3913
798 457 398 35 RECONSTRUCTION
1226 463 55 29 OF
1309 464 60 28 AN
1398 464 157 29 LOWER
1585 465 95 37 JAW
1970 464 75 40 155

427 516 71 38 tIle
524 524 182 64 missing
732 541 258 54 substance,
1019 548 78 41 the
1123 553 77 38 cut
1227 549 174 41 surface
1429 548 132 53 being
1586 548 182 54 applied
1795 553 47 36 to
1870 549 101 41 that
1999 549 45 41 of

425 578 72 100 the
527 594 88 43 two
644 609 212 47 previous
886 617 137 54 strips
1055 619 44 40 of
1130 619 138 42 tissue
1300 618 90 42 and
1420 618 93 41 also
1544 622 48 36 to
1623 618 102 41 that
1757 619 46 40 of
1832 619 76 41 the
1939 633 104 28 area

424 651 96 58 when
520 651 78 58 Ce
623 674 111 58 they
757 696 115 31 were
898 688 153 43 taken.

507 746 47 42 3
573 745 91 48 The
687 758 133 54 edges
842 765 46 39 of
910 765 77 42 the
1008 765 104 56 long
1134 767 123 55 scalp
1276 766 165 42 wound
1462 766 106 41 thus
1589 766 132 42 made
1743 780 113 28 were
1878 781 161 40 appro-

423 798 197 62 a
649 822 62 57 by
741 835 179 41 sutures
951 835 44 41 of
1026 841 155 51 strong
1211 837 100 48 silk,
1343 837 76 42 the
1448 850 88 41 gap
1566 836 132 53 being
1728 838 233 41 narrowed
1990 842 48 36 to

421 864 24 64 1
445 864 37 64 la
482 864 62 64 ifi.
544 864 51 64 ts
623 894 144 46 width
795 902 83 43 but
908 910 81 37 not
1018 907 164 43 closed.

503 954 90 50 The
617 974 144 47 grafts
786 979 212 46 followed
1023 999 26 27 a
1075 985 175 43 normal
1275 998 175 35 course;
1479 984 124 41 there
1629 998 91 27 was
1745 997 57 27 no
1829 983 209 55 develop-

418 1025 120 43 nlent
570 1036 44 40 of
645 1049 195 43 necrosis
871 1056 48 38 at
951 1068 93 41 any
1074 1055 143 54 point.
1307 1056 71 53 By
1409 1055 76 42 the
1517 1055 87 41 end
1635 1055 45 40 of
1711 1069 25 27 a
1767 1054 161 42 month
1960 1055 76 42 the

417 1092 118 57 scalp
561 1116 165 41 wound
752 1118 91 45 had
870 1125 269 55 practically
1166 1125 162 43 healed
1351 1126 91 41 and
1468 1125 58 41 its
1553 1124 83 43 site
1662 1139 92 28 was
1780 1124 167 42 hidden
1975 1125 62 55 by

418 1154 72 48 the
523 1168 108 52 hair.

498 1248 163 57 Second
683 1273 241 50 operation.
950 1278 260 44 November
1230 1280 80 52 5th
1331 1279 122 54 1918.
1476 1290 52 42 17
1552 1278 111 54 days
1684 1277 117 42 after
1824 1278 74 42 the
1920 1278 111 42 first.

498 1324 91 51 The
615 1343 136 58 strips
778 1351 45 40 of
853 1352 112 43 flesh
989 1357 239 54 gradually
1254 1357 183 41 became
1464 1355 184 43 everted
1673 1354 45 41 in
1745 1354 110 42 such
1881 1369 26 27 a
1932 1369 102 40 way

415 1383 96 105 that
541 1405 120 47 what
691 1429 91 31 was
812 1420 219 47 intended
1061 1430 47 37 to
1138 1427 117 42 form
1286 1427 76 41 the
1395 1425 112 42 floor
1537 1425 45 41 of
1613 1425 75 42 the
1718 1425 162 43 mouth
1910 1425 122 53 hung

413 1464 75 36 out
514 1466 85 51 like
626 1495 27 28 a
679 1489 153 54 tongue
832 1489 88 54 of
947 1500 250 39 cutaneous
1224 1497 138 42 tissue
1393 1496 90 56 (fig.
1513 1497 58 53 5).
1659 1496 92 41 The
1777 1495 120 54 graft
1925 1495 104 49 had,

412 1519 192 84 OWever,
604 1519 48 84 «
652 1519 170 84 taken
843 1580 15 20 »
880 1566 340 57 satisfactorily,
1244 1569 91 41 and
1356 1583 64 28 we
1442 1582 113 29 were
1578 1567 221 42 therefore
1821 1566 92 42 able
1913 1566 37 42 :

496 1615 125 44 10
655 1635 142 37 resect
830 1634 78 43 the
941 1640 91 38 two
1064 1639 197 54 pedicles
1294 1640 45 40 of
1373 1639 76 42 the
1483 1638 112 55 strip
1629 1639 45 40 of
1707 1637 135 55 scalp.
1936 1637 92 42 The

411 1676 239 58 unutilised
679 1702 182 49 portion
882 1720 92 28 was
1001 1711 202 41 restored
1230 1715 47 37 to
1301 1710 76 41 the
1399 1710 126 55 place
1546 1710 181 41 whence
1748 1709 35 41 it
1805 1709 91 42 had
1916 1709 112 41 been

410 1736 132 57 taken
569 1765 91 41 and
685 1770 147 46 where
859 1776 36 41 it
923 1779 180 55 rapidly
1130 1783 208 41 resumed
1365 1797 26 26 a
1418 1781 174 43 normal
1619 1793 297 43 appearence;

492 1828 42 44 2
534 1828 86 44 To
652 1849 283 40 reconstruct
968 1849 77 43 the
1077 1850 135 44 lower
1242 1852 63 55 lip
1338 1853 62 54 by
1430 1867 155 28 means
1618 1853 44 40 of
1695 1857 89 37 two
1816 1852 135 54 strips
1983 1851 44 42 of

455 1896 131 45 ucosa
612 1913 76 36 cut
714 1912 117 46 from
859 1918 76 42 the
962 1919 128 43 inner
1115 1923 174 41 surface
1317 1924 45 40 of
1388 1924 114 40 both
1528 1924 160 42 cheeks
1715 1924 90 41 and
1831 1923 195 53 brought

407 1945 189 66 iorward
623 1975 63 56 by
718 1984 202 58 twisting
949 1991 111 41 each
1115 2006 58 28 on
1210 1993 59 41 its
1297 1994 190 53 pedicle
1487 1994 71 53 in
1558 1994 95 53 the
1653 1994 191 53 region
1874 1994 45 40 of
1948 1993 77 42 the

407 2022 180 58 -
630 2055 307 46 commissure.
1084 2063 157 49 These,
1287 2064 118 43 after
1448 2064 234 53 trimming
1725 2065 91 41 and
1858 2064 166 54 partial

403 2097 264 122 resection
667 2097 79 122 of
746 2097 264 122 exuberant
1010 2097 134 122 port
1150 2133 12 40 i
1166 2148 94 34 ons,
1301 2148 114 27 were
1452 2134 182 54 applied
1675 2138 47 37 to
1764 2134 77 42 the
1880 2135 144 55 grafts

404 2158 96 69 cn
500 2158 130 69 ed
650 2191 147 47 above
823 2198 91 57 (fig.
940 2201 26 41 6
988 2204 92 41 and
1103 2204 58 54 7).

487 2252 135 55 1-hird
644 2277 239 49 operation.
912 2285 251 43 December
1187 2287 90 41 2nd
1304 2287 123 53 1918.

484 2328 105 52 This
616 2358 91 34 was
734 2367 239 48 necessary
1000 2365 49 38 to
1077 2363 172 53 perfect
1278 2362 77 41 the
1384 2361 270 55 adaptation
1683 2361 45 41 of
1756 2362 77 41 the
1860 2362 158 53 grafts,

400 2396 88 41 and
511 2400 35 45 is
571 2408 259 62 impossible
857 2432 48 38 to
932 2431 200 43 describe
1150 2433 46 40 in
1219 2431 152 43 detail.
1460 2433 42 39 It
1528 2431 210 42 included
1763 2445 27 27 a
1814 2431 133 41 series
1972 2432 47 40 of

398 2466 142 53 nlirlor
567 2496 256 55 resections,
855 2506 322 54 adjustments,
1208 2511 192 45 sutures,
1431 2511 101 45 etc.,
1563 2510 47 38 at
1640 2506 180 42 various
1849 2506 166 54 points.

482 2556 163 56 Fourth
670 2583 239 50 operation.
939 2590 250 42 December
1215 2589 109 43 28th
1353 2590 124 53 1918.

483 2641 51 48 1°
534 2641 104 48 Tnhe
658 2660 281 46 extremities
959 2666 45 40 of
1024 2667 77 42 the
1122 2667 113 42 rami
1254 2679 113 30 were
1387 2666 197 53 exposed
1605 2665 61 54 by
1684 2664 100 41 skin
1804 2664 210 43 incisions

396 2701 104 41 near
521 2723 76 33 eac
602 2717 29 42 h
653 2727 89 41 end
765 2732 45 40 of
834 2734 78 42 the
935 2737 114 54 strip
1074 2737 44 41 of
1142 2737 144 55 scalp;

394 2831 49 44 th
479 2781 48 34 20
544 2783 39 42 A
602 2791 159 48 tunnel
781 2815 92 30 was
893 2805 141 43 bored
1053 2807 115 42 from
1190 2822 83 26 one
1294 2811 46 37 to
1362 2806 76 41 the
1454 2805 142 49 other,
1613 2805 181 54 passing
1809 2806 201 43 between

394 2831 73 48 the
496 2855 203 50 external
728 2873 92 40 and
848 2874 196 45 internal
1074 2878 139 42 tissue
1242 2876 167 55 layers;

390 2970 65 48 fro
475 2922 52 44 3°
527 2922 53 44 A
603 2934 113 56 strip
739 2941 46 40 of
808 2943 116 46 bone
947 2949 92 41 and
1061 2948 275 56 periosteum
1360 2947 141 41 about
1527 2959 50 29 12
1596 2961 84 28 cm.
1698 2947 104 55 long
1820 2963 90 28 was
1933 2953 77 39 cut

390 2970 113 88 from
536 2995 81 57 the
617 2995 143 57 tIbIa
793 3017 92 41 and
918 3020 118 41 after
1068 3019 168 53 having
1258 3019 112 41 been
1404 3018 108 41 bent
1547 3025 48 37 at
1628 3023 89 38 two
1751 3020 149 55 places
1918 3036 91 28 was

390 3039 96 68 in
486 3039 98 68 C
604 3069 96 48 Into
723 3081 77 44 the
822 3089 160 42 tunnel
1002 3091 222 54 prepared
1244 3089 69 40 for
1332 3088 51 49 it,
1406 3089 77 42 the
1505 3093 89 37 two
1616 3092 110 41 ends
1747 3092 132 55 being
1899 3108 111 40 very

391 3125 79 66 ca
470 3125 53 66 f
627 3145 160 52 placed
816 3155 45 42 in
891 3165 184 37 contact
1106 3160 110 42 with
1246 3160 76 41 the
1352 3160 248 55 extremity
1628 3162 46 40 of
1703 3163 110 41 each
1842 3177 165 29 ramus.

391 3184 119 89 hIs
535 3203 36 43 is
596 3223 82 32 our
702 3220 266 64 customary
990 3232 241 53 technique
1252 3231 91 40 and
1362 3230 80 42 has
1466 3231 114 42 been
1605 3233 240 55 employed
1869 3235 63 54 by
1956 3250 51 27 us

388 3260 46 37 at
465 3263 110 54 least
607 3281 123 62 forty
761 3294 133 46 times
925 3301 70 41 for
1025 3302 116 42 bone
1171 3301 143 54 grafts
1345 3301 62 55 by
1438 3301 329 55 Delagenière's
1797 3306 208 50 method;
