2464 3910
642 469 379 39 PSEUDARTHROSE
1051 479 63 29 DU
1142 480 276 29 MAXILLAIRE
1446 469 246 41 INFÉRIEUR
1901 480 75 43 175

332 545 180 74 ,dClaL
536 547 83 47 Les
655 557 140 54 plaies
833 565 272 53 opératoires
1142 581 45 27 se
1223 571 102 37 sont
1362 566 250 43 cicatrisées
1649 582 82 41 par
1764 568 215 55 première

356 591 1261 71 Mention.

369 689 52 110 3
421 689 234 110 octobre.
655 689 104 110 Une
759 689 338 110 radiographie
1097 689 235 110 indique
1357 708 109 83 qu'il
1488 708 98 114 n'y
1586 708 49 114 a
1635 708 98 114 pas
1733 708 74 114 de
1807 708 150 114 conso
1961 735 16 5 -

354 731 53 87 a
407 731 133 87 1on,
540 731 160 87 mais
732 780 176 46 permet
943 777 55 42 de
1033 783 229 37 constater
1292 779 44 41 la
1369 781 209 52 présence
1613 780 54 42 de
1700 781 139 55 petits
1873 780 104 43 îlots

353 819 153 48 Seux
536 844 59 30 au
623 838 167 46 niveau
820 845 55 42 de
905 846 44 42 la
977 849 361 54 pseudarthrose.

432 901 24 40 3
493 909 235 43 novembre.
768 914 99 43 Une
904 919 208 42 nouvelle
1149 919 312 56 radiographie
1497 920 184 56 indique
1718 925 254 38 nettement

352 960 58 35 Ull
448 963 139 53 début
628 979 64 43 de
724 986 343 45 consolidation.
1112 990 38 41 Il
1188 991 81 55 n'y
1306 1005 28 27 a
1372 988 101 59 plus
1513 992 54 41 de
1606 992 362 55 pseudarthrose.

352 1016 201 112 attelle
584 1052 264 58 métallique
880 1063 68 37 est
981 1060 194 43 enlevée.
1211 1063 60 41 Le
1303 1062 178 42 malade
1513 1064 139 41 ferme
1684 1068 44 37 et
1762 1077 137 28 ouvre
1930 1062 44 42 la

349 1087 50 113 bo
399 1087 117 113 Ullie
545 1128 103 35 sans
677 1123 217 46 difficulté
922 1128 105 44 bien
1057 1145 85 41 que
1171 1147 55 28 ne
1254 1139 206 49 pouvant
1489 1148 82 41 pas
1600 1146 157 29 encore
1785 1145 187 41 manger

323 1159 66 42 a
393 1169 203 59 Ciments
624 1193 175 45 solides.

429 1251 23 41 5
486 1262 235 44 novembre.
760 1266 111 45 Pose
900 1270 116 49 d'un
1051 1273 200 55 appareil
1286 1274 201 42 dentaire
1523 1273 219 42 ordinaire
1776 1272 190 55 rempla-

346 1310 66 42 Çan11
412 1310 33 42 t
469 1317 61 47 les
557 1328 132 48 dents
714 1337 233 56 disparues
972 1356 59 28 au
1056 1343 166 42 niveau
1248 1344 53 42 de
1328 1344 248 41 l'ancienne
1600 1344 360 54 pseudarthrose.

342 1369 39 108 A
410 1392 127 43 noter
568 1413 62 31 un
662 1411 426 45 raccourcissement
1121 1415 55 41 de
1209 1414 192 43 l'arcade
1434 1429 83 41 par
1544 1414 119 42 suite
1701 1414 60 41 du
1796 1414 76 53 jeu
1909 1412 54 43 de

342 1436 32 116 L
374 1436 147 116 attelle
540 1474 263 59 métallique
824 1482 168 43 durant
1010 1484 64 42 les
1094 1490 159 50 quatre
1273 1485 112 42 mois
1406 1490 45 37 et
1472 1484 119 43 demi
1610 1484 53 42 de
1684 1483 274 43 contention.

344 1506 56 50 Le
413 1537 437 101 raccourcissement
877 1567 47 28 se
953 1556 175 42 traduit
1158 1556 61 42 du
1247 1557 100 41 côté
1374 1555 172 55 gauche
1574 1569 83 42 par
1683 1568 62 29 un
1774 1568 186 28 avance-

343 1592 119 46 111ent
486 1603 112 50 dans
621 1614 223 50 l'articulé
866 1624 54 41 de
940 1624 44 42 la
1004 1626 157 42 valeur
1180 1627 110 42 d'un
1313 1626 183 56 cuspide
1515 1630 45 38 et
1576 1624 223 44 occlusion
1817 1625 141 41 incor-

340 1605 114 101 recte
481 1673 75 46 des
580 1683 132 46 dents
732 1690 270 57 implantées
1026 1711 76 26 sur
1128 1697 191 42 l'ancien
1341 1697 214 56 moignon
1579 1696 170 55 gauche
1776 1696 90 54 (fig.
1897 1696 57 54 2).

395 1743 92 68 Ier
487 1743 256 68 décembre.
780 1762 60 42 Le
872 1765 179 43 malade
1083 1772 94 37 sort
1209 1768 124 54 guéri
1366 1768 53 41 de
1451 1767 219 55 l'hôpital.
1707 1768 64 40 La
1802 1765 157 43 masti-

340 1801 160 80 cation
500 1801 137 80 s'est
637 1801 253 80 améliorée
925 1850 59 28 au
1016 1837 130 55 point
1180 1840 54 40 de
1267 1843 245 50 permettre
1546 1838 38 42 le
1618 1852 110 41 gran
1732 1838 28 42 d
1793 1836 164 56 régime

337 1873 720 102 a
1084 1913 67 38 est
1178 1909 194 56 parfaite
1400 1924 58 28 au
1484 1910 128 55 point
1640 1911 54 41 de
1722 1923 86 29 vue
1835 1909 121 42 fonc-

334 2084 53 30 1
419 2030 53 45 24
508 2030 225 59 décembre.
776 2046 60 41 Le
874 2048 179 43 malade
1084 2052 135 40 étant
1258 2065 120 27 venu
1416 2065 55 27 en
1510 2049 319 52 consultation,
1870 2064 86 27 une

334 2084 87 100 110
421 2084 43 100 e
464 2084 67 100 e
565 2106 313 65 radiographie
912 2123 67 37 est
1005 2119 124 55 prise
1165 2120 77 55 qui
1274 2126 177 36 montre
1485 2121 254 53 nettement
1772 2120 62 41 les
1867 2121 87 39 for-

334 2154 43 34 n
379 2157 142 78 ns
546 2188 212 38 .osseuses
798 2187 108 43 dues
945 2203 91 27 aux
1073 2192 211 52 greffons,
1321 2191 199 54 formant
1558 2204 61 27 un
1657 2190 66 41 cal
1762 2203 190 41 presque

335 2225 483 43 COnt'

335 2225 179 54 Inu
542 2243 235 72 (voir
777 2243 509 72 radiographie
1286 2243 117 72 n°
1403 2243 197 72 2)..

385 2373 110 73 Dans
495 2373 156 73 Cette
678 2409 290 46 observation
992 2414 31 40 il
1048 2417 74 39 est
1140 2414 271 42 intéressant
1438 2414 54 41 de
1516 2416 130 37 noter
1671 2426 86 40 que
1782 2410 169 42 l'inter-

330 2446 185 57 ention
536 2481 27 28 a
590 2474 70 43 été
687 2482 237 55 pratiquée
952 2485 112 41 dans
1092 2499 60 27 un
1180 2484 116 42 délai
1322 2470 315 55 relativement
1665 2485 127 38 court
1820 2483 128 52 après

330 2503 39 47 la
400 2518 43 44 ^|
447 2540 158 51 essure,
643 2550 187 44 environ
865 2555 119 41 deux
1017 2554 121 64 mois
1138 2554 72 64 et
1210 2554 171 64 demi,
1411 2558 45 36 et
1490 2566 112 27 nous
1636 2566 31 40 y
1699 2564 141 28 avons
1875 2553 70 39 été

328 2587 38 72 a
366 2587 38 72 ,
404 2587 133 72 riSes
560 2625 83 40 par
665 2632 48 29 ce
738 2621 82 44 fait
846 2639 86 40 que
955 2625 44 42 la
1021 2624 312 56 radiographie
1361 2616 113 62 (voir
1496 2621 306 54 radiographie
1825 2627 53 35 n°
1902 2622 40 53 1)

324 2653 121 100 prise
466 2684 140 41 ayant
637 2687 341 51 l'intervention
1009 2711 55 27 ne
1095 2695 218 43 montrait
1346 2705 172 31 aucune
1550 2696 121 37 trace
1704 2689 54 43 de
1790 2705 154 28 conso-

324 2712 196 93 1011-
553 2751 83 47 Les
666 2761 139 54 plaies
835 2767 172 42 étaient
1037 2766 349 57 complètement
1417 2762 249 43 cicatrisées
1696 2761 156 57 depuis
1882 2776 62 27 un

292 2799 115 101 mois
407 2799 93 101 et
525 2818 60 46 a
587 2825 161 51 bsence
776 2836 54 42 de
857 2838 189 43 douleur
1070 2843 45 38 et
1142 2839 53 41 de
1221 2835 223 43 réactions
1470 2847 197 29 osseuses
1694 2847 58 28 au
1777 2833 165 42 niveau

319 2859 63 109 du
406 2874 125 82 fOYer
558 2895 55 43 de
641 2901 198 48 fracture
866 2922 114 29 nous
1008 2907 263 58 permettait
1300 2906 223 54 d'espérer
1550 2904 228 56 qu'aucun
1805 2905 136 42 réveil

319 2925 95 119 inf
414 2925 144 119 leux
587 2980 56 30 ue
674 2974 191 45 suivrait
894 2976 352 46 l'intervention.

403 3013 63 48 La
494 3038 329 50 consolidation
852 3050 64 55 au
916 3050 152 55 point
1097 3050 54 41 de
1180 3061 87 29 vue
1295 3046 342 56 physiologique
1666 3061 27 27 a
1721 3049 71 40 été
1820 3048 119 41 suffi-

316 3079 141 98 sante
457 3079 70 98 au
527 3079 144 98 bout
704 3115 54 42 de
790 3119 120 42 deux
940 3120 113 42 mois
1084 3133 114 43 pour
1227 3122 244 51 permettre
1502 3132 87 28 une
1610 3118 327 46 alimentation

316 3137 99 56 facil
445 3195 8 13 >
487 3181 47 30 ce
566 3180 79 51 qui
676 3198 26 27 a
733 3189 205 44 entraîné
969 3206 81 28 son
1080 3189 220 44 maintien
1332 3189 112 42 dans
1475 3188 40 43 le
1546 3189 168 43 service
1741 3192 134 42 armé.
