2366 3897
430 418 76 53 198
821 426 57 33 LA
901 424 346 37 RESTAURATION
1247 424 428 37 MAXILLO-FACIALE

520 514 84 42 Les
631 515 163 53 figures
821 521 104 44 1,2,
950 527 24 40 3
1000 520 45 37 et
1067 516 33 53 '4
1129 520 235 38 montrent
1378 502 77 55 un
1483 515 148 43 même
1663 530 89 36 cas,
1777 502 151 65 traité,
1953 514 108 52 figu-

433 599 70 28 res
538 597 22 28 1
593 589 46 38 et
672 598 39 37 2,
745 600 83 40 par
848 584 231 57 l'appareil
1079 584 64 57 à
1173 581 193 61 potence
1389 586 80 65 qui
1497 590 69 39 est
1589 586 143 42 décrit
1754 586 218 42 ci-dessus
2004 584 55 45 et,

392 674 7 6 •
433 656 164 54 figures
624 668 24 40 3
674 660 45 37 et
742 668 41 41 4,
806 670 84 41 par
914 656 237 56 l'appareil
1178 657 55 41 de
1259 640 133 58 force
1407 656 371 52 intermaxillaire
1793 670 96 42 par
1915 665 149 32 accro-

432 725 141 54 chage
600 727 79 41 des
707 728 306 42 caoutchoucs
1037 742 75 28 sur
1133 729 214 41 boutons.
1374 729 72 55 On
1466 732 112 51 peut
1605 742 47 29 se
1678 729 160 44 rendre
1866 728 193 53 compte,

1194 2491 76 41 FIG.
1270 2491 47 41 3.

438 2666 56 27 en
519 2657 270 51 comparant
815 2667 73 28 ces
914 2651 262 43 différentes
1200 2652 167 53 figures
1391 2652 81 54 qui
1489 2652 219 43 viennent
1734 2653 250 56 compléter
2006 2652 62 41 les

437 2722 301 55 explications
767 2738 88 40 que
884 2736 116 29 nous
1029 2736 144 37 ayons
1193 2723 198 41 données
1409 2722 102 57 plus
1531 2724 129 48 haut,
1684 2724 56 42 de
1753 2723 49 42 la
1829 2724 240 42 différence

439 2793 88 63 des,
553 2793 145 43 forces
734 2808 87 40 que
857 2793 94 42 l'on
969 2788 199 47 "-obtient
1204 2807 83 41 par
1322 2806 72 28 ces
1431 2794 121 41 deux
1587 2804 159 44 genres
1782 2791 285 58 d'appareils,

438 2863 247 42 construits
708 2864 97 42 l'un
825 2868 51 40 et
898 2863 167 42 l'autre
1089 2877 116 41 pour
1228 2877 63 27 un
1315 2864 148 41 même
1489 2877 88 36 cas,
1602 2863 117 43 mais
1744 2877 110 30 avec
1878 2861 192 58 lesquels

439 2946 59 28 on
521 2931 178 44 obtient
722 2935 80 41 des
822 2924 219 52 résultats
1062 2933 106 43 bien
1191 2933 249 43 différents.

524 3001 209 51 L'action
761 3005 55 42 de
843 3004 46 43 la
915 3009 194 51 potence
1137 3008 70 39 est
1234 2996 171 63 rapide,
1434 3004 34 42 il
1494 3005 79 55 n'y
1601 3019 27 28 a
1656 3019 176 29 aucune
1859 3009 128 52 perte
2015 3002 54 43 de

437 3074 137 47 force,
603 3076 47 38 et
677 3073 56 42 de
757 3075 102 54 plus
886 3075 82 43 elle
996 3090 57 28 ne
1079 3075 111 55 gêne
1218 3089 56 27 en
1301 3089 175 29 aucune
1502 3076 135 52 façon
1662 3075 108 44 les
1770 3075 299 44 mouvements

442 3146 56 42 de
523 3144 46 54 la
593 3143 308 57 mastication.
