2351 3873
468 437 77 40 170
860 438 55 28 LA
941 438 341 29 RESTAURA1ION
1309 437 407 29 MAXILLO-FACIALE

554 521 94 42 The
677 522 235 41 reduction
941 523 44 40 of
1013 522 78 42 the
1119 523 197 41 fracture
1343 522 82 41 has
1452 522 113 42 been
1594 522 284 43 undertaken
1905 522 45 41 in
1978 521 118 53 June

467 593 46 40 in
541 593 185 53 making
754 607 77 28 use
860 594 45 40 of
933 608 59 27 an
1019 593 363 54 intermaxillary
1410 594 134 48 force,
1574 593 63 54 by
1664 608 155 28 means
1848 594 45 41 of
1921 591 176 44 elastics

467 664 209 42 fastened
701 678 58 27 on
786 664 156 42 arches
968 664 156 43 armed
1149 664 111 41 with
1286 664 156 42 hooks.
1529 664 94 42 The
1650 678 123 28 same
1799 664 156 42 arches
1981 664 114 40 have

467 735 114 42 been
611 735 111 42 used
751 749 49 27 as
830 735 224 54 retaining
1084 739 263 50 apparatus.

554 806 94 42 The
669 807 226 41 wounded
915 820 92 28 was
1028 806 241 42 examined
1291 805 132 54 again
1445 805 46 41 in
1513 805 279 55 September,
1818 806 118 42 after
1956 817 141 30 remo-

468 878 107 53 ving
607 879 45 40 of
684 878 78 41 the
794 878 169 41 arches.

554 951 82 41 We
664 948 158 54 werify
850 949 103 40 that
983 948 78 42 the
1090 948 331 42 consolidation
1450 948 36 42 is
1515 949 224 53 complete
1768 949 92 41 and
1889 949 102 41 that
2022 946 75 42 the

468 1019 81 42 left
571 1020 226 52 fragment
819 1019 36 41 is
877 1019 241 54 obviously
1139 1019 215 42 deviated
1374 1024 48 36 to
1444 1019 78 41 the
1544 1019 141 53 right;
1708 1019 78 42 the
1808 1018 289 43 articulation

468 1089 36 42 is
530 1090 236 54 imperfect
794 1090 91 40 and
911 1089 78 42 the
1016 1089 236 42 reduction
1279 1089 63 54 by
1366 1090 182 41 manuel
1576 1103 204 40 pressure
1807 1090 36 41 is
1869 1086 228 58 impracti-

468 1160 139 42 cable.
696 1161 63 41 As
787 1174 64 28 we
882 1161 147 53 prefer
1056 1165 49 36 to
1134 1160 137 41 avoid
1299 1174 58 27 an
1387 1165 260 49 osteotomy
1675 1165 48 36 to
1752 1160 78 42 the
1859 1156 236 47 wounded,

467 1245 65 28 we
564 1235 199 50 attempt
795 1231 77 41 the
903 1231 250 56 prosthetic
1184 1231 236 42 reduction
1450 1231 111 41 with
1592 1231 77 42 the
1701 1231 162 53 sliding
1893 1235 125 50 tray;
2051 1240 46 29 as

468 1302 77 41 the
571 1302 233 42 deviation
828 1301 37 42 is
889 1301 83 42 but
998 1302 45 40 of
1068 1311 24 42 5
1119 1316 49 26 or
1192 1301 26 41 6
1241 1302 280 42 millimeters
1550 1302 90 54 (fig.
1668 1303 58 53 7).

557 1373 198 41 October
778 1372 122 51 15th,
928 1373 124 52 1918.
1146 1373 94 41 The
1273 1373 249 41 correction
1554 1374 45 40 of
1631 1373 78 41 the
1741 1372 291 42 articulation
2064 1369 34 40 is

470 1442 217 42 obtained
714 1457 48 27 as
790 1442 186 54 quickly
1002 1456 48 28 as
1078 1443 45 40 in
1151 1443 77 41 the
1256 1443 211 53 previous
1495 1443 327 41 observations.
1911 1443 70 41 On
2009 1440 89 43 this

469 1512 177 54 patient
668 1527 66 27 we
756 1513 117 41 have
896 1512 111 41 used
1028 1513 77 41 the
1132 1513 323 53 (demontable)
1481 1514 155 42 saddle
1660 1515 91 42 and
1772 1514 110 42 slide
1905 1513 83 41 bar
2009 1508 89 45 and

470 1583 77 41 the
576 1583 97 41 first
703 1587 250 49 apparatus
981 1583 73 40 led
1082 1582 77 42 the
1188 1579 225 45 wounded
1442 1588 48 36 to
1520 1598 26 27 a
1575 1584 330 41 consolidation
1935 1583 162 42 almost

468 1654 237 54 complete.
809 1652 119 55 Only
969 1652 77 42 the
1088 1652 224 55 necessity
1354 1654 44 40 of
1440 1654 68 41 his
1550 1656 175 41 sudden
1767 1655 242 54 departure
2051 1656 47 36 to

469 1723 180 53 Algeria
678 1737 58 26 on
765 1723 127 41 leave
923 1723 44 40 of
998 1723 360 50 convalescence,
1391 1725 179 54 obliged
1599 1740 52 28 us
1681 1731 47 36 to
1759 1725 140 55 apply
1928 1726 77 41 the
2036 1737 63 28 re-

469 1794 177 53 taining
678 1793 138 54 splint
850 1794 155 41 shown
1037 1794 143 42 below
1216 1794 90 55 (fig.
1343 1795 57 54 8).
