2342 3888
1084 260 42 39 X
1153 283 55 6 —
1235 271 23 38 3
1278 283 28 6 -
1325 271 105 41 19*9

348 356 708 162 Librairie
1138 416 296 80 Félix
1512 416 458 80 ALCAN
2070 346 56 186 l

730 531 99 45 108,
861 531 270 42 boulevard
1163 531 399 48 Saint-Germain,
1596 531 157 42 PARIS

908 622 200 60 Reoue
1150 624 76 58 de
1268 622 310 60 Médecine

542 703 157 24 Directeurs
713 710 6 15 :
736 702 60 24 MM.
810 702 41 25 les
868 704 178 24 Professeurs
1060 705 30 23 R.
1105 700 126 30 LÉPINE.
1247 704 219 30 correspondant
1480 705 33 23 de
1527 704 141 28 l'Institut;
1685 704 34 24 A.
1735 703 215 24 CHAUFFARD:

770 739 32 23 A.
824 739 130 28 PITRES;
981 740 74 23 G.-H.
1077 740 123 24 ROGER.
1221 741 26 22 L.
1265 740 163 23 VAILLARD
1451 741 26 22 et
1499 740 67 23 Jean
1589 735 126 28 LKPINE.

627 773 156 24 Rédacteur
798 779 34 18 en
847 774 63 24 chef
945 775 32 23 M.
993 775 68 23 JEàx
1075 770 126 28 LKPINE.
1215 787 29 5 -
1256 774 155 25 Secrétaire
1428 774 92 29 adjoint
1520 774 35 29 :
1578 775 33 23 M.
1630 775 25 23 le
1668 775 33 22 Dr
1716 775 31 23 R.
1763 775 101 23 DEBRÉ.

864 852 226 60 Reoue
1144 852 80 60 de
1268 850 376 74 Chirurgie

500 934 156 22 Directeurs
701 933 57 23 MM.
774 933 41 23 les
834 934 178 24 Professeurs
1032 936 29 22 E.
1077 930 121 32 QUÉNU.
1217 934 34 23 de
1273 932 138 25 l'Institut:
1431 934 31 24 P.
1479 934 131 28 DELBET,
1631 935 29 23 P.
1675 933 121 29 DUVAL,
1817 934 43 28 F.
1860 934 130 28 LEJARS,

755 969 28 22 L.
799 964 140 32 RÉRARD,
962 968 45 29 F.
1007 968 120 29 GROSS,
1149 969 30 24 E.
1200 968 142 28 FORGUE,
1342 968 53 28 A.
1395 968 160 28 DEMONS,
1577 970 31 23 0.
1622 969 114 24 JACOB.

616 1004 155 24 Rédacteur
785 1010 34 17 en
837 1004 53 24 chef
890 1004 33 24 :
938 1005 32 23 M.
986 1006 27 23 E.
1030 1001 121 31 QljfiNU.
1171 1004 154 25 Secrétaire
1340 1005 33 23 de
1389 1005 25 23 la
1429 1004 123 24 rédaction
1552 1004 37 24 :
1613 1006 32 22 M.
1661 1005 25 24 le
1701 1005 31 22 Dr
1746 1005 140 24 DELORE.

1092 1045 72 31 38*
1164 1045 127 31 année,
1291 1045 111 31 1918.

1064 1088 76 24 PRIX
1159 1088 236 23 D'ABONNEMENT
1395 1088 37 23 :

578 1127 77 25 Pour
673 1126 31 27 la
724 1128 100 25 Revue
843 1126 39 27 de
902 1127 160 28 Médecine
1246 1125 8 130 1
1440 1127 76 27 Pour
1535 1127 30 27 la
1583 1128 101 27 Revue
1704 1127 37 27 de
1763 1127 154 34 Chirurgie

431 1167 37 23 Un
483 1173 44 19 an,
544 1166 36 23 du
599 1169 35 20 l"
648 1167 114 29 janvier,
778 1166 273 28 P~ii,is.
1086 1168 46 23 20
1149 1168 32 22 fr.
1319 1168 40 22 Un
1374 1173 44 22 an,
1438 1167 163 27 Paris
1964 1168 47 24 30
2027 1166 36 24 fr.

432 1203 40 23 Un
491 1208 44 20 an,
554 1202 206 30 départements
777 1203 27 22 et
820 1203 231 28 élranger.
1086 1203 45 24 23
1150 1203 32 23 fr.
1320 1203 40 22 Un
1378 1209 43 21 an,
1439 1202 207 30 départements
1664 1203 28 23 et
1708 1202 223 29 étranger.
1966 1204 46 23 33
2028 1201 35 24 fr.

640 1237 35 23 La
692 1237 117 24 livraison
809 1237 36 24 :
864 1238 21 23 2
902 1238 103 24 francs.
1236 1250 7 8 -
1496 1238 37 23 La
1549 1237 116 24 livraison
1665 1237 36 24 :
1720 1239 22 23 3
1758 1238 101 24 francs.

431 1310 34 23 La
489 1309 87 24 Revue
602 1308 32 24 de
656 1308 140 25 Médecine
819 1315 15 17 a
861 1310 42 22 été
934 1308 191 31 interrompue
1149 1310 122 29 pendant
1299 1309 108 24 l'année
1431 1311 66 21 1917.
1526 1309 59 24 Elle
1607 1315 15 17 a
1647 1309 89 30 repris
1763 1309 25 24 le
1808 1313 37 20 1«
1865 1309 108 29 janvier
1997 1309 66 23 1918.

844 1345 35 23 La
897 1345 86 23 Revue
1004 1345 31 23 de
1053 1345 153 29 Chirurgie
1224 1346 39 22 n'a
1279 1351 50 23 pas
1347 1345 61 23 subi
1424 1344 224 30 d'interruption.

1602 1413 195 24 Viennent
1814 1415 46 22 de
1878 1413 188 29 paraître.

791 1471 443 61 Pathologie
1273 1472 93 50 de
1406 1471 300 52 Guerre

635 1543 99 50 du
777 1543 313 60 Larynx
1134 1548 72 45 et
1251 1542 94 51 de
1389 1543 73 50 la
1505 1543 358 51 Trachée

1039 1616 81 29 Par
1145 1616 108 31 B.-J.
1284 1615 185 31 MeURE

854 1663 164 24 Professeur
1034 1663 16 23 à
1068 1664 24 22 la
1109 1664 110 23 Faculté
1236 1664 34 22 de
1287 1663 141 24 Médecine
1445 1664 33 23 de
1497 1664 151 26 Bordeaux,

795 1699 69 23 Chef
878 1699 37 22 du
932 1700 96 22 centre
1046 1698 379 30 oto-rhino-laryngologique
1444 1699 33 24 de
1495 1699 26 23 la
1538 1701 39 21 ige
1595 1699 106 28 région.

654 1747 48 29 G.
730 1746 263 30 LIEBftULT
1544 1747 82 30 G.
1626 1747 193 30 eBNDYT

525 1793 106 24 Ancien
649 1793 110 24 interne
778 1794 49 24 des
844 1792 131 31 hôpitaux
992 1794 32 23 de
1041 1793 85 27 Paris,
1348 1793 104 25 Ancien
1470 1793 109 25 interne
1593 1794 47 23 des
1658 1793 127 31 hôpitaux
1803 1794 33 24 de
1853 1795 153 24 Bordeaux.

505 1828 70 24 Chef
594 1829 36 23 du
653 1829 96 23 centre
766 1827 374 31 olo-rhino-laryngologiquc
1420 1829 137 24 Assistant
1574 1828 362 32 d'oto-rhino-laryngologie

698 1864 33 23 de
748 1864 26 23 la
791 1866 40 20 11'
847 1863 104 30 région.
1516 1865 36 22 du
1569 1864 159 30 professeur
1743 1865 103 24 Moure.

432 1915 11 20 1
463 1912 52 23 fort
539 1912 108 23 volume
670 1912 87 28 grand
785 1911 65 23 in-8*
875 1917 66 18 avec
966 1913 42 22 128
1032 1917 132 23 gravures
1194 1912 69 22 dans
1290 1911 24 23 le
1337 1912 82 26 texte,
1446 1913 26 22 et
1495 1914 12 20 8
1530 1912 131 29 planches
1684 1918 34 17 en
1741 1912 128 24 couleurs
1899 1913 65 24 hors
1987 1913 81 23 texte,

476 1947 151 23 contenant
644 1949 26 21 17
688 1946 99 29 figures
1904 1949 44 23 27
1967 1948 35 23 fr.
2024 1945 44 25 50

440 2019 106 54 Les
591 2019 310 54 Fractures
943 2019 71 53 de
1056 2017 219 55 Guerre
1317 2021 74 52 du
1437 2018 316 54 Maxillaire
1797 2020 272 53 inférieur

1039 2095 55 28 par
1115 2089 28 28 le
1163 2089 36 27 D'
1220 2089 40 28 A.
1283 2088 183 29 HERPIN

697 2136 71 24 Chef
781 2136 33 23 de
832 2134 108 25 service
958 2135 33 24 de
1010 2134 191 30 stomatologie
1218 2136 33 23 de
1265 2135 25 24 la
1309 2138 38 21 18»
1362 2135 102 29 Région
1482 2135 109 30 (Centre
1610 2136 33 23 de
1660 2134 160 32 Bordeaux).

435 2180 11 20 1
462 2177 53 24 vol.
530 2176 66 25 in-So
610 2183 65 18 avec
690 2178 43 23 100
746 2182 132 25 gravures
891 2177 69 23 dans
973 2176 26 24 le
1014 2176 624 28 texte
1638 2176 313 28 4
1968 2178 37 25 fr.
2025 2176 45 22 40

440 2256 107 52 Les
585 2255 188 54 Plaies
810 2257 72 51 de
918 2253 219 55 Guerre
1174 2256 72 52 du
1286 2255 132 53 Pied
1458 2261 52 46 et
1547 2257 73 51 du
1658 2253 407 56 Cou-de-Pied

1071 2329 80 29 Par
1182 2329 46 30 E.
1261 2323 172 38 QUÉNU

1097 2373 121 23 Membre
1233 2373 33 23 de
1280 2373 139 25 l'Institut,

963 2408 163 25 Professeur
1143 2410 15 22 à
1174 2409 26 23 la
1216 2409 110 23 Faculté
1343 2410 35 23 de
1395 2409 150 24 Médecine.

438 2460 9 20 1
466 2458 54 23 fort
536 2457 53 24 vol.
607 2457 87 29 grand
712 2456 67 24 in-go
796 2462 67 18 avec
879 2458 43 22 477
941 2462 136 23 gravures
1094 2459 29 20 et
1138 2456 210 30 radiographies
1366 2457 69 23 dans
1452 2457 24 23 le
1495 2458 122 26 texte
1913 2460 42 22 16
1974 2459 31 23 fr.
2025 2455 44 25 50

764 2530 94 53 La
915 2523 414 75 Gangrène
1387 2528 358 58 Gazeuse

803 2617 60 28 par
883 2609 130 28 André
1031 2609 211 29 CHALIER
1265 2612 35 26 et
1318 2610 146 34 Joseph
1481 2610 210 29 CHALIER

1082 2650 137 23 Médecins
1235 2656 49 17 aux
1298 2651 123 24 Armées.

437 2691 33 30 1
470 2691 67 30 vol
537 2691 101 30 in-8»
638 2691 84 30 avec
722 2691 50 30 52
772 2691 152 30 gravures
924 2691 84 30 dans
1008 2691 50 30 le
1058 2691 101 30 texte
1926 2690 31 28 »
1957 2690 63 28 fr.
2020 2690 49 28 HO

1574 2767 193 25 Récentes
1791 2769 279 24 Publicatioulf.

488 2814 334 65 Méthode
857 2820 90 58 de
990 2814 442 62 Traitement
1470 2816 134 62 des
1648 2820 382 58 Fractures

712 2909 56 28 par
787 2903 129 27 Pierre
936 2902 194 34 DELBET,
1151 2901 187 28 Professeur
1360 2901 16 27 à
1396 2901 28 28 la
1445 2900 124 29 Faculté
1591 2901 36 28 de
1649 2901 162 29 Médecine.

604 2953 79 25 Tome
704 2955 19 22 V
743 2956 52 24 des
815 2955 122 24 Annales
960 2955 31 23 de
1012 2955 27 23 la
1060 2954 131 30 Clinique
1212 2954 184 29 chirurgicale
1416 2954 35 23 du
1472 2954 160 29 professeur
1654 2955 108 24 Pierre
1785 2955 127 24 Delbet.

443 2998 9 20 1
476 2993 54 34 tort
530 2993 66 34 vol.
611 2995 40 33 gr.
651 2995 41 33 in
708 2998 34 25 Ro,
758 3003 65 17 avec
843 2999 28 21 32
886 3001 131 24 gravures
1036 2996 68 23 dans
1125 2993 25 26 Je
1172 2996 70 22 texte
1263 2997 26 21 et
1303 2997 27 22 67
1350 2995 136 29 planches
1504 2995 65 23 hors
1590 2996 72 23 texte
1682 2997 151 22 contenant
1851 2998 42 22 159
1907 2991 123 35 gravures
2030 2991 42 35 cl

485 3023 456 29 radiographies
1972 3025 45 23 22
2034 3022 33 22 fr.

442 3074 37 23 D;
496 3078 32 17 LA
544 3072 126 23 MÉTHODE
687 3078 33 17 EN
737 3074 129 23 GÉNÉRAL.
881 3085 29 6 -
934 3073 162 23 FRACTURES
1113 3078 48 18 DES
1177 3078 111 20 JAMBES,
1308 3077 67 18 avec
1395 3072 24 23 le
1441 3078 136 17 concours
1595 3072 34 23 de
1656 3073 31 22 M.
1704 3073 28 22 J.
1750 3073 163 26 Marchak.
1932 3085 31 5 -
1985 3072 88 23 FRAC-

486 3108 86 17 TURES
585 3107 33 16 DE
631 3105 101 19 CUISSE.
732 3105 38 19 -
782 3103 160 24 FRACTURES
955 3109 33 16 DE
1003 3103 237 23 L'HUMÉRUS,avec
1254 3103 23 22 le
1292 3106 136 19 concours
1441 3102 33 23 de
1489 3100 66 25 MNI.
1555 3100 108 25 lwossé
1678 3104 27 21 et
1717 3103 144 24 Limare
1873 3115 29 5 -
1916 3102 156 24 FRACTUllES

487 3138 50 18 DES
555 3137 33 18 OS
606 3136 34 17 DE
657 3129 205 27 L'AVANT-BRAS.

494 3206 244 64 Précis
776 3206 286 64 résumé
1102 3210 90 60 de
1230 3206 366 76 Chirurgie
1634 3208 90 60 de
1760 3212 265 58 Guerre

858 3306 55 28 par
933 3300 34 28 J.
982 3301 32 27 et
1035 3299 38 28 P.
1090 3299 180 33 FIOLLE,
1286 3298 150 29 Médecins
1449 3298 56 28 des
1520 3297 139 30 Armées.

368 3345 19 190 [1
821 3340 111 24 Préface
956 3341 36 23 du
1015 3341 163 23 Professeur
1199 3341 28 22 D.
1249 3340 136 30 JACOB,
1408 3339 36 23 du
1468 3339 42 24 Va
1510 3339 85 24 I-de.
1595 3339 101 24 Gràce.

442 3375 152 101 1
594 3375 382 101 vol.
976 3375 458 101 in-16
1434 3375 152 101 2
1586 3375 305 101 fr.
1891 3375 232 101 20

440 3438 62 39 Les
502 3438 77 39 prix
579 3438 172 39 ci-dessus
762 3440 222 33 comprennent
1002 3437 30 30 la
1048 3436 195 40 majoration
1254 3431 54 62 de
1308 3431 126 62 guerre
1434 3431 144 62 décidée
1578 3431 72 62 par
1650 3431 54 62 le
1704 3431 163 62 Syndicat
1867 3431 72 62 des
1939 3431 185 62 Éditeurs.
