2408 3894
493 444 77 42 154
882 446 54 29 LA
965 447 336 29 RESTAURATION
1332 446 405 30 MAXILLO-FACIALE

493 530 179 55 quality
695 532 44 41 of
763 531 76 42 the
863 532 101 42 skin
987 533 45 40 of
1056 533 77 41 the
1157 546 96 28 arm
1277 532 36 41 is
1334 531 178 55 greatly
1533 531 184 42 inferior
1739 532 69 40 for
1831 532 77 41 the
1931 538 190 47 purpose

490 608 45 41 in
567 608 209 54 question
808 614 48 36 to
887 609 103 41 that
1021 609 45 41 of
1102 609 77 41 the
1214 608 138 55 scalp,
1383 609 150 41 whose
1569 608 107 55 only
1709 607 350 43 inconvenience
2088 601 34 41 is

491 685 102 41 that
622 685 35 41 it
686 690 169 37 cannot
883 686 55 41 be
967 685 184 55 applied
1179 690 48 36 to
1256 685 76 41 the
1361 684 162 43 female
1552 684 103 42 chin
1684 699 58 27 on
1771 688 193 38 account
1992 682 46 42 of
2065 679 57 41 its

491 762 319 54 hair-growing
843 762 313 56 propensities.

579 840 95 41 The
697 838 229 55 following
952 839 162 42 details
1139 838 44 41 of
1210 838 77 41 the
1312 852 100 27 case
1437 838 123 41 show
1585 839 78 41 the
1686 837 184 43 various
1894 834 230 58 operative

493 920 175 50 stages:

583 1077 217 42 Heinrich
823 1077 91 49 S.,
932 1076 203 55 prisoner
1160 1077 44 40 of
1229 1090 106 35 war,
1362 1076 178 55 private
1565 1076 47 41 in
1637 1076 78 42 the
1743 1080 67 37 ist
1836 1075 219 54 regiment
2081 1067 42 45 of

496 1147 300 42 Pomeranian
820 1147 272 54 grenadiers,
1117 1161 92 28 was
1234 1151 99 38 sent
1358 1147 71 41 for
1452 1146 307 42 consultation
1784 1151 48 37 to
1857 1159 82 28 our
1961 1138 164 62 special

495 1222 152 38 centre
677 1219 70 40 for
776 1219 98 41 face
905 1232 124 28 cases
1060 1232 57 27 on
1149 1218 199 42 October
1380 1218 108 41 ioth
1521 1218 124 53 1918.
1736 1219 120 40 Date
1887 1217 45 41 of
1961 1210 166 48 wound

495 1289 244 42 unknown.
831 1289 70 41 He
931 1289 183 42 showed
1143 1288 234 42 extensive
1406 1287 278 49 mutilation,
1717 1287 246 54 consisting
1993 1287 45 40 in
2061 1299 6 27 :

585 1371 47 35 1°
650 1366 204 41 Absence
882 1365 45 42 of
955 1365 78 42 the
1060 1365 144 42 whole
1233 1365 45 41 of
1306 1365 77 41 the
1410 1363 170 44 frontal
1608 1364 181 55 portion
1818 1365 44 40 of
1891 1365 77 41 the
1995 1363 133 42 lower

495 1436 89 53 jaw
608 1437 92 40 and
724 1436 303 53 surrounding
1052 1436 163 41 tissues
1243 1435 134 54 (chin,
1403 1435 136 42 lower
1560 1435 79 55 lip,
1665 1436 121 53 etc.).

588 1512 49 35 2°
656 1506 296 42 Destruction
989 1506 45 40 of
1070 1506 78 41 the
1186 1505 113 41 floor
1334 1505 45 40 of
1414 1505 79 43 the
1527 1506 165 42 mouth
1714 1506 92 41 and
1828 1505 77 43 the
1929 1503 198 44 anterior

496 1577 182 55 portion
696 1578 45 40 of
759 1578 78 40 the
855 1582 183 48 tongue,
1058 1577 77 40 the
1153 1576 139 41 latter
1309 1576 200 54 showing
1527 1591 26 28 a
1571 1576 315 55 considerably
1903 1572 226 47 retracted

497 1652 178 50 stump;

586 1723 49 46 30
655 1716 297 42 Destruction
992 1717 45 40 of
1078 1717 78 41 the
1196 1717 299 55 supra-hyoid
1535 1732 141 36 areas,
1718 1719 77 42 the
1835 1718 141 55 hyoid
2014 1719 115 41 bone

496 1787 122 42 itself
650 1786 134 54 being
817 1788 196 41 reduced
1045 1792 47 36 to
1126 1802 26 27 a
1184 1787 131 43 small
1347 1788 124 55 bony
1502 1803 121 28 mass
1655 1789 218 54 resulting
1904 1789 117 42 from
2054 1788 76 42 the

497 1857 150 42 fusion
674 1858 45 41 of
746 1872 26 27 a
798 1858 85 41 few
910 1857 212 55 splinters
1147 1859 91 40 and
1265 1858 168 55 having
1460 1874 57 27 no
1545 1860 384 55 antero-superior
1954 1859 177 43 attach-

500 1933 140 37 ment.

558 1998 94 42 The
691 1999 164 41 mouth
892 2013 92 27 was
1024 2000 307 42 transformed
1369 1999 98 42 into
1506 2016 27 26 a
1572 2001 118 54 huge
1729 2000 403 55 antero-posterior

498 2068 171 56 cavity,
711 2069 117 42 from
868 2069 149 42 which
1057 2070 78 42 the
1176 2070 143 42 saliva
1363 2071 161 42 flowed
1557 2071 290 55 incessantly.
1950 2071 182 43 Patient

499 2139 136 42 could
656 2139 109 56 only
786 2140 55 42 be
864 2140 76 42 fed
962 2140 200 55 through
1184 2156 26 27 a
1232 2142 124 41 tube.
1441 2141 173 56 Speech
1635 2157 92 27 was
1749 2141 274 55 impossible.

585 2211 72 54 By
687 2210 166 56 special
883 2211 268 55 permission
1181 2212 118 42 from
1331 2213 77 41 the
1441 2212 208 42 Director
1680 2213 45 41 of
1757 2213 78 41 the
1868 2212 177 43 Service
2078 2211 53 42 de

500 2282 140 42 Sante
658 2296 67 29 we
744 2296 115 29 were
880 2282 190 43 allowed
1090 2288 47 37 to
1158 2283 147 42 retain
1326 2283 77 42 the
1425 2283 180 54 patient
1627 2284 70 40 for
1717 2288 249 38 treatment
1987 2288 48 37 at
2056 2282 76 42 the

501 2357 167 38 centre.

589 2430 120 42 First
742 2430 238 56 operation.
1017 2431 198 42 October
1250 2431 108 41 18th
1394 2431 124 54 1918.

591 2508 47 35 i°
656 2503 107 41 Two
790 2501 147 56 pieces
963 2502 45 41 of
1035 2502 100 42 skin
1161 2516 114 29 were
1302 2503 215 41 removed
1542 2501 117 42 from
1686 2502 77 41 the
1790 2501 119 54 right
1936 2503 92 41 and
2052 2500 81 43 left

501 2572 200 55 margins
745 2572 301 55 respectively
1091 2573 44 41 of
1182 2572 77 42 the
1305 2571 190 54 original
1539 2572 247 42 traumatic
1831 2571 209 56 opening,
2087 2584 47 28 as

503 2643 155 41 shown
678 2643 46 42 in
747 2644 72 55 fig.
844 2656 45 37 2;
913 2643 117 42 their
1050 2648 77 37 cut
1148 2644 199 40 surfaces
1366 2656 114 29 were
1501 2644 167 40 turned
1687 2643 208 42 outward
1914 2643 92 41 and
2025 2642 110 53 they

502 2727 115 29 were
643 2715 190 41 sutured
859 2728 83 28 one
970 2718 47 37 to
1046 2714 77 42 the
1151 2713 131 42 other
1307 2713 46 41 in
1380 2713 77 42 the
1484 2714 183 42 median
1693 2713 88 43 line
1812 2714 92 55 (fig.
1934 2714 58 54 3).
2081 2713 54 40 In

504 2784 91 41 this
616 2799 103 40 way
740 2800 26 26 a
786 2784 274 43 foundation
1082 2784 45 41 of
1150 2788 249 38 cutaneous
1422 2783 138 43 tissue
1582 2799 91 27 was
1694 2784 176 42 formed
1892 2789 47 36 to
1961 2784 175 54 replace

506 2853 85 43 thei
606 2854 112 42 floor
738 2855 45 41 of
804 2855 78 42 the
903 2856 177 42 mouth.

593 2935 49 36 20
660 2932 39 39 A
729 2932 393 55 double-pedicled
1150 2932 114 55 strip
1291 2946 93 28 was
1412 2936 77 38 cut
1518 2932 117 44 from
1665 2932 77 42 the
1771 2931 119 55 right
1919 2930 217 56 pre-auri-

505 2999 124 41 cular
653 3002 153 53 region
830 3007 48 38 to
903 3004 77 42 the
1004 3003 96 50 left,
1121 3003 182 55 passing
1321 3017 107 28 over
1452 3003 77 42 the
1554 3008 81 49 top
1660 3004 44 41 of
1723 3003 77 42 the
1824 3002 139 50 skull;
1988 3002 36 42 it
2045 3015 92 29 was

509 3082 54 39 30
588 3084 85 28 cm.
700 3071 46 42 in
769 3073 172 54 length,
960 3074 26 40 6
1011 3088 84 28 cm.
1113 3075 46 40 in
1184 3088 190 39 average
1395 3074 157 49 width,
1573 3075 91 41 and
1690 3086 25 41 7
1740 3088 85 27 cm.
1852 3073 46 40 in
1922 3073 143 41 width
2090 3077 47 37 at

508 3140 78 41 the
611 3145 160 39 vertex
801 3144 90 56 (fig.
920 3146 59 53 4).
1067 3146 93 41 The
1186 3145 101 42 skin
1312 3159 91 27 was
1430 3144 273 55 completely
1728 3144 224 42 detached
1976 3147 161 51 except

508 3216 48 37 at
582 3210 59 41 its
666 3216 90 36 two
789 3216 293 49 extremities,
1109 3217 91 40 and
1234 3216 111 41 then
1380 3216 167 41 turned
1578 3216 132 40 down
1739 3215 118 41 from
1888 3216 77 40 the
2001 3216 139 41 latter

506 3282 90 44 like
629 3283 79 42 the
736 3283 105 42 chin
877 3291 126 52 strap
1041 3288 46 41 of
1126 3300 26 27 a
1184 3287 169 42 helmet
1385 3286 90 42 and
1505 3287 200 42 inserted
1734 3286 45 41 in
1812 3285 78 42 the
1931 3284 126 55 place
2093 3283 44 42 of
