2345 3885
509 570 306 46 Contribution
846 574 46 50 to
925 571 74 45 the
1031 571 131 56 study
1192 572 45 43 of
1267 571 74 45 the
1369 571 324 45 maxillo-facial
1725 562 256 66 prothesis.

420 818 270 70 Device
755 818 117 70 for
936 818 126 70 the
1128 816 468 90 mechanical

860 970 518 71 mobilisation
1436 972 92 68 of
1570 994 40 47 a
1668 962 391 102 splinter

1103 1146 72 28 BY
1191 1146 180 30 MESSRS.

592 1242 131 41 PAUL
752 1239 291 50 HOUSSET,
1351 1240 54 40 R.
1438 1239 438 48 WALLIS-DAVY,

514 1320 155 42 Military
686 1322 154 38 dentists,
856 1320 170 31 Members
1043 1320 39 30 of
1094 1320 59 30 the
1169 1320 172 40 Teaching
1358 1320 79 30 staff
1452 1320 40 30 of
1492 1320 69 30 the
1576 1320 101 41 Paris
1685 1320 123 30 Dental
1824 1321 128 30 school.

633 1375 135 30 Section
788 1374 39 31 of
840 1384 140 30 surgery
995 1374 71 29 and
1076 1373 256 31 maxillo-facial
1348 1374 169 40 prothesis
1534 1373 39 30 of
1586 1374 58 29 the
1660 1373 57 30 8th
1733 1374 106 40 Army

849 1424 123 42 (Chief
986 1427 40 30 of
1038 1427 58 30 the
1114 1427 156 30 Section:
1290 1427 43 30 M.
1353 1426 40 30 A.
1413 1427 45 29 M.
1477 1426 148 40 ApARD).

503 1750 353 40 OBSERVATION.
856 1750 54 40 —
910 1750 246 40 Wounded
1191 1751 97 44 D.,
1333 1762 47 27 21
1425 1762 122 39 years
1586 1751 83 44 old,
1716 1755 141 35 enters
1892 1750 44 40 in
1977 1748 73 40 the

421 1814 159 53 service
604 1814 114 51 eight
741 1814 107 51 days
872 1815 110 38 after
1004 1814 125 51 being
1152 1815 215 46 wounded,,
1367 1815 87 46 on
1478 1816 73 39 the
1574 1817 105 48 27th
1703 1816 104 51 July
1829 1816 118 51 1918.

500 1880 197 40 Presents
728 1894 25 25 a
782 1879 290 43 comminuted
1103 1881 184 39 fracture
1317 1880 69 57 by
1408 1880 104 40 shell
1542 1880 177 51 splinter
1748 1881 44 38 of
1823 1881 73 39 the
1926 1881 128 38 lower

419 1943 207 41 maxillar.
1383 1928 6 65 ,
1488 1925 6 3 -

496 2007 101 39 This
620 2008 185 39 fracture
827 2007 35 39 is
885 2008 167 45 double,
1078 2008 212 47 bilateral;
1314 2009 35 39 it
1372 2010 240 51 corresponds
1612 2010 61 51 :
1700 2013 44 35 to
1770 2010 73 39 the
1868 2008 110 52 right
2002 2012 44 35 to

419 2087 63 37 5.4
502 2072 23 53 I,
557 2076 45 35 to
632 2073 74 39 the
733 2072 76 40 left
850 2077 44 35 to
931 2073 33 54 I
964 2073 68 54 u.
1117 2075 89 39 The
1246 2080 170 40 osseous
1457 2074 135 43 tables
1634 2086 70 27 are
1745 2075 222 51 separated
2006 2075 44 38 at

416 2137 72 39 the
516 2138 79 39 end
622 2138 60 39 of
693 2139 113 45 each,
835 2139 209 50 fragment
1072 2139 85 39 and
1181 2151 227 29 numerous
1434 2139 123 40 small
1582 2138 198 51 splinters
1805 2136 111 43 have
1940 2140 106 38 been

415 2202 91 52 proj
514 2201 120 42 ected
656 2202 43 43 in
723 2203 84 40 this
831 2216 137 39 space.

496 2268 38 39 A
556 2267 114 53 large
693 2270 154 39 wound
871 2262 45 46 of
939 2269 73 39 the
1035 2269 110 46 chin,
1173 2273 43 36 at
1242 2270 74 42 the
1339 2268 124 51 right,
1490 2268 332 41 communicates
1846 2267 104 41 with
1975 2267 73 39 the

417 2336 90 37 seat
528 2334 44 38 of
593 2334 73 38 the
685 2335 203 39 fracture:
913 2334 72 39 the
1006 2334 134 40 saliva
1162 2336 117 38 flows
1300 2334 266 50 abundantly
1588 2334 184 50 through
1803 2333 74 39 the
1909 2332 142 39 orifice

418 2398 84 39 and
533 2399 73 39 the
636 2398 281 52 suppuration
946 2398 36 39 is
1013 2400 221 39 abundant
1266 2399 99 39 also.

501 2517 62 38 On
592 2516 151 51 feeling
771 2517 61 38 the
862 2517 110 48 floor,
1006 2517 63 39 the
1095 2514 187 54 presence
1311 2516 43 49 of
1381 2529 55 26 an
1466 2507 288 58 intermediary
1780 2515 205 51 fragment
2014 2513 38 39 is

419 2580 248 40 established.
749 2581 47 39 It
821 2581 37 39 is
885 2581 235 39 constituted
1149 2581 48 49 by
1223 2581 62 38 the
1314 2568 150 52 basilar
1490 2581 95 50 edge
1610 2580 83 39 and
1718 2593 26 26 a
1769 2592 91 37 very
1885 2576 168 43 reduced

416 2638 105 55 part,
549 2645 228 50 lamellated,
777 2645 77 50 of
876 2646 63 40 the
962 2646 136 40 tables.
1181 2645 101 39 This
1307 2646 96 50 long
1426 2645 171 51 splinter
1621 2645 72 39 has
1718 2645 143 39 turned
1883 2648 57 47 up
1967 2641 83 42 and

420 2706 36 39 is
483 2712 179 50 strongly
688 2712 140 38 drawn
857 2710 229 40 backwards
1111 2711 82 39 and
1216 2710 248 39 downwards
1493 2710 48 50 by
1566 2710 62 39 the
1652 2709 192 51 lowering
1867 2710 183 42 muscles,

421 2771 70 64 the,
513 2775 116 39 lower
659 2776 94 51 edge
785 2776 73 39 has
894 2776 149 39 become
1074 2776 62 39 the
1167 2780 66 47 top
1266 2775 105 50 edge,
1407 2775 61 38 the
1501 2771 173 60 external
1674 2771 136 60 table
1840 2787 118 27 nears
1991 2772 62 40 the

420 2835 230 44 horizontal.

504 2901 190 53 Through
721 2906 62 38 the
810 2905 179 53 opening
1016 2906 41 49 of
1082 2905 62 42 the
1172 2898 94 46 chin
1292 2906 146 38 wound
1464 2905 62 39 the
1552 2904 111 51 right
1689 2908 132 47 upper
1847 2904 88 45 end,
1965 2901 87 42 laid

425 2964 91 39 bare
538 2978 52 26 on
612 2979 24 26 a
657 2970 120 38 small
796 2970 160 50 surface,
956 2970 72 50 is
1049 2970 154 46 visible.

502 3029 101 39 This
632 3033 77 38 end
736 3033 37 39 is
801 3048 108 26 more
936 3035 150 49 farther
1112 3034 106 50 from
1251 3034 63 39 the
1343 3034 313 52 corresponding
1683 3033 142 46 lateral
1851 3033 202 51 fragment

419 3094 98 39 than
536 3093 63 39 the
617 3096 69 48 left
706 3100 75 37 end
801 3099 37 39 is
857 3100 105 49 from
981 3100 61 40 the
1061 3100 200 51 fragment
1282 3099 42 50 of
1342 3100 61 39 the
1423 3112 110 27 same
1552 3100 108 44 side.:
1679 3099 61 40 the
1770 3099 190 40 intervals
1986 3109 66 28 are

422 3160 108 49 filled
551 3159 96 39 with
666 3160 178 53 fungous
867 3166 155 39 tissues.
1123 3165 161 40 Behind
1306 3165 62 46 the
1389 3165 181 51 splinter,
1596 3169 38 35 to
1656 3164 62 40 the
1746 3163 118 52 right,
1890 3164 104 40 there
2016 3162 36 40 is

420 3240 26 27 a
467 3226 96 50 deep
588 3224 235 44 decollation
846 3230 142 51 giving
1010 3231 120 39 outlet
1150 3235 37 34 to
1210 3230 63 39 the
1293 3234 92 48 pus.

478 3327 45 40 (1)
544 3326 60 30 See
621 3325 58 30 the
696 3324 218 35 illustrations
929 3341 87 30 page
1035 3331 54 30 181
1109 3331 67 29 and
1193 3331 192 40 following.
