2342 3903
436 444 79 30 202
823 443 59 29 LA
908 442 334 30 RESTAURATION
1272 435 403 40 MAXILLO-FACiALE

488 530 232 36 Difformité
735 531 49 35 de
797 530 40 35 la
853 530 89 35 face
959 541 74 34 par
1049 526 241 39 blessure
1290 526 269 39 MORESTIN
1583 529 98 46 (H.).
1700 551 53 4 -
1771 530 232 36 Difformité
2023 529 48 35 de

436 585 75 39 par
536 579 118 34 balle.
683 578 266 35 Destruction
976 579 50 33 de
1051 578 177 35 l'arcade
1280 577 40 35 la
1339 577 89 35 face
1447 588 74 34 par
1540 578 180 34 blessure
1739 589 74 34 par
1832 579 118 35 balle.
1972 579 97 33 Des-

436 626 300 45 zygomatique.
765 625 203 34 Profonde
995 625 233 45 dépression
1280 624 183 34 truction
1488 627 52 32 de
1567 625 177 35 l'arcade
1770 626 298 45 zygomatique.

435 672 362 46 temporo-faciale.
852 672 133 34 Greffe
1035 672 192 44 adipeuse
1281 671 204 35 Profonde
1529 672 233 44 dépression
1806 670 264 48 temporo-fa-

440 720 66 43 (H.
529 720 239 42 MORESTIN,
792 719 105 33 Bull,
922 722 33 30 et
975 718 122 34 Mém.
1122 719 43 33 de
1187 718 39 34 la
1280 718 111 35 ciale.
1409 717 133 36 Greffe
1555 719 193 44 adipeuse
1765 719 119 44 (Bull.
1896 718 64 36 et
1960 718 107 36 Mém.

438 767 95 36 Soc.
550 767 43 33 de
621 766 122 44 Chir.,
772 774 48 35 30
846 766 222 34 novembre
1095 764 129 45 1915).
1280 765 43 33 de
1348 765 39 33 la
1413 765 83 33 Soc.
1524 766 43 33 de
1594 765 121 44 Chir.,
1743 777 49 32 30
1816 777 94 23 nov.
1941 762 127 46 1915)-

488 883 282 35 Présentation
792 883 98 35 d'un
910 883 130 38 blessé
1058 885 167 43 porteur
1329 883 178 33 MARION
1555 882 93 46 (G.).
1690 904 53 4 -
1785 882 284 37 Présentation

438 930 121 36 d'une
575 933 118 32 vaste
709 933 114 42 perte
841 932 49 35 de
906 931 218 34 substance
1141 940 83 24 cra-
1281 929 98 35 d'un
1418 929 129 38 blessé
1586 933 168 42 porteur
1793 931 143 35 d'une
1953 930 117 35 vaste

438 978 146 34 nienne
606 977 164 49 réparée
794 989 52 23 au
869 988 149 35 moyen
1042 979 50 33 de
1115 977 111 34 côtes
1279 979 116 42 perte
1428 979 50 33 de
1511 977 219 35 substance
1764 979 216 34 cranienne
2012 974 57 35 ré-

441 1024 86 44 (G.
527 1024 196 44 MARION,
756 1025 106 33 Bull.
894 1028 34 29 et
956 1025 123 33 Mém.
1113 1024 42 33 de
1187 1024 38 32 la
1279 1023 121 45 parée
1425 1036 52 22 au
1502 1035 148 34 moyen
1676 1026 50 33 de
1751 1025 111 35 côtes
1891 1024 122 46 (Bull.
2038 1022 34 32 et

437 1072 84 33 Soc.
546 1072 43 33 de
614 1071 121 43 Chir.,
761 1081 21 34 7
806 1071 211 41 décembre
1042 1071 128 44 1915).
1279 1070 122 34 Mém.
1425 1072 43 32 de
1489 1072 39 32 la
1550 1071 83 34 Soc.
1657 1072 44 33 de
1725 1072 121 44 Chir.,
1871 1082 21 34 7
1914 1072 154 35 décem-

877 1124 43 29 *
1043 1124 13 3 -.
1280 1118 71 33 bre
1372 1118 128 44 1915).

486 1224 253 35 Traitement
795 1225 69 34 des
920 1224 198 36 blessures
1174 1226 50 33 de
1330 1224 99 33 ROY
1455 1224 82 45 (M.)
1564 1227 42 31 et
1626 1225 252 32 MARTINIER
1904 1224 91 45 (P.).
2016 1239 51 7 -

436 1282 139 34 guerre
600 1273 49 34 de
672 1271 40 35 la
728 1271 144 45 région
896 1272 328 35 maxillo-faciale
1277 1271 254 35 Traitement
1551 1272 70 34 des
1640 1272 200 34 blessures
1860 1272 50 34 de
1930 1278 139 38 guerre

441 1320 66 43 (M.
537 1319 99 33 Roy
664 1316 47 37 et
711 1316 64 37 P.
804 1319 262 42 MARTINIER,
1096 1319 127 33 Odon-
1252 1320 76 33 de
1349 1319 41 34 la
1412 1318 143 44 région
1555 1318 348 44 maxillo-faciale
1928 1318 141 45 (Odon-

435 1366 150 44 tologie,
634 1365 212 36 décembre
893 1376 110 33 1915,
1050 1366 171 43 janvier,
1276 1365 151 44 tologië,
1451 1365 212 35 décembre
1687 1375 110 34 1915,
1819 1365 172 44 janvier,
2013 1361 56 35 fé-

435 1413 158 43 février,
644 1424 119 32 mars,
815 1413 113 43 avril,
978 1413 76 43 mai,
1120 1413 101 43 juin,
1277 1413 118 41 vrier,
1418 1423 120 32 mars,
1561 1412 114 43 avril,
1698 1413 94 43 mai,
1814 1413 101 43 juin,
1937 1410 135 47 juillet

436 1459 134 45 juillet
595 1459 407 49 1916).
1002 1459 408 49 1916).

488 1570 252 46 Réparation
786 1570 161 38 tardive
993 1571 51 34 de
1088 1573 135 43 pertes
1329 1570 155 34 ESTOR.
1523 1591 53 3 -
1616 1570 253 46 Réparation
1907 1569 161 37 tardive

437 1629 185 26 osseuses,
635 1619 50 33 de
700 1618 42 33 la
760 1618 123 33 voûte
900 1617 214 34 crânienne
1131 1628 92 23 con-
1279 1618 50 33 de
1352 1619 135 42 pertes
1511 1629 181 23 osseuses
1717 1620 50 33 de
1783 1619 41 33 la
1840 1619 127 33 voûte
1985 1626 82 24 cra-

436 1663 190 36 sécutives
626 1663 57 36 à
704 1665 41 33 la
766 1663 262 47 trépanation
1054 1663 167 44 (ESTOR,
1278 1663 146 35 nienne
1453 1665 279 34 consécutives
1761 1664 23 34 à
1812 1665 41 34 la
1879 1665 189 44 trépana-

436 1712 105 33 Bull.
570 1715 34 30 et
628 1711 123 34 Mém.
780 1710 42 34 de
850 1710 39 33 la
915 1710 84 34 Soc.
1029 1711 42 33 de
1101 1711 121 43 Chir.,
1278 1710 89 34 tion
1399 1710 120 45 (Bull.
1551 1716 33 30 et
1612 1712 122 34 Mém.
1767 1713 43 32 de
1840 1712 39 33 la
1909 1712 84 34 Soc.
2025 1708 42 36 de

440 1769 47 33 14
509 1758 212 35 décembre
744 1757 130 45 1915).
1281 1757 122 45 Chir.,
1432 1769 46 33 14
1501 1759 212 34 décembre
1737 1759 130 45 1915).

488 1875 75 34 Les
608 1873 368 46 transplantations
1024 1875 198 44 cartilagi-
1328 1872 226 39 MCIRESTIN
1573 1875 224 53 (H.).—Les
1797 1875 224 53 transplan
2021 1875 46 53 -

435 1932 143 24 neuses
607 1921 235 44 appliquées
871 1920 23 34 à
922 1921 41 34 la
991 1921 232 45 réparation
1276 1922 155 35 tations
1448 1923 329 44 cartilagineuses
1793 1923 236 45 appliquées
2045 1918 23 35 à

437 1969 69 33 des
543 1969 171 43 grandes
750 1970 134 42 pertes
921 1969 49 33 de
1007 1969 217 34 substance
1275 1969 42 34 la
1334 1969 233 45 réparation
1587 1971 79 43 des
1666 1971 180 43 grandes
1864 1973 136 42 pertes
2019 1969 49 33 de

435 2014 187 35 latérales
663 2016 54 33 du
755 2014 226 35 maxillaire
1014 2015 207 35 inférieur,
1277 2016 219 38 substance
1529 2017 188 34 latérales
1754 2019 54 33 du
1844 2015 225 36 maxillaire

436 2062 81 34 Des
543 2060 233 36 conditions
797 2072 165 34 propres
988 2060 23 36 à
1039 2072 48 24 en
1113 2074 109 23 assu-
1276 2062 203 45 inférieur.
1502 2064 82 34 Des
1606 2064 230 35 conditions
1857 2073 166 35 propres
2044 2059 23 34 à

436 2119 62 23 rer
518 2108 37 35 le
576 2109 149 34 succès.
750 2108 382 36 L'immobilisation
1154 2112 69 33 des
1278 2116 49 28 en
1349 2121 158 24 assurer
1527 2111 37 33 le
1585 2111 149 34 succès.
1758 2110 310 35 L'immobilisa-

436 2155 223 39 mâchoires
688 2167 74 34 par
790 2156 211 45 l'appareil
1030 2155 24 36 à
1083 2157 141 44 loquet
1276 2157 90 34 tion
1386 2159 70 40 des
1476 2157 231 35 mâchoires
1720 2169 74 34 par
1813 2156 211 46 l'appareil
2044 2152 24 35 à

440 2201 66 45 (H.
528 2203 239 44 MORESTIN,
791 2203 105 33 Bull.
920 2207 33 29 et
973 2204 122 34 Mém.
1119 2205 43 33 de
1184 2204 39 33 la
1275 2204 143 44 loquet
1442 2204 119 44 (Bull.
1586 2208 34 30 et
1640 2205 122 33 Mém.
1787 2205 44 35 de
1853 2204 48 34 la
1901 2204 98 34 Soc.
2024 2201 43 34 de

437 2249 84 34 Soc.
551 2250 43 34 de
624 2250 120 44 Chir.,
776 2261 44 23 21
852 2250 211 36 décembre
1092 2251 128 45 1915).
1280 2250 120 45 Chir.,
1427 2261 45 24 21
1499 2251 212 35 décembre
1736 2252 128 44 1915).

486 2369 76 34 Les
608 2368 368 46 transplantations
1022 2369 232 44 cartilagi-
1326 2368 227 34 MORESTIN
1571 2367 129 47 (H.).
1700 2367 43 47 -
1743 2367 86 47 Les
1829 2367 237 47 transplan-

436 2425 141 26 neuses
605 2416 234 45 appliquées
866 2415 23 35 à
916 2416 40 34 la
981 2416 241 34 reconstitu-
1275 2416 156 40 tations
1468 2416 328 43 cartilagineuses
1833 2414 234 47 appliquées

435 2462 88 34 tion
549 2464 56 34 du
631 2463 226 35 maxillaire
886 2461 66 44 (H.
981 2463 239 43 MORESTIN,
1276 2461 25 35 à
1333 2463 41 34 la
1406 2463 329 33 reconstitution
1748 2463 61 44 du
1843 2461 224 36 maxillaire

436 2509 104 34 Bull.
569 2514 34 30 et
628 2510 122 34 Mém.
777 2510 45 33 de
849 2510 39 33 la
914 2510 84 33 Soc.
1028 2510 42 32 de
1099 2509 121 44 Chir.,
1281 2509 119 44 (Bull.
1427 2513 33 30 et
1483 2509 123 33 Mém.
1632 2510 43 33 de
1700 2510 39 32 la
1763 2509 85 34 Soc.
1874 2510 43 33 de
1944 2508 121 40 Chir.,

437 2556 47 33 28
509 2557 211 35 décembre
747 2556 493 45 1915).
1277 2556 48 34 28
1349 2556 213 35 décembre
1586 2556 128 45 1915).

485 2672 255 37 Mutilations
773 2675 157 35 nasales
962 2685 74 34 par
1067 2674 154 45 projec-
1326 2673 228 34 MORESTIN
1592 2672 99 46 (H.).
1724 2694 53 3 -
1808 2673 258 36 Mutilations

434 2718 91 35 tiles
548 2722 55 43 de
603 2722 167 43 guerre.
797 2723 154 44 Quatre
973 2732 66 25 cas
1063 2723 48 33 de
1134 2723 87 34 des-
1275 2720 158 35 nasales
1464 2731 74 34 par
1568 2720 231 45 projectiles
1832 2722 49 34 de
1912 2729 152 36 guerre.

434 2767 180 39 truction
635 2771 49 33 de
704 2770 40 34 la
764 2769 381 44 partie.supérieure
1167 2770 54 33 du
1276 2768 154 43 Quatre
1466 2777 67 25 cas
1569 2769 49 34 de
1654 2768 253 35 destruction
1943 2769 49 34 de
2026 2766 41 33 la

434 2815 232 44 nezjtraités
682 2825 75 35 par
773 2816 40 35 la
829 2815 265 45 rhinoplastie
1111 2816 110 34 selon
1274 2815 133 43 partie
1424 2814 230 45 supérieure
1671 2816 54 33 du
1743 2826 72 23 nez
1832 2815 144 34 traités
1993 2821 73 37 par

433 2858 41 34 la
493 2860 192 37 méthode
704 2863 190 34 indienne
915 2873 104 24 avec
1035 2862 185 35 addition
1273 2862 41 33 la
1350 2861 266 45 rhinoplastie
1652 2862 111 33 selon
1798 2862 40 34 la
1873 2861 192 35 méthode

436 2906 49 33 de
514 2908 160 34 tuteurs
706 2910 291 44 cartilagineux
1033 2910 67 43 (H.
1132 2909 87 33 Mo-
1252 2953 10 2 -
1273 2908 192 47 indienne
1490 2919 99 24 avec
1617 2909 186 34 addition
1830 2910 49 33 de
1905 2911 160 31 tuteurs

436 2960 164 37 RESTIN,
634 2955 104 34 Bull.
772 2960 33 30 et
834 2956 122 34 Mém.
990 2956 43 33 de
1065 2956 37 33 la
1133 2956 85 33 Soc.
1273 2951 296 48 cartilagineux
1599 2953 119 47 (Bull,
1747 2959 34 32 et
1805 2955 122 34 Mém.
1957 2955 43 33 de
2027 2952 39 34 la

436 2998 43 33 de
506 2999 119 45 Chir.,
653 3002 47 34 28
727 3003 211 35 décembre
964 3003 128 44 1915):
1276 3002 83 33 Soc.
1390 3003 44 33 de
1464 3001 121 44 Chir.,
1616 3002 48 34 28
1693 3002 212 40 décembre
1935 3000 127 44 1915)-

476 3116 325 38 Considérations
815 3121 194 44 cliniques
1023 3131 67 23 sur
1101 3121 118 34 l'oto-
1325 3120 180 33 CANUYT
1536 3119 93 46 (G.).
1656 3140 54 3 -
1736 3120 327 35 Considérations

432 3162 408 49 rhino-laryngologie
886 3169 49 33 de
980 3178 140 34 guerre
1165 3169 55 34 du
1273 3166 196 45 cliniques
1512 3178 68 23 sur
1621 3167 442 45 l'oto-rhino-laryngo-

437 3215 58 30 ler
522 3212 229 42 septembre
780 3224 98 35 1914
907 3226 51 23 au
986 3225 45 33 31
1061 3214 160 43 janvier
1273 3214 104 43 logie
1409 3216 50 32 de
1478 3224 146 33 guerre
1651 3215 55 33 du
1706 3215 93 33 IER
1833 3214 230 44 septembre

436 3267 96 34 1915
569 3256 61 46 (G.
661 3259 191 45 CANUYT,
885 3261 129 35 Thèse
1045 3262 49 33 de
1121 3261 98 34 Bor-
1278 3268 96 35 1914
1393 3272 52 23 au
1471 3272 45 31 31
1538 3261 160 43 janvier
1698 3261 120 43 1915
1848 3260 143 44 (Thèse
2014 3260 50 34 de

433 3307 145 41 deaux,
608 3305 128 44 1915).
1272 3307 229 42 Bordeaux,
1525 3308 129 44 1915).
