2354 3882
419 412 74 40 l88
809 426 55 28 LA
890 425 339 30 RESTAURATION
1258 424 407 29 MAXILLO-FACIALE

416 509 179 51 through
616 510 72 39 the
703 510 298 51 prolongation
1017 510 46 38 of
1079 510 72 38 the
1169 510 86 38 rod.
1329 510 36 38 A
1382 509 112 39 hook
1509 510 163 50 opened
1690 509 132 39 below
1840 509 33 38 is
1889 507 158 41 welded

415 578 43 34 at
488 574 70 38 the
584 573 127 40 lower
735 576 81 38 end
841 576 44 37 of
911 575 74 39 the
1010 574 152 50 sliding
1188 574 114 39 tube.

493 638 90 39 The
606 638 281 53 maintaining
911 640 117 51 piece
1051 640 44 38 of
1119 638 59 52 lip
1204 639 42 44 C,
1275 637 136 39 which
1436 637 35 38 is
1496 638 111 39 fixed
1633 642 43 34 to
1704 640 121 38 tubes
1853 639 67 37 LL
1945 637 35 39 is
2005 636 41 38 in

412 702 135 46 silver,
576 703 57 39 its
659 703 178 40 vertical
863 704 95 40 wall
985 703 35 38 is
1047 704 125 39 made
1200 704 135 39 round
1361 703 135 40 below
1523 704 84 39 and
1635 707 45 35 at
1709 704 101 39 each
1838 703 107 45 side;
1976 702 71 39 the

414 780 134 39 upper
571 768 95 39 wall
689 768 34 39 is
747 768 239 41 horizontal
1009 770 84 38 and
1117 772 191 46 piesents
1332 782 25 25 a
1381 767 283 52 longitudinal
1687 772 198 47 aperture
1907 767 140 39 closed

413 832 60 50 by
493 845 25 26 a
540 832 154 53 sliding
715 834 166 39 shutter
903 835 35 38 0
966 834 83 50 (fig.
1075 833 56 51 2).

493 897 99 39 This
617 902 196 46 aperture
838 898 236 40 dominates
1100 899 73 38 the
1199 903 87 35 seat
1313 898 43 38 of
1381 899 73 38 the
1479 899 183 39 fracture
1687 899 83 39 and
1797 898 73 38 the
1895 895 151 41 wound

414 961 142 40 allows
580 963 46 37 of
652 962 130 52 fixing
810 963 75 39 the
910 962 178 47 elastics,
1119 967 44 35 to
1190 963 166 39 control
1383 962 111 39 their
1517 962 143 40 action
1688 964 84 38 and
1800 968 44 34 to
1874 966 173 35 execute

414 1026 194 52 frequent
629 1027 207 51 washings
856 1028 104 39 with
981 1028 73 39 the
1071 1029 110 38 bock
1199 1028 181 40 without
1401 1027 150 52 taking
1569 1028 73 39 the
1661 1032 231 47 apparatus
1911 1039 133 37 away.

495 1091 141 41 Inside
662 1094 85 38 and
774 1097 74 47 top
874 1093 44 38 of
944 1093 85 38 this
1054 1093 282 50 maintaining
1361 1092 127 51 piece,
1517 1093 144 39 deside
1687 1095 72 37 the
1785 1097 83 35 two
1897 1103 148 41 square

416 1159 108 44 rods,
551 1160 83 37 two
659 1160 134 38 hooks
817 1159 33 37 L
874 1158 104 40 with
1001 1170 134 39 upper
1157 1160 183 51 opening
1370 1172 70 25 are
1467 1158 171 40 welded.
1700 1157 88 40 The
1811 1160 108 37 form
1942 1158 103 39 with

416 1223 73 38 the
512 1222 113 40 lever
647 1225 112 38 hook
783 1237 54 26 an
861 1223 192 40 isosceles
1078 1222 177 52 triangle
1280 1225 84 38 and
1388 1234 70 28 are
1487 1224 233 38 connected
1745 1224 60 50 by
1827 1222 220 51 gradually

413 1300 116 27 more
557 1299 227 29 numerous
816 1289 84 39 and
928 1300 117 28 more
1078 1288 214 40 stretched
1322 1287 166 40 elastics
1522 1288 41 37 H
1597 1288 83 50 (fig.
1702 1289 55 49 2).

494 1353 134 40 These
652 1353 179 46 elastics,
857 1352 135 40 which
1016 1364 71 28 are
1108 1353 191 50 changed
1323 1352 102 40 each
1449 1352 206 51 morning,
1683 1357 44 34 to
1752 1357 75 35 not
1851 1353 195 39 interfeie

413 1417 103 40 with
545 1431 86 37 any
656 1418 208 50 washings
890 1417 153 51 duiing
1070 1418 73 38 the
1168 1417 98 52 day.

495 1535 56 39 In
573 1525 112 49 order
706 1540 38 34 to
766 1534 194 49 facilitate
983 1533 220 51 migration
1226 1534 42 48 of
1288 1534 61 39 the
1372 1534 191 51 splinter,,
1578 1535 63 38 the
1662 1535 142 39 lateral
1824 1535 220 51 fragments

415 1612 67 25 are
500 1603 68 36 not
586 1598 254 40 maintained
859 1603 40 34 at
917 1598 158 39 normal
1092 1598 244 50 separation.
1415 1599 83 38 The
1515 1599 77 51 pin
1610 1599 51 39 u'
1661 1599 51 39 M
1732 1599 128 39 which
1878 1596 166 43 enabled

415 1664 105 39 these
547 1663 222 51 fragments
797 1668 37 33 to
863 1675 153 26 recover
1044 1675 25 25 a
1098 1666 143 35 correct
1270 1663 200 39 occlusion
1500 1664 36 38 is
1565 1664 182 51 replaced
1779 1664 48 49 by
1856 1678 24 25 a
1908 1665 138 49 longer

416 1728 78 50 pin
529 1728 103 48 (half
661 1740 25 26 a
720 1727 232 45 centimeter,
989 1726 169 52 approx.
1158 1726 191 52 3/16").
1441 1728 84 39 The
1556 1728 281 52 maintaining
1866 1729 112 51 piece
2011 1727 34 39 is

414 1792 191 50 designed
628 1792 64 49 for
716 1792 80 38 this
820 1791 228 39 maximum
1074 1792 187 51 opening.
1349 1793 70 38 We
1443 1806 94 37 may
1567 1794 42 38 be
1634 1795 165 38 allowed
1823 1798 36 34 to
1889 1794 152 42 believe,

414 1869 53 26 on
489 1861 166 34 account
677 1856 41 48 of
739 1856 62 39 the
822 1856 193 39 direction
1038 1857 82 38 and
1141 1857 61 38 the
1225 1857 257 51 irregularity
1505 1858 42 49 of
1567 1858 62 39 the
1652 1859 114 50 edges
1789 1858 42 50 of
1851 1858 62 39 the
1934 1858 108 50 frag-

415 1924 126 35 ments
567 1922 82 37 and
673 1920 62 39 the
760 1920 181 51 splinter,
969 1921 62 38 the
1054 1921 179 51 position
1260 1922 42 48 of
1325 1922 61 39 the
1411 1924 124 45 latter,
1564 1923 83 39 that
1671 1923 63 38 the
1759 1923 132 39 action
1918 1923 42 49 of
1984 1922 60 39 the

413 1986 103 38 lever
539 1985 85 39 will
647 1986 92 39 thus
764 1990 211 35 encounter
999 1986 76 38 less
1101 1986 224 40 resistance.

494 2110 51 39 In
576 2110 65 39 six
671 2112 118 50 days,
824 2111 74 39 the
927 2110 180 51 splinter
1135 2113 76 38 has
1240 2125 120 28 come
1389 2112 111 40 back
1531 2116 44 35 to
1608 2112 72 39 the
1711 2112 127 45 fiont,
1870 2111 34 40 it
1936 2111 35 39 is
2000 2110 43 39 in

411 2180 172 35 contact
603 2175 104 40 with
727 2176 73 39 the
819 2176 244 50 fragments.
1139 2176 88 39 The
1246 2176 293 52 suppuration,
1560 2176 137 39 which
1718 2189 84 27 was
1821 2176 219 41 abundant

413 2240 120 40 when
562 2254 61 26 we
650 2241 150 51 placed
829 2241 73 39 the
931 2245 244 48 apparatus,
1207 2242 84 38 and
1320 2240 137 41 which
1488 2242 164 39 seemed
1682 2246 45 33 to
1758 2240 184 40 increase
1971 2240 71 39 the

413 2305 89 40 first
535 2310 85 35 two
652 2306 119 51 days,
805 2305 35 40 is
872 2305 166 53 rapidly
1071 2306 204 51 lessening
1311 2307 86 51 (the
1427 2317 192 40 pressure
1646 2308 46 36 of
1724 2306 72 38 the
1828 2305 123 45 lever,
1984 2305 58 49 by

412 2370 177 52 shifting
607 2372 72 39 the
697 2370 178 53 splinter
893 2375 43 34 to
958 2371 72 39 the
1048 2371 128 46 front,
1200 2371 175 39 enabled
1395 2371 71 38 the
1484 2383 80 39 pus
1582 2370 136 40 which
1738 2383 85 27 was
1839 2369 202 40 collected

411 2435 43 39 in
483 2436 72 39 the
584 2437 106 38 floor
715 2441 44 34 to
790 2435 95 40 flow
912 2436 131 50 freely
1069 2437 84 38 and
1180 2435 273 40 contributed
1480 2436 99 39 thus
1607 2440 44 34 to
1681 2435 72 39 the
1779 2434 194 51 draining
1998 2433 43 39 of

411 2500 84 40 this
521 2501 170 51 region).

490 2567 89 38 The
604 2565 145 40 device
774 2565 34 39 is
835 2568 101 48 kept
962 2565 43 39 in
1030 2566 118 50 place
1175 2566 66 37 for
1265 2565 97 39 nine
1387 2566 117 50 days.
1588 2565 87 38 The
1702 2564 278 52 suppuration
2007 2562 34 39 is

410 2630 100 38 then
534 2631 152 39 almcst
710 2631 88 39 null
820 2631 84 39 and
927 2630 32 38 if
982 2630 72 39 the
1078 2630 167 38 elastics
1267 2642 71 27 are
1360 2631 128 38 taken
1511 2642 133 38 away,
1672 2630 71 38 the
1767 2629 177 51 splinter
1965 2630 75 38 has

412 2707 52 25 no
494 2698 210 49 tendency
732 2709 84 38 any
842 2706 117 29 more
985 2700 45 33 to
1059 2695 104 39 slide
1189 2695 259 39 backwards.

480 2761 100 58 The
604 2761 281 51 maintaining
909 2760 129 52 piece,
1067 2760 73 38 the
1166 2758 178 46 elastics,
1373 2760 72 38 the
1471 2759 113 39 lever
1608 2771 70 27 are
1704 2759 128 39 taken
1857 2760 59 38 off
1942 2757 96 43 and,

412 2825 133 37 under
574 2826 166 51 general
769 2824 251 46 anesthesia,
1053 2825 74 38 the
1153 2824 112 40 chief
1294 2835 178 39 surgeon
1501 2825 45 37 of
1577 2825 73 38 the
1684 2823 167 40 Section
1888 2824 68 51 (M.
1988 2823 50 39 A.

413 2885 53 39 M.
499 2888 157 53 Apard)
688 2895 194 48 operates
912 2890 73 38 the
1016 2888 195 53 scraping
1240 2889 59 39 off
1328 2889 44 38 of
1402 2890 72 38 the
1504 2888 249 51 fungosities
1782 2887 259 53 interposing

412 2951 187 40 between
640 2955 72 38 the
752 2955 177 52 splinter
968 2955 85 38 and
1094 2954 72 38 the
1205 2954 242 50 fragments,
1491 2953 233 52 extirpates
1765 2966 115 28 some
1920 2950 120 43 small

412 3018 197 37 necrosed
642 3019 209 50 splinters,
887 3032 135 26 seams
1055 3020 71 38 the
1158 3020 154 38 wound
1344 3018 42 38 in
1419 3022 83 34 two
1535 3018 133 50 plans,
1702 3017 281 51 maintaining
2014 3029 24 25 a

413 3077 193 53 draining
627 3088 194 44 aperture
842 3084 43 40 in
908 3086 72 37 the
1000 3088 113 37 most
1135 3083 182 40 inclined
1340 3083 153 50 region.

493 3143 122 38 After
645 3147 73 37 the
747 3147 298 47 intervention,
1079 3149 72 38 the
1181 3147 73 53 pin
1285 3148 42 38 M
1358 3147 103 39 with
1492 3147 164 40 normal
1684 3147 181 52 opening
1896 3147 35 38 is
1960 3149 76 49 put

412 3209 122 42 back.
611 3209 36 37 A
668 3222 90 26 new
777 3213 280 50 maintaining
1077 3212 116 52 piece
1212 3215 66 35 for
1298 3213 72 38 the
1390 3212 57 52 lip
1469 3212 41 39 in
1533 3211 225 45 vulcanite,
1782 3211 34 38 is
1834 3210 204 44 mounted

408 3291 56 25 on
493 3276 71 39 the
591 3278 241 47 apparatus.
