2351 3888
987 252 109 53 XVI
1096 252 54 53 -
1150 252 54 53 3
1204 252 54 53 -
1258 252 140 53 I919

297 441 16 55 :
787 438 209 60 SOCIÉTÉ
1033 446 243 52 ANONYME
1313 448 273 59 FRANÇAISE
2057 446 17 63 :

456 532 730 135 "DENT
1186 532 732 135 ORlA"

298 672 888 50 :
1186 672 888 50 :

299 695 15 62 :
370 713 272 49 Fabrique
680 712 66 37 de
782 710 247 50 produits
1065 722 139 39 pour
1237 711 82 39 les
1349 711 339 40 obturations
1725 706 349 45 dentaires

296 752 592 110 !
888 752 592 110 —
1480 752 594 110 !

296 836 18 86 :
926 862 516 64 CIMENT
2056 870 16 40 :

296 956 17 60 :
555 963 55 43 A
677 961 718 46 L'OXYPHOSPHATE
1461 962 103 44 DE
1630 961 443 46 ZINC

696 1045 989 86 "DENTORIA"

296 1132 1777 38 :

297 1167 16 39 :
369 1171 127 31 Pour
518 1172 68 30 les
609 1171 313 31 obturations
946 1173 45 28 et
1021 1172 69 30 les
1120 1171 306 30 scellements
1456 1170 56 31 de
1538 1173 153 36 ponts,
1724 1179 278 25 couronnes.
2055 1156 17 59 :

296 1215 17 38 :
436 1213 175 39 inlays,
638 1212 265 39 gouttières
926 1215 46 28 et
995 1215 112 28 tous
1131 1215 218 28 travaux
1373 1212 55 30 de
1453 1212 224 38 prothèse
1700 1212 371 31 dentaire.

296 1276 78 48 ;
374 1276 117 48 Ce
491 1276 274 48 CIMENT
765 1276 78 48 a
843 1276 198 48 été
1066 1275 180 45 employé
1264 1277 138 43 depuis
1426 1278 159 32 octobre
1614 1278 87 44 If)lli
2054 1269 17 40 :

296 1333 16 38 ;
386 1326 96 33 dans
507 1324 201 34 différents
727 1325 161 34 Centres
905 1324 48 34 de
978 1322 182 46 prothèse
1181 1324 325 38 maxillo-faciale,
1527 1322 18 35 à
1569 1323 162 35 Ventière
1749 1316 278 53 satisfaction
2027 1316 43 53 S

296 1357 17 61 :
722 1373 47 33 de
789 1375 86 31 tous
892 1373 53 33 les
963 1373 105 33 chefs
1088 1372 47 33 de
1153 1372 141 33 service
1312 1374 38 30 et
1368 1372 66 33 des
1452 1371 207 34 assistants.
2054 1362 16 41 :

297 1426 887 48 2
1184 1426 887 48 ■

558 1506 644 65 AMALGAME
1252 1506 560 64 D'ARGENT
2054 1480 18 110 j

680 1614 144 84 D
824 1614 144 84 E
968 1614 144 84 N
1112 1614 217 84 TO
1329 1614 144 84 R
1473 1614 221 84 IA

296 1708 16 87 :
370 1738 117 43 C'est
487 1738 79 43 un
583 1726 265 64 amalgame
848 1726 354 64 SUPÉRIEUR,
1222 1736 24 42 à
1264 1734 187 44 FORTE
1470 1736 224 43 TENEUR
1715 1736 285 53 d'ARGENT,
2052 1714 18 88 :

297 1804 15 38 :
502 1800 237 50 constant,
782 1796 303 52 inoxydable,
1124 1805 116 32 sans
1281 1797 168 40 retrait
1481 1799 43 39 et
1558 1797 139 41 d'une
1734 1786 335 64 résistance

297 1851 16 62 :
503 1859 214 39 extrême
750 1856 24 40 à
811 1855 41 42 la
887 1855 317 42 mastication.
2052 1857 16 40 :

297 1899 1772 22 ■

296 1922 17 37 :
2052 1928 17 40 1

296 1969 17 61 :
630 1980 534 52 AMALGAME
1220 1980 116 52 DE
1384 1980 354 54 CUIVRE
2050 1974 20 64 E

702 2043 1172 113 '"DENTORIA"

297 2157 885 22 ■
1182 2157 885 22 ■

297 2180 15 38 :
371 2183 104 38 Est
513 2194 78 28 un
631 2181 341 51 amalgame
1008 2180 70 40 de
1114 2180 206 41 cuivre
1347 2181 70 39 de
1450 2181 290 51 première
1776 2182 291 51 qualité:

296 2250 590 23 ■
886 2250 590 23 -
1476 2250 591 23 ■

296 2297 16 39 :
912 2301 1026 43 PROCHfllHEMEHT:
1938 2301 129 43 ■

296 2344 16 63 :
603 2360 70 48 La
713 2355 291 65 porcelaine
1045 2355 338 64 plastique
1383 2355 373 64 "DENTORIA"
2049 2373 17 33 s

296 2438 8 157 I
304 2438 8 157 ■
368 2482 140 100 La
600 2480 354 102 Société
1052 2474 437 108 "DENT
1489 2474 511 108 ORlA"
2048 2406 20 174 ¡

297 2580 1768 23 ■

297 2604 15 38 :
485 2619 53 24 ne
583 2608 113 35 livre
731 2608 23 35 à
789 2607 42 36 la
875 2606 256 48 profession
1178 2606 203 37 dentaire
1425 2619 84 35 que
1555 2608 77 36 des
1669 2609 210 47 produits
2049 2609 16 41 :

296 2651 16 38 :
484 2657 276 41 supérieurs
780 2656 201 45 pouvant
1007 2653 211 36 rivaliser
1245 2666 108 23 avec
1382 2654 65 36 les
1477 2655 260 37 meilleures
1765 2668 114 24 mar-
2048 2655 16 41 :

296 2697 16 39 :
485 2714 110 35 ques
618 2704 279 45 étrangères,
924 2703 44 34 et
991 2702 25 35 à
1043 2701 79 36 des
1153 2704 108 40 prix
1289 2704 272 35 inférieurs.
1587 2703 84 36 Ses
1696 2707 184 41 spécia-
2048 2702 16 42 :

295 2744 17 38 :
482 2754 112 32 lités
622 2753 105 33 sont
753 2749 358 36 exclusivement
1136 2748 261 47 fabriquées
1427 2761 108 25 avec
1564 2750 79 36 des
1671 2751 206 47 produits
2047 2749 17 42 :

295 2791 17 38 :
486 2797 332 49 FRANÇAIS.
846 2797 1217 42 :

295 2861 17 39 :
582 2868 66 31 EN
681 2867 181 32 VENTE
897 2866 150 32 DANS
1078 2866 100 33 LES
1204 2858 223 41 DÉPOTS
1459 2868 321 33 DENTAIRES
2047 2843 16 66 :

296 2909 442 61 :
738 2909 442 61 -
1180 2909 442 61 =
1622 2909 442 61 :

295 2955 99 63 ;
394 2955 644 63 Echantillon
1075 2968 169 55 gratuit
1280 2980 77 35 sur
1395 2962 221 48 demande
2047 2960 17 66 :

295 3026 985 46 :
2047 3031 16 42 :

292 3048 20 188 j
460 3094 304 106 Société
820 3092 510 132 Anonyme"
1330 3092 568 132 DENTORIA"
2044 3052 20 188 [

293 3241 17 64 :
365 3243 191 45 Usine
597 3245 57 39 et
690 3243 388 46 Laboratoire
1119 3249 34 39 à
1195 3244 522 46 COURBEVOIE
1759 3242 235 54 (Seine)
2045 3242 16 66 :

1205 3305 7 7 ,
1292 3306 6 6 ,

293 3289 17 86 :
863 3315 251 37 AGENCE
1145 3305 357 46 GÉNÉRALE:
2045 3312 17 42 :

292 3360 18 62 :
423 3375 164 55 Square
615 3374 53 39 de
696 3371 197 53 l'Opéra,
914 3375 40 49 5,
983 3376 203 39 PARIS.
1310 3376 185 41 Téléphone
1495 3376 56 41 :
1581 3376 219 33 GUTENBERG
1826 3378 109 43 07.98
2045 3359 16 64 :

294 3430 1261 94 V.
1555 3430 505 94 J

300 3430 1760 96 .,.
