2360 3879
436 424 78 42 160
822 436 57 30 LA
906 438 338 32 RESTAURATION
1272 436 408 32 MAXILLO-FACIALE

523 520 188 45 EMPLOI
738 534 64 31 DE
825 524 293 44 L'APPAREIL.
1143 552 60 4 —
1225 526 39 41 Il
1288 529 68 39 est
1380 512 106 55 bien
1510 524 185 43 évident
1720 538 87 41 que
1831 528 72 37 cet
1928 534 138 44 appa-

436 599 80 42 reil
542 615 56 28 ne
626 600 97 43 doit
751 600 94 43 être
872 601 151 43 utilisé
1051 617 86 41 que
1166 604 113 42 dans
1305 602 73 42 les
1378 602 93 42 cas
1500 602 53 41 de
1581 600 238 43 réduction
1846 600 221 42 extrême-

435 681 127 39 ment
591 678 265 42 laborieuse.
883 678 90 42 Son
1003 679 279 55 application
1315 682 68 38 est
1411 678 200 42 facilitée
1641 678 180 54 lorsque
1853 676 63 43 les
1948 676 119 42 deux

434 754 250 55 fragments
722 759 186 51 portent
949 755 76 42 des
1066 756 131 41 dents
1237 769 59 28 ou
1333 754 106 42 bien
1475 754 181 56 lorsque
1693 754 97 41 l'un
1829 753 78 42 des
1947 753 120 56 deux

432 830 251 56 fragments
710 836 68 38 est
804 831 251 43 réductible
1082 836 45 38 et
1155 835 110 52 peut
1293 833 94 40 être
1415 831 55 42 de
1497 831 117 42 suite
1640 831 168 55 bloqué
1834 844 57 27 en
1915 830 151 54 bonne

432 907 211 56 position.
680 907 125 42 Nous
837 907 177 42 l'avons
1044 911 220 51 pourtant
1306 907 208 55 employé
1551 908 112 41 dans
1697 907 77 42 des
1808 904 257 44 conditions

434 985 247 47 contraires
713 988 45 38 et
792 998 110 28 avec
934 986 166 40 succès.

1017 2350 87 33 FIG.
1104 2350 52 33 2.
1156 2350 34 33 -
1190 2350 192 33 Tirailleur
1382 2350 89 33 A.

813 2403 178 40 Fragment
1007 2404 89 29 droit
1113 2402 201 31 immobilisé
1332 2414 42 19 en
1388 2404 111 29 bonne
1516 2405 161 39 position.

672 2445 178 47 Fragment
864 2452 129 39 gauche
1011 2462 42 19 en
1067 2452 150 39 position
1233 2452 167 36 vicieuse;
1425 2452 130 29 chariot
1571 2452 62 29 mis
1650 2461 42 20 en
1708 2452 107 40 place.

516 2625 66 41 La
603 2625 135 42 durée
761 2625 54 42 de
837 2638 81 28 son
938 2614 222 52 maintien
1181 2638 56 27 en
1257 2624 175 42 bouche
1454 2628 68 37 est
1543 2624 317 43 relativement
1883 2630 158 44 courte
2041 2630 46 44 ;

428 2699 40 43 le
487 2700 89 43 fait
592 2706 68 38 est
680 2701 254 56 important
954 2702 26 40 à
1001 2715 132 27 cause
1154 2701 54 42 de
1228 2700 44 42 la
1291 2700 110 54 gêne
1423 2703 216 52 apportée
1659 2716 83 40 par
1761 2716 82 28 son
1862 2702 195 42 volume.

428 2776 177 68 Notons
632 2766 255 67 cependant
913 2777 110 55 qu'il
1049 2791 26 28 a
1098 2777 209 54 toujours
1332 2778 72 40 été
1429 2777 104 41 bien
1557 2778 154 49 toléré,
1738 2783 46 37 et
1811 2779 111 55 qu'il
1945 2792 114 29 nous

428 2866 27 27 a
490 2854 165 53 permis
693 2854 228 44 d'obtenir
957 2854 77 42 des
1072 2852 259 43 réductions
1367 2854 92 40 très
1496 2853 201 42 difficiles
1733 2855 26 40 à
1796 2855 181 42 réaliser
2013 2859 45 37 et

427 2928 192 42 d'éviter
650 2944 59 28 au
738 2931 145 42 blessé
913 2944 87 28 une
1031 2928 311 43 intervention
1368 2928 304 55 chirurgicale.
1706 2930 127 42 Nous
1864 2930 194 56 complé-

426 3008 104 37 tons
559 3008 70 38 cet
656 3009 167 52 exposé
861 3021 83 41 par
984 3006 216 54 quelques
1241 3005 314 42 observations
1597 3007 92 40 très
1719 3006 250 43 succinctes
2004 3007 54 42 de

424 3080 167 42 blessés
625 3080 107 42 chez
764 3083 192 56 lesquels
989 3096 115 28 nous
1139 3095 141 28 avons
1315 3081 214 55 appliqué
1563 3086 120 38 cette
1712 3083 195 42 méthode
1907 3083 49 42 :

511 3211 343 42 OBSERVATION
873 3214 41 40 I.
940 3239 59 3 —
1021 3212 237 42 Tirailleur
1280 3208 112 53 A.,
1409 3211 144 43 blessé
1576 3211 40 42 le
1642 3220 59 44 25
1721 3212 93 45 mai
1840 3224 110 43 1917
1976 3223 82 43 par

423 3283 118 48 éclat
569 3282 175 44 d'obus.
774 3281 142 44 Entré
943 3298 58 27 au
1026 3285 163 42 Centre
1217 3282 55 43 de
1298 3282 470 43 Châlons-sur-Marne
1795 3282 39 43 le
1861 3283 55 43 26
1948 3280 106 44 mai.
