2309 3849
1104 301 69 67 I!
1242 301 46 67 3
1288 301 46 67 -
1334 301 118 67 1919

406 392 70 64 J
490 394 1656 100 1

404 444 18 50 t
726 472 245 80 UNE
1034 482 777 92 EXCELLENTE

476 628 436 144 DENT
984 648 320 172 BON
1388 652 676 157 MARCHÉ

632 880 204 109 pour
880 863 300 113 travail
1228 872 96 108 de
1380 876 522 122 Caoutchouc

1042 1083 114 50 est
1204 1081 60 54 la
1313 1087 177 54 Dent

524 1180 1464 288 "CASCO"

456 1539 80 63 de
574 1543 192 65 ASH
815 1553 34 57 à
877 1573 341 64 crampons
1246 1569 430 78 uniquement
1707 1580 403 76 composés

453 1649 83 63 de
575 1656 260 63 métaux
875 1664 330 77 précieux.
2105 1676 22 52 I

548 1763 147 63 Elle
734 1781 100 48 est
873 1769 83 63 de
983 1772 59 62 la
1069 1779 208 62 même
1303 1784 174 78 pâte,
1509 1789 242 64 mêmes
1785 1802 259 71 teintes,
2103 1744 21 117 !

447 1871 244 65 formes
731 1889 67 49 et
824 1879 403 70 dimensions
1256 1913 131 61 que
1425 1896 60 62 la
1524 1899 161 63 dent
1725 1902 84 63 de
1847 1907 193 64 ASH

447 1986 31 55 à
519 2005 343 63 crampons
904 1992 83 61 de
1022 1997 274 80 platine.
1322 2039 64 13 --
1426 2007 79 62 Se
1527 2010 131 82 fait
1689 2034 71 40 en
1801 2016 243 65 bouches

443 2093 77 61 du
557 2093 146 66 haut
734 2107 60 54 et
826 2103 79 61 du
943 2103 120 65 bas.

1031 2265 307 67 PRIX
1338 2265 123 67 5

1053 2391 90 39 Par
1166 2394 96 40 500
1382 2400 92 38 Par
1497 2403 144 47 1,000
1776 2410 91 39 Par
1890 2412 146 42 2,500

438 2436 61 38 La
527 2409 123 79 pièce
771 2443 66 40 Le
837 2443 110 40 100
1089 2450 41 38 le
1151 2451 88 39 100
1442 2461 59 40 le
1501 2461 99 40 100
1828 2469 68 42 le
1896 2469 91 42 100

407 2561 9 14 (
458 2527 34 83 1
492 2527 68 83 fr.
560 2527 70 83 75
788 2534 70 80 13S
858 2534 88 80 fr.
1038 2540 78 84 132
1116 2540 78 84 fr.
1194 2540 79 84 SO
1432 2548 73 82 130
1505 2548 92 82 fr.
1823 2559 78 81 125
1928 2562 53 78 fr.

502 2793 18 44 )1
720 2812 202 53 EnVoi
957 2818 77 51 de
1069 2819 186 55 choix
1287 2840 113 36 sur
1435 2828 304 58 demande

484 2930 372 106 Claudius
912 2938 190 102 ASH
1164 2944 202 104 Sons
1428 2952 68 98 &
1564 2954 158 122 Ca,
1752 2960 194 104 Ud

655 3078 196 64 PARIS,
887 3082 79 64 12,
997 3101 89 36 rue
1118 3088 67 51 de
1220 3093 251 67 Hanovre,
1503 3099 75 65 12,
1610 3102 178 53 PARIS

593 3212 178 52 LYON
1088 3223 392 60 MARSEILLE
1640 3237 325 57 BORDEAUX

417 3306 65 37 Rue
501 3306 42 38 du
560 3307 167 40 Président
746 3310 128 46 Carnot.
893 3311 54 40 12.
1130 3318 68 39 Rue
1215 3320 167 48 Koustier,
1400 3325 38 39 4.
1604 3330 69 39 Rue
1696 3333 235 50 Vital-Carla,
1960 3339 56 39 19.

580 3369 72 37 00
678 3369 95 34 40.03
1195 3380 73 39 S
1288 3381 92 43 26.67
1716 3394 72 39 m
1807 3394 94 35 36.58

417 3441 834 106 i
1251 3441 835 106 —
