2428 3895
692 436 258 32 APPARATUS
980 441 84 27 FOR
1094 439 231 29 REDUCING
1354 439 256 29 FRACTURES
1882 433 78 48 167

421 501 79 47 We
536 513 91 44 had
664 523 47 37 to
748 524 119 40 avail
906 525 226 42 ourselves
1169 525 45 40 of
1250 538 58 26 an
1345 528 249 49 apparatus
1632 525 100 41 that
1771 540 64 27 we
1872 527 83 40 call

338 573 189 66 sliding
556 595 104 54 tray
688 599 112 41 with
829 601 252 54 regulating
1110 615 113 28 screw
1223 615 57 28 »
1309 614 48 26 as
1386 600 154 41 shown
1569 600 155 43 below.

417 654 105 50 This
550 679 250 45 apparatus
827 682 123 37 must
977 678 101 53 give
1106 678 77 41 the
1210 675 227 54 following
1463 676 220 42 essentials
1683 676 41 42 :

416 733 40 53 a)
491 739 64 44 To
580 755 126 37 exert
731 766 58 27 on
814 754 77 42 the
916 755 224 53 fragment
1166 759 47 36 to
1238 753 160 41 reduce
1422 753 91 41 and
1536 757 80 37 not
1641 767 57 27 on
1723 754 77 41 the
1824 754 126 42 teeth

334 797 96 50 that
473 815 90 45 this
605 824 226 56 fragment
875 836 228 50 supports,
1147 845 26 27 a
1214 843 111 40 very
1366 834 154 48 strong
1562 829 151 41 action
1755 830 192 42 without

332 870 178 74 hurting
540 898 77 44 the
644 916 123 40 gum.

415 960 37 55 b)
488 969 63 43 To
575 975 113 58 keep
711 982 77 42 the
811 984 225 53 fragment
1060 985 45 41 in
1128 1000 26 26 a
1177 983 200 49 vertical,
1402 984 91 41 and
1515 983 173 42 normal
1712 984 231 50 direction,

328 1022 325 74 Indispensable
685 1062 47 36 to
765 1073 152 29 secure
949 1076 25 25 a
1005 1063 118 50 good
1154 1060 310 49 articulation;
1497 1061 44 40 in
1574 1061 123 40 short
1730 1065 47 36 to
1809 1062 135 41 avoid

327 1103 93 80 adlU
420 1103 206 80 lswinging
656 1135 165 43 action.

408 1192 33 51 c)
476 1198 64 44 To
564 1204 271 52 immobilize
860 1228 48 28 as
933 1216 220 54 perfectly
1176 1229 48 27 as
1248 1215 192 54 possible
1465 1215 76 41 the
1565 1215 130 41 other
1717 1215 223 52 fragment

325 1264 170 50 against
523 1280 76 43 the
626 1289 208 42 maxillae.

406 1412 321 63 DESCRIPTION
755 1449 57 28 OF
838 1450 91 29 THE
956 1451 288 31 APPARATUS.
1273 1466 57 3 —
1354 1441 93 40 The
1473 1443 247 51 apparatus
1746 1439 35 41 is
1808 1440 132 41 made

322 1481 42 38 of
385 1498 6 27 :

405 1573 45 32 10
480 1576 38 40 A
554 1585 156 44 saddle
746 1590 153 54 fitting
935 1593 77 42 the
1048 1595 225 52 fragment
1310 1598 47 36 to
1394 1594 160 40 reduce
1590 1607 57 27 on
1682 1592 145 42 which
1863 1606 74 28 are

319 1634 197 59 soldered
545 1671 25 27 a
600 1661 163 57 sliding
793 1672 104 50 tray
926 1671 91 40 and
1047 1672 194 40 screwed
1270 1671 132 41 tubes
1433 1669 227 54 designied
1690 1674 46 36 to
1768 1669 169 42 receive

318 1706 73 47 the
424 1731 251 61 regulating
709 1756 149 29 screw.

400 1794 67 47 On
491 1808 77 43 the
592 1813 225 57 fragment
843 1826 47 36 to
916 1824 161 41 reduce
1100 1825 35 40 it
1160 1825 35 40 is
1219 1824 232 42 advisable
1475 1828 47 37 to
1547 1828 175 38 cement
1747 1838 26 27 a
1796 1823 137 55 splint

315 1869 54 34 On
387 1874 143 49 which
549 1889 77 43 the
644 1895 156 43 saddle
819 1897 35 42 is
873 1900 182 53 applied
1074 1915 111 40 very
1203 1901 201 55 exactly;
1425 1901 76 41 the
1519 1901 137 42 latter
1673 1901 35 41 is
1727 1901 207 41 fastened

314 1931 57 59 y
401 1960 25 28 a
457 1953 88 59 key
574 1964 270 50 introduced
875 1974 46 41 in
953 1977 251 41 vestibular
1234 1978 251 41 horizontal
1518 1979 145 41 tubes.
1757 1978 52 40 In
1842 1977 90 42 this

311 2019 96 53 Way
443 2031 76 45 the
557 2045 156 55 strong
751 2051 221 52 pression,
1012 2068 236 40 necessary
1285 2054 70 41 for
1391 2055 77 41 the
1506 2054 234 42 reduction
1778 2054 35 41 is
1851 2058 80 37 not

310 2097 221 56 ercised
556 2129 122 43 upon
705 2126 78 41 the
810 2129 209 41 mucosis.

307 2184 132 71 2
468 2186 38 41 A
537 2192 109 47 slide
677 2200 83 42 bar
788 2203 207 44 soldered
1019 2220 58 27 on
1104 2221 25 27 a
1157 2220 142 42 upper
1317 2213 249 49 apparatus
1587 2208 91 40 and
1707 2207 45 41 in
1782 2207 146 41 which

307 2240 78 80 the
385 2240 177 80 sliding
584 2276 105 53 tray
710 2278 153 56 fitting
886 2283 183 54 exactly
1090 2288 122 36 must
1236 2298 131 27 move
1391 2284 161 53 during
1574 2284 77 40 the
1674 2283 248 41 reduction.

387 2328 70 46 All
478 2352 249 46 apparatus
748 2355 36 42 is
806 2357 94 41 also
922 2359 335 55 indispensable
1279 2374 57 26 on
1359 2361 76 40 the
1458 2373 142 40 upper
1619 2360 88 52 jaw
1728 2359 45 40 in
1796 2360 129 40 order

305 2392 52 86 to
375 2400 104 52 bear
504 2432 61 43 up
590 2427 77 43 the
693 2430 111 44 slide
831 2434 81 41 bar
936 2436 91 41 and
1052 2435 274 42 immobilize
1352 2437 62 53 by
1438 2449 154 28 means
1618 2436 45 39 of
1688 2449 25 26 a
1739 2435 183 41 mortise

301 2463 111 58 j')"It
440 2490 77 44 the
544 2497 183 50 inferior
753 2510 226 54 fragment
1008 2527 57 26 on
1094 2512 145 41 which
1266 2527 65 27 we
1359 2514 57 40 do
1444 2517 78 36 not
1552 2516 195 49 operate.

384 2556 83 63 The
467 2556 146 63 slide
638 2582 83 42 bar
744 2600 108 42 may
876 2589 55 41 be
956 2590 208 42 fastened
1188 2603 57 27 on
1271 2590 77 40 the
1373 2602 142 41 upper
1538 2574 247 68 apparatus
1809 2586 109 41 with

302 2616 123 101 ko
457 2642 42 43 in
532 2652 89 44 this
652 2673 114 38 case,
799 2664 34 41 it
865 2665 36 41 is
932 2666 142 55 easily
1103 2667 137 40 taken
1273 2671 47 35 to
1349 2665 148 55 pieces
1526 2664 89 41 like
1638 2663 86 41 the
1724 2663 195 41 inferior

298 2704 149 51 S'lcldle
540 2727 82 44 Th'
685 2725 84 21 .,

298 2704 163 53 saddle
540 2727 108 47 This
670 2737 154 45 device
845 2742 124 52 gives
991 2744 77 41 the
1089 2744 257 51 advantage
1368 2746 47 36 to
1437 2755 76 27 use
1535 2741 76 41 the
1633 2754 121 27 same
1775 2753 138 40 appa-

298 2782 119 44 Us
446 2793 68 45 or
541 2806 77 43 the
648 2815 250 56 upholding
926 2820 45 39 of
1000 2820 76 41 the
1105 2820 247 50 fragments
1379 2818 128 40 when
1536 2816 206 42 reduced.

379 2860 116 54 ere
526 2877 36 44 is
594 2885 101 44 how
726 2905 65 29 we
824 2897 175 51 proceed
999 2897 44 51 :

379 2946 45 32 1°
454 2948 93 49 The
573 2973 250 45 apparatus
848 2986 74 28 are
948 2973 132 41 made
1107 2986 57 26 on
1189 2970 171 42 models
1387 2971 328 43 reconstituted
1740 2972 44 42 in
1811 2985 97 29 nor-

294 3010 85 40 ntal
414 3020 190 58 fixation
641 3045 92 40 and
768 3049 222 51 provided
1024 3049 111 41 with
1171 3048 244 53 anchoring
1452 3049 132 42 tubes
1621 3050 205 41 destined
1862 3054 47 36 to

294 3074 124 59 lock
447 3113 60 44 up
536 3111 76 44 the
641 3123 230 43 mandible
899 3126 176 53 against
1106 3125 76 41 the
1210 3124 216 50 maxillae;

290 3226 24 41 11
374 3175 47 32 2°
450 3176 93 49 The
565 3203 249 43 apparatus
836 3215 74 28 are
931 3202 265 42 afterwards
1217 3201 181 54 applied
1420 3217 55 26 on
1498 3203 170 42 models
1690 3203 44 42 in
1756 3218 151 39 wrong

290 3226 197 77 "-tt'On,
513 3266 90 41 and
628 3270 76 42 the
729 3274 164 56 sliding
918 3283 102 50 tray
1043 3278 36 42 is
1103 3278 180 54 ajusted
1307 3291 48 28 as
1379 3278 34 41 it
1438 3293 91 27 was
1553 3279 44 41 in
1622 3280 76 41 the
1722 3281 182 47 mouth;
