2434 3901
390 593 44 53 A
469 616 135 43 case
637 606 71 57 of
735 609 326 61 utilisation
1094 613 69 57 of
1193 634 33 37 a
1262 614 154 58 band
1454 613 71 59 of
1547 635 132 38 scar
1716 613 238 60 tissue

904 796 71 56 By
1011 797 44 54 J.
1095 797 324 49 ROBINSON,

623 868 367 45 Chirurgien-dentiste
1008 878 40 30 de
1065 878 32 30 la
1113 877 137 32 Faculte
1269 879 40 30 de
1326 879 175 31 medecine
1519 880 40 31 de
1577 880 101 39 Paris,

561 919 167 36 Assistant
752 926 44 30 du
821 927 215 42 Dispensaire
1059 937 38 24 n°
1121 941 37 31 45
1183 932 73 41 (rue
1282 932 40 30 de
1347 933 400 42 La-Tour-d'Auvergne).

568 1222 17 20 v

416 1321 193 61 Captain
642 1336 98 52 L.,
776 1343 224 43 wounded
1032 1344 45 43 in
1111 1348 255 54 september
1399 1358 111 43 1914
1542 1346 62 55 by
1636 1360 57 28 an
1718 1333 236 67 explosive

331 1384 57 67 11
388 1384 96 67 et,
507 1420 91 32 was
618 1419 242 48 presented
881 1423 50 38 to
952 1434 52 28 us
1026 1436 57 27 on
1106 1423 258 44 November
1385 1424 109 41 12th
1516 1434 109 43 1917
1647 1422 118 41 after
1784 1420 168 56 having

328 1472 255 61 undergone
602 1501 245 34 numerous
866 1495 164 54 plastic
1049 1499 270 54 operations.
1400 1500 83 41 His
1502 1513 143 41 upper
1662 1498 89 54 jaw
1768 1497 180 42 showed

328 1537 277 67 destruction
639 1567 47 39 of
718 1568 60 41 all
810 1570 78 42 the
922 1574 127 42 teeth
1082 1575 83 42 but
1198 1590 58 27 no
1291 1576 130 41 other
1453 1573 315 56 abnormality.
1863 1573 84 42 His

410 1639 49 30 er
474 1646 91 40 Jaw
584 1653 92 30 was
697 1645 196 43 reduced
913 1652 49 38 to
983 1650 81 44 the
1083 1656 91 37 two
1194 1652 115 42 rami
1330 1653 90 41 and
1441 1652 163 55 angles,
1628 1651 110 42 each
1758 1664 186 41 suppor-

324 1690 95 110 ting
444 1719 26 28 a
496 1711 140 58 single
662 1719 76 55 big
762 1722 158 43 molar.
1006 1726 95 43 The
1126 1728 143 42 whole
1296 1730 45 40 of
1366 1729 78 42 the
1470 1728 198 43 anterior
1691 1726 180 57 portion
1898 1728 46 41 of

323 1768 85 48 the
425 1780 116 51 bone
571 1798 255 54 comprised
852 1801 204 45 between
1084 1805 127 43 these
1239 1810 89 38 two
1357 1807 128 42 teeth
1512 1806 91 42 had
1631 1805 309 55 disappeared,

320 1844 75 47 the
420 1857 249 61 fragments
697 1874 134 56 being
857 1879 167 43 mobile
1051 1878 91 45 and
1169 1882 239 50 reducible,
1439 1883 90 42 and
1556 1882 247 43 connected
1829 1880 112 43 with

318 1930 81 96 One
429 1944 192 44 another
650 1949 64 55 by
744 1965 27 27 a
802 1957 156 52 strong
987 1957 125 42 band
1143 1959 45 40 of
1219 1972 98 28 scar
1346 1959 151 42 tissue.
1587 1960 95 41 The
1713 1948 100 52 chin
1846 1972 92 28 was

318 1993 230 75 flattened,
570 2025 92 42 and
679 2026 78 57 the
776 2027 135 45 lower
928 2030 62 57 lip
1008 2032 93 43 had
1118 2033 140 55 fallen
1272 2034 47 42 in
1336 2034 144 43 below
1496 2035 79 47 the
1593 2049 155 41 upper.
1827 2033 109 43 This

314 2072 231 63 normal
565 2101 200 51 position
787 2105 47 41 of
854 2106 79 43 the
953 2108 86 56 lips
1059 2112 250 52 prevented
1330 2111 78 41 the
1429 2110 177 56 patient
1628 2111 116 41 from
1766 2109 168 54 closing

311 2142 65 51 hIS
406 2172 164 42 mouth
600 2178 272 60 sufficiently
904 2188 48 37 to
984 2185 146 42 retain
1161 2187 78 41 the
1271 2187 154 42 saliva.
1516 2187 94 43 The
1641 2190 167 51 tongue
1841 2185 90 42 had

309 2219 109 58 been
441 2252 166 43 grazed
631 2254 64 55 by
719 2256 82 46 the
801 2256 165 46 bullet
993 2262 92 41 and
1108 2276 91 28 was
1225 2262 313 54 considerably
1562 2262 253 41 shortened.

391 2309 92 51 The
503 2323 124 47 band
648 2332 46 40 of
714 2346 98 29 scar
831 2335 139 44 tissue
990 2339 195 41 referred
1198 2343 49 37 to
1268 2339 147 42 above
1432 2339 183 41 became
1632 2351 112 40 very
1758 2336 170 56 tightly

306 2379 226 62 stretched
563 2417 58 30 on
651 2407 173 58 forcing
855 2412 78 43 the
963 2414 249 54 fragments
1243 2419 131 51 apart
1405 2418 48 38 to
1485 2412 158 44 obtain
1672 2412 250 49 reduction,

305 2461 88 41 Ild
425 2469 77 47 did
533 2485 82 38 not
648 2485 122 53 yield
801 2489 130 42 when
963 2491 197 42 traction
1192 2505 91 28 was
1316 2490 181 55 applied
1527 2493 50 38 to
1609 2490 201 41 advance
1842 2490 80 41 the

304 2533 86 45 oft
418 2556 128 44 parts
576 2561 267 58 anteriorly;
876 2565 59 41 all
965 2562 221 60 attempts
1217 2571 47 38 at
1295 2580 202 42 pressure
1526 2565 170 55 merely
1723 2565 197 42 resulted

299 2598 44 49 In
368 2625 182 60 causing
576 2634 78 44 the
680 2637 136 44 lower
839 2641 63 56 lip
929 2647 49 37 to
1004 2645 155 43 recede
1184 2643 92 42 still
1300 2643 188 41 further.
1571 2642 72 54 By
1674 2640 242 56 exercising

299 2689 199 56 Pressure
534 2712 269 45 underneath
837 2718 77 42 the
950 2719 143 49 band,
1125 2719 220 48 however,
1382 2718 78 41 the
1496 2716 103 43 chin
1633 2729 91 31 was
1761 2717 154 41 drawn

298 2752 189 68 forward
512 2787 101 41 and
629 2790 78 42 the
732 2791 136 44 lower
892 2794 87 56 lip
979 2794 198 56 brought
1202 2794 97 41 into
1324 2793 140 55 place,
1493 2793 90 41 and
1608 2792 77 42 the
1710 2792 203 55 problem

295 2827 259 75 henceforth
581 2866 206 45 resolved
813 2869 124 45 itself
962 2871 170 55 merely
1157 2870 96 42 into
1282 2883 84 28 one
1394 2869 46 42 of
1465 2870 79 41 the
1570 2874 120 38 most
1718 2869 193 44 suitable

293 2918 262 62 Pernianent
584 2945 260 50 prosthesis.

374 2997 105 52 Two
506 3019 141 40 metal
673 3021 163 54 splints
864 3039 113 27 were
1004 3023 290 43 constructed
1321 3024 91 41 and
1438 3037 47 28 so
1514 3025 218 54 arranged
1758 3024 46 42 in
1830 3025 79 42 the

290 3070 156 95 outh
470 3099 49 30 as
544 3096 47 38 to
617 3097 269 57 practically
910 3101 190 55 envelop
1124 3100 78 43 the
1226 3099 268 54 fragments;
1522 3114 26 27 a
1572 3100 126 43 thick
1721 3115 185 41 german

288 3136 140 59 ver
448 3163 104 44 wire
587 3172 160 43 united
781 3176 78 41 the
894 3181 89 38 two
1020 3178 91 41 and
1144 3176 104 42 held
1282 3176 77 42 the
1394 3176 247 56 fragments
1676 3178 148 55 firmly
1836 3163 7 4 -
1856 3179 67 53 m-

343 3259 17 57 (
360 3259 27 57 )
408 3269 60 36 See
483 3279 59 33 the
558 3285 204 35 illustration
777 3301 88 32 page
884 3303 67 32 191,
