2443 3904
693 457 317 34 MOBILISATrON
1040 452 258 48 MÉCANIQUE
1328 452 139 39 D'UNE
1496 462 212 38 ESQUILLE
1935 455 74 50 185

473 530 46 44 Si
543 536 92 45 l'on
661 544 231 49 considère
917 547 63 43 les
1006 548 142 43 forces
1175 552 153 39 contre
1353 548 234 53 lesquelles
1614 548 39 42 le
1680 548 227 55 dispositif
1931 554 77 38 eut

389 595 25 44 à
440 602 152 61 lutter,
623 617 40 42 le
692 621 192 43 résultat
912 624 72 42 fut
1012 625 283 55 rapidement
1324 623 179 42 atteint.
1536 624 68 41 La
1627 624 307 44 mobilisation
1961 640 46 27 se

387 684 219 49 Produisit
630 708 105 30 sans
761 697 231 54 douleurs;
1017 702 40 41 le
1082 705 183 38 contact
1291 700 53 41 de
1368 700 45 41 la
1436 699 104 54 tige,
1568 704 182 37 contact
1775 700 148 42 réduit
1948 715 59 28 au

385 754 251 65 Minimum,
678 772 72 42 fut
792 775 323 53 parfaitement
1154 778 151 41 toléré.
1350 776 61 43 Le
1450 780 154 38 retour
1653 790 89 27 aux
1782 778 222 43 normales

384 839 314 60 anatomiques
720 854 45 37 et
786 851 366 59 physiologiques
1176 864 26 33 a
1222 853 199 43 diminué
1442 853 62 43 les
1525 853 270 54 possibilités
1818 853 187 43 d'ossifi-

384 910 149 79 cation
555 920 62 43 du
638 925 216 53 plancher
874 934 45 37 et
942 931 149 42 donné
1113 946 90 27 aux
1223 932 177 41 travées
1422 944 87 28 une
1533 929 215 43 direction
1772 930 231 43 favorable

383 976 26 44 a
432 999 86 34 une
543 1000 330 45 consolidation
898 1007 101 53 plus
1024 1008 197 41 certaine
1246 1011 44 38 et
1315 1007 100 54 plus
1440 1010 222 52 prompte.

464 1065 46 42 Il
527 1077 60 36 est
604 1078 164 50 permis
787 1080 50 41 de
856 1082 194 42 conclure
1069 1084 160 54 qu'une
1248 1083 143 42 action
1409 1082 261 54 mécanique,
1694 1083 26 40 à
1737 1082 111 53 force
1869 1083 132 41 conti-

380 1142 95 46 nue,
507 1145 226 50 lentement
760 1159 281 52 progressive,
1072 1164 104 51 peut
1206 1163 81 41 être
1317 1160 161 41 exercée
1507 1173 77 27 sur
1611 1173 85 27 une
1726 1159 173 53 esquille
1928 1158 74 44 s'il

380 1213 163 71 existe
543 1213 234 71 un^moyen
805 1233 49 41 de
881 1236 261 53 préhension
1170 1242 38 37 et
1234 1237 40 41 si
1300 1236 207 55 l'esquille
1535 1240 59 38 est
1619 1235 143 55 placée
1789 1236 110 40 dans
1927 1236 72 43 des

378 1293 239 50 conditions
637 1305 50 42 de
708 1308 214 44 nutrition
943 1313 234 54 suffisante,
1201 1327 42 27 ce
1263 1313 77 55 qui
1358 1312 110 42 n'est
1486 1316 81 51 pas
1588 1311 301 55 exceptionnel.
