2369 3882
470 426 78 51 158
854 438 62 29 LA
941 438 340 30 RESTAURATION
1308 434 406 40 MAXILLO-FACIALE

469 517 193 43 d'éviter
700 532 60 28 au
798 518 145 42 blessé
981 532 64 28 un
1084 523 101 38 acte
1225 517 267 55 chirurgical
1530 517 209 54 toujours
1780 516 194 55 quelque
2013 522 88 48 peu

468 593 233 43 mutilant.
1086 574 306 24 ,1

557 672 126 42 Nous
705 687 143 29 avons
870 673 151 42 utilisé
1042 687 64 28 un
1125 672 203 56 appareil
1349 670 52 57 e),
1420 672 241 42 dénommé
1685 684 83 42 par
1786 683 115 29 nous
1925 665 178 47 Chariot

471 748 26 41 à
529 749 194 54 glissière
753 763 98 29 avec
881 750 66 42 vis
978 750 49 41 de
1057 748 157 57 rappel
1242 753 45 38 et
1316 749 260 54 représenté
1606 747 261 43 ci-dessous.

557 826 80 42 Cet
673 827 202 59 appareil
910 825 97 44 doit
1041 826 222 55 répondre
1299 839 92 28 aux
1424 823 257 44 conditions
1716 822 262 43 suivantes.:

558 902 41 54 a)
634 903 196 42 Exercer
849 906 77 39 sur
944 903 40 42 le
1005 903 228 57 fragment
1254 903 26 41 à
1300 901 190 49 réduire,
1507 905 46 38 et
1570 915 93 28 non
1679 909 78 33 sur
1774 900 64 42 les
1859 892 133 50 dents
2014 907 117 46 que

825 2275 72 37 FIG.
920 2284 26 21 1.
968 2292 38 6 —
1024 2275 140 31 Chariot
1180 2286 18 20 a
1213 2275 152 41 glissière
1383 2287 82 20 avec
1482 2278 50 29 vis
1550 2278 41 29 de
1608 2279 132 39 rappel.

972 2328 32 24 1°
1020 2322 55 32 Vu
1092 2323 76 30 d'en
1183 2324 101 38 haut;
1301 2329 35 24 20
1352 2323 54 31 Vu
1424 2324 40 30 de
1480 2324 112 41 profil.

674 2407 26 30 I.
721 2419 37 11 —
773 2407 42 39 A,
835 2406 98 30 Selle.
953 2423 35 5 -
1009 2405 37 40 B,
1065 2405 140 31 Plateau
1223 2406 39 29 de
1279 2401 208 45 glissement.
1505 2424 41 4 —
1573 2407 38 39 C,
1628 2406 58 31 Vis
1704 2407 40 30 de
1760 2406 129 41 rappel.

1006 2453 44 39 D;
1067 2452 111 31 Tubes
1194 2454 236 30 vestibulaires
1444 2454 104 32 lisses.

632 2514 43 30 II.
693 2532 42 5 —
756 2513 42 39 A,
824 2512 99 32 Selle.
947 2531 48 4 -
1016 2512 37 39 B,
1077 2512 141 30 Plateau
1241 2512 41 29 de
1305 2513 207 39 glissement.
1529 2530 47 4 —
1599 2512 39 40 C,
1654 2512 59 31 Vis
1737 2513 41 29 de
1800 2512 129 40 rappel.

684 2561 42 40 D,
742 2559 111 32 Tubes
868 2560 235 30 vestibulaires
1120 2560 103 29 lisses.
1236 2576 46 4 —
1296 2559 34 39 E,
1345 2559 168 30 Clavette.
1528 2577 42 5 —
1582 2559 34 39 F,
1631 2559 110 39 Tubes
1755 2558 122 32 filetés.

728 2619 60 31 111.
806 2637 42 4 —
865 2617 180 34 Gouttière
1063 2616 195 32 inférieure.
1278 2635 47 4 —
1338 2617 41 38 A,
1398 2617 93 31 Tube
1509 2618 217 30 vestibulaire
1742 2618 89 30 lisse.

588 2679 57 33 IV..
662 2696 41 6 —
717 2678 163 42 Appareil
892 2676 187 41 supérieur.
1099 2694 40 5 —
1160 2675 42 39 A,
1223 2674 172 31 Glissière.
1414 2695 48 16 —
1476 2676 36 39 B,
1533 2676 127 34 Orifice
1678 2676 130 31 destiné
1830 2676 18 31 à
1870 2677 32 29 la
1916 2678 56 45 vis

873 2725 41 30 de
930 2724 128 40 rappel.
1077 2741 41 5 —
1135 2723 38 39 C,
1194 2722 161 31 Glissière
1372 2733 86 30 pour
1473 2724 32 29 la
1520 2725 170 29 mortaise.

630 2785 42 32 V.
688 2803 35 5 —
738 2785 159 31 Mortaise
916 2782 150 32 destinée
1084 2782 17 30 à
1118 2782 219 30 immobiliser
1353 2781 31 31 le
1401 2781 170 41 fragment
1584 2793 41 20 en
1640 2781 111 32 bonne
1768 2784 160 40 position.

915 2836 58 32 VI.
994 2855 35 5 —
1046 2836 59 30 Vis
1122 2834 150 31 destinée
1291 2833 18 31 à
1324 2834 84 31 fixer
1424 2835 32 30 la
1470 2837 170 29 mortaise.

464 2997 50 27 ce
541 2984 228 55 fragment
798 2990 231 52 supporte,
1061 2999 89 28 une
1180 2984 154 43 action
1362 2986 92 40 très
1483 2984 281 55 vigoureuse,
1796 2997 105 29 sans
1930 2983 167 44 blesser

463 3058 45 42 la
540 3061 206 52 gencive;

557 3135 36 55 b)
628 3136 247 45 Conserver
905 3141 27 40 à
964 3153 49 28 ce
1044 3139 228 54 fragment
1304 3151 88 28 une
1425 3137 276 42 orientation
1732 3135 229 51 verticale,
1994 3148 103 30 nor-

521 3247 42 40 (1)
587 3246 216 35 L'exécution
819 3251 41 30 de
877 3256 53 25 cet
947 3251 150 41 appareil
1123 3261 18 19 a
1166 3249 55 31 été
1246 3249 140 31 réalisée
1411 3260 61 29 par
1496 3254 97 26 notre
1618 3250 114 29 habile
1749 3252 35 27 et
1800 3248 131 31 dévoué
1957 3248 82 30 chef
2053 3246 39 30 de

462 3295 217 38 laboratoire;
697 3295 31 31 le
744 3297 208 31 mécanicien
968 3299 146 29 dentiste
1129 3295 175 33 Moreaud.
