2354 3903
431 415 78 28 200
824 416 56 27 LA
905 415 340 29 RESTAURATION
1271 415 408 29 MAXILLO-FACIALE

433 500 178 42 elastics
643 513 73 29 are
748 501 228 41 extended
1006 501 314 54 horizontally,
1353 501 204 42 between
1587 501 77 42 the
1695 501 139 41 notch
1865 500 91 43 and
1986 497 76 42 the

433 570 228 54 fastening
689 571 123 40 hook
845 571 56 54 (5)
935 572 45 40 of
1008 572 77 41 the
1114 572 133 42 lower
1275 572 151 53 splint.

523 642 42 39 It
601 646 124 38 must
763 642 329 54 consequently
1126 656 55 39 go
1219 643 130 40 down
1385 643 178 52 enough
1599 643 77 41 the
1712 643 227 41 vestibula
1975 636 88 46 and

435 712 54 42 be
519 712 274 54 sufficiently
823 713 239 41 distanced
1090 712 116 41 from
1237 713 76 42 the
1344 713 132 42 lower
1505 713 138 55 splint
1673 713 45 41 in
1749 714 130 41 order
1907 716 79 38 not
2017 714 46 36 to

436 787 189 50 prevent
655 783 77 41 the
762 783 161 42 lateral
949 786 286 40 movements
1264 784 45 40 of
1337 784 77 42 the
1441 784 305 43 mastication.

525 858 47 35 20
603 852 39 39 A
670 852 134 42 lower
831 852 137 54 splint
995 853 46 40 in
1070 852 40 42 «
1110 852 160 42 maxilor
1270 852 60 42 »
1354 853 56 53 (4)
1441 867 57 27 on
1525 853 77 42 the
1629 854 117 41 back
1772 858 103 49 part
1903 853 45 41 of
1975 849 88 43 this

434 924 138 52 splint
606 924 36 40 is
674 923 205 42 soldered
910 938 26 26 a
968 924 121 40 hook
1124 924 57 53 (5)
1216 925 111 40 used
1356 924 70 41 for
1456 925 77 41 the
1565 924 439 53 elastics-fastening.

524 1059 265 40 MOUNTING
828 1069 60 30 OF
923 1070 94 29 THE
1055 1070 288 31 APPARATUS.
1382 1087 59 3 —
1478 1060 211 42 Fixation
1727 1060 44 41 of
1808 1060 78 42 the
1924 1067 141 47 upper

435 1129 93 41 and
557 1129 135 42 lower
719 1129 173 44 models
922 1143 58 28 on
1010 1143 58 28 an
1097 1131 266 41 articulator
1390 1131 83 41 but
1504 1131 46 41 in
1578 1143 153 41 wrong
1760 1130 301 42 articulation.

525 1200 64 40 To
629 1213 206 30 measure
878 1213 57 28 on
975 1200 78 42 the
1094 1201 176 54 patient
1311 1201 76 42 the
1428 1205 196 49 greatest
1667 1201 194 54 opening
1902 1200 45 42 of
1988 1198 76 42 the

435 1270 176 42 mouth.
709 1271 64 40 To
808 1271 225 43 maintain
1067 1272 77 42 the
1179 1272 172 42 models
1387 1286 47 27 as
1469 1272 33 40 if
1537 1272 77 42 the
1648 1272 164 42 mouth
1845 1286 91 27 was
1971 1266 93 45 half

435 1355 128 40 open.

523 1413 65 39 To
613 1413 133 42 make
773 1412 77 42 the
878 1413 43 53 «
921 1413 264 53 descending
1213 1414 66 40 rod
1279 1414 50 40 »
1355 1413 91 41 and
1471 1413 76 41 the
1573 1413 134 49 hook,
1734 1413 47 40 in
1807 1413 130 41 order
1962 1412 100 40 that

434 1482 79 42 the
542 1483 140 41 notch
710 1484 91 40 and
828 1483 77 41 the
934 1483 169 42 middle
1133 1483 44 41 of
1206 1484 77 41 the
1311 1484 120 41 hook
1460 1498 72 27 are
1563 1498 57 27 on
1648 1498 27 27 a
1703 1483 218 55 perfectly
1948 1481 116 42 hori-

435 1554 155 40 zontal
617 1553 147 53 plane.
858 1553 52 40 In
939 1566 48 26 so
1017 1552 136 53 doing
1182 1552 77 42 the
1289 1558 247 48 apparatus
1565 1555 217 52 produces
1811 1568 26 26 a
1867 1552 197 42 traction

437 1623 168 54 always
640 1623 146 54 equal.
884 1622 93 41 The
1015 1623 217 54 declivity
1267 1623 44 40 of
1347 1623 77 42 the
1460 1625 128 52 angle
1624 1624 232 42 described
1891 1625 62 54 by
1988 1622 75 41 the

438 1694 228 41 extended
698 1693 155 41 elastic
886 1693 36 40 is
956 1693 77 41 the
1067 1707 124 27 same
1225 1694 143 41 above
1403 1695 92 40 and
1527 1695 143 41 below
1703 1695 77 41 the
1814 1687 250 48 horizontal

438 1766 145 52 plane.
674 1764 94 41 The
797 1764 137 41 latter
961 1764 38 40 is
1027 1764 173 53 figured
1229 1765 62 53 by
1319 1779 25 27 a
1374 1765 86 42 line
1491 1766 154 41 drawn
1674 1766 117 41 from
1820 1766 77 41 the
1927 1762 137 44 notch

438 1836 45 40 of
517 1835 77 40 the
631 1850 15 21 «
667 1834 272 53 descending
974 1835 66 41 rod
1040 1835 51 41 »
1126 1835 69 40 till
1229 1835 76 42 the
1341 1836 168 42 middle
1546 1837 45 40 of
1626 1837 77 41 the
1739 1837 133 41 lower
1907 1836 157 55 splint-

436 1905 121 39 hook
589 1904 180 57 (mouth
797 1904 232 53 half-open
1058 1919 47 27 as
1135 1905 260 54 previously
1422 1907 128 53 said).

524 2042 168 41 WORKIN
692 2042 73 41 ;
809 2052 58 28 OF
908 2052 94 29 THE
1046 2052 286 31 APPARATUS.
1377 2069 59 3 -
1478 2043 145 42 When
1664 2043 78 41 the
1784 2043 163 54 splints
1991 2053 72 30 are

436 2111 251 49 cemented,
720 2111 77 42 the
828 2116 250 50 apparatus
1108 2113 146 42 works
1284 2113 63 54 by
1377 2113 77 42 the
1485 2113 178 42 tension
1694 2113 45 41 of
1769 2113 177 42 elastics
1977 2112 86 41 fas-

436 2182 148 49 tened,
615 2196 58 27 on
701 2182 77 42 the
807 2182 273 53 descending
1107 2184 81 41 rod
1216 2184 139 40 notch
1383 2184 91 41 and
1501 2184 77 41 the
1606 2184 133 41 lower
1767 2182 293 55 splint-hook.

523 2253 93 41 The
654 2253 179 42 tension
869 2253 37 41 is
942 2267 124 29 more
1105 2268 49 27 or
1190 2254 85 42 less
1311 2254 230 42 increased
1577 2254 63 54 by
1677 2254 77 41 the
1791 2254 192 41 number
2019 2248 43 43 of

434 2323 190 42 elastics.

521 2395 94 42 The
650 2395 163 54 figures
850 2407 38 37 1,
925 2407 39 37 2,
1002 2406 39 40 3,
1077 2407 39 41 4,
1151 2395 124 41 show
1308 2395 77 42 the
1420 2409 111 40 very
1562 2408 124 29 same
1719 2408 101 29 case
1854 2393 164 44 treated
2018 2393 41 44 :

435 2465 138 53 figure
614 2479 20 28 I
674 2467 92 41 and
804 2478 23 29 2
865 2466 62 54 by
962 2466 78 41 the
1077 2470 249 50 apparatus
1362 2466 103 41 here
1502 2466 144 41 above
1683 2466 253 48 described;
1974 2461 89 45 and

436 2535 139 53 figure
611 2549 25 38 3
672 2537 91 41 and
799 2548 27 41 4
860 2537 63 53 by
958 2550 59 27 an
1052 2540 248 51 apparatus
1336 2536 44 40 of
1415 2536 360 54 intermaxillary
1809 2536 119 41 force
1963 2547 99 42 pro-

436 2605 137 42 vided
605 2607 111 40 with
750 2607 179 41 elastics
962 2607 207 41 fastened
1202 2620 58 27 on
1293 2607 154 41 hooks.

520 2676 70 54 By
619 2678 285 54 comparison
935 2677 45 41 of
1010 2677 125 41 these
1167 2676 208 42 different
1406 2677 162 54 figures
1598 2677 103 41 that
1732 2677 221 55 complete
1985 2676 75 41 the

435 2747 316 51 explanations
773 2748 155 41 stated
948 2748 160 48 above,
1132 2748 35 40 it
1189 2747 36 41 is
1247 2761 107 40 easy
1375 2752 48 36 to
1446 2748 258 54 appreciate
1726 2748 77 41 the
1825 2747 236 43 difference

436 2814 44 40 of
506 2815 77 43 the
607 2817 142 42 forces
775 2819 217 41 obtained
1016 2819 62 54 by
1101 2819 126 41 these
1253 2822 91 37 two
1369 2819 132 41 kinds
1526 2818 44 41 of
1596 2823 261 49 apparatus.
1940 2816 122 43 Both

436 2885 116 41 have
579 2886 114 42 been
719 2890 134 41 made
881 2889 70 41 for
977 2904 26 27 a
1031 2904 122 27 same
1183 2903 114 35 case,
1326 2889 84 41 but
1439 2889 78 41 the
1545 2890 161 41 results
1736 2903 72 28 are
1837 2889 222 42 different.

522 2955 93 41 The
644 2959 201 54 working
874 2961 45 40 of
948 2960 77 41 the
1055 2959 43 54 «
1098 2959 263 54 descending
1389 2961 67 40 rod
1456 2961 51 40 »
1534 2960 36 41 is
1599 2961 156 52 quick;
1785 2961 125 41 there
1938 2961 36 40 is
2003 2969 57 30 no

437 3028 87 41 loss
556 3025 44 41 of
632 3026 120 43 force
783 3031 92 40 and
904 3031 177 41 besides
1112 3031 35 40 it
1181 3031 106 41 does
1318 3035 83 35 not
1433 3035 189 49 prevent
1655 3031 46 40 in
1732 3044 90 41 any
1852 3045 102 41 way
1985 3030 75 41 the

436 3095 291 53 masticating
754 3105 296 37 movements.
