2449 3895
389 567 584 102 Pseudarthrose
1031 596 98 70 du
1191 596 421 69 maxillaire
1650 598 355 69 inférieur

592 757 204 71 guérie
842 781 106 56 par
992 762 180 78 greffe
1218 762 561 78 ostéo-périostique

689 903 229 53 (Méthode
949 909 57 42 H.
1039 901 364 58 DELAGÉNIÈRE,
1436 910 61 42 du
1526 909 160 56 Mans).

600 1102 6 2 -
1089 1085 87 29 PAR
1203 1085 82 29 MM.

468 1163 163 55 HENRI
664 1180 331 55 GUILLARD,

433 1239 130 44 Interne
592 1257 58 32 des
672 1261 167 42 hôpitaux
863 1267 41 30 de
929 1268 103 33 Paris.

1372 1189 79 42 CH.
1484 1187 422 55 BENNEJEANT,

1432 1270 148 30 Docteur
1596 1279 41 20 en
1652 1268 186 40 médecine,

1324 1321 389 41 Chirurgien-dentiste,
1713 1321 55 41 D.
1768 1321 55 41 F.
1823 1321 55 41 M.
1878 1321 59 41 P.

452 1643 60 48 Le
536 1657 149 47 soldat
710 1665 54 42 de
789 1674 48 35 2e
861 1669 152 51 classe,
1040 1459 63 263 M.
1103 1459 84 263 ben
1187 1459 148 263 L.,
1363 1672 61 42 du
1448 1685 22 28 1
1476 1679 48 46 5e
1548 1672 215 42 escadron
1787 1671 61 41 du
1870 1670 120 43 train

452 1643 60 48 Le
536 1657 149 47 soldat
710 1665 64 59 de
774 1665 64 59 ze
838 1665 172 59 classe,
1010 1665 88 59 M.
1125 1673 88 42 ben
1238 1673 97 49 Loo.,
1363 1672 61 42 du
1448 1679 76 46 Ise
1548 1672 215 42 escadron
1787 1671 61 41 du
1870 1670 120 43 train

372 1702 119 55 26
519 1723 104 60 Cie),
649 1739 70 37 est
747 1737 143 44 blessé
917 1754 59 28 au
1001 1756 129 29 cours
1158 1744 135 42 d'une
1324 1743 95 42 rixe
1451 1757 82 41 par
1564 1757 121 28 arme
1713 1743 30 41 à
1774 1742 74 42 feu
1880 1740 110 45 tirée

366 1770 40 64 a
406 1770 123 64 bout
555 1807 202 45 portant.

360 1924 11 3 -
485 1875 25 27 e
544 1878 53 32 10
628 1873 105 54 juin
756 1880 125 53 1918,
908 1881 31 41 il
971 1887 68 38 est
1072 1884 262 56 hospitalisé
1366 1900 58 27 au
1457 1884 160 43 Centre
1649 1884 341 44 maxillo-facial

360 1915 56 45 de
448 1913 180 70 armée
662 1946 205 46 d'Orient
906 1953 183 53 (service
1123 1956 61 41 du
1216 1956 372 54 médecin-major
1619 1952 176 58 Audy);
1828 1955 31 41 il
1890 1956 98 54 pré-

362 1996 122 44 Sellte
508 2018 99 61 une
607 2018 149 61 vaste
756 2018 149 61 plaie
905 2018 77 61 de
1010 2024 43 41 la
1080 2025 152 54 région
1260 2025 373 42 sous-maxillaire
1660 2025 172 54 gauche
1858 2029 46 38 et
1932 2024 54 42 de

377 1999 107 99 e
508 2018 90 61 une
625 2021 130 38 vaste
782 2016 146 78 plaie
928 2016 73 78 de
1001 2016 73 78 la
1074 2016 170 78 région
1244 2016 390 78 sous-maxillaire
1634 2016 198 78 gauche
1858 2029 46 38 et
1927 2024 59 78 de

360 2052 59 119 la
428 2070 161 57 region
607 2091 311 43 mentonnière
948 2096 376 55 communiquant
1352 2096 249 54 largement
1624 2110 120 68 avec
1765 2096 46 40 la
1837 2095 150 42 cavité

360 2124 183 92 ccale.
543 2124 288 92 Déviation
859 2162 62 42 du
947 2169 189 39 menton
1163 2167 27 41 à
1217 2167 172 53 gauche
1417 2171 45 38 et
1491 2165 340 57 aplatissement
1860 2165 54 42 de
1941 2165 44 41 la

359 2208 140 105 Partie
532 2217 238 55 inférieure
804 2233 63 41 du
899 2236 157 41 massif
1090 2237 133 43 facial
1257 2237 26 40 à
1317 2237 157 42 droite.
1512 2238 222 40 Fracture
1762 2235 221 55 complète

359 2267 51 45 de
433 2276 44 45 la
501 2285 197 55 branche
723 2301 279 46 horizontale
1029 2307 62 41 du
1115 2306 249 44 maxillaire
1388 2306 225 49 inférieur,
1641 2312 110 35 avec
1774 2309 127 50 perte
1927 2305 55 42 de

356 2334 237 69 substance
627 2368 193 46 étendue
857 2374 54 42 de
944 2375 219 43 l'incisive
1197 2376 197 42 centrale
1427 2375 237 42 inférieure
1699 2373 144 43 droite
1877 2375 26 40 à
1936 2373 45 41 la

352 2417 213 95 Première
590 2435 185 48 molaire
799 2443 238 45 inférieure
1062 2447 184 54 gauche.
1275 2446 204 42 Mobilité
1504 2444 228 44 anormale
1757 2444 76 41 des
1859 2444 120 40 deux

353 2489 256 103 ragments.
632 2505 60 44 Le
710 2511 215 55 moignon
943 2516 252 54 postérieur
1211 2519 68 80 est
1298 2515 135 41 attiré
1451 2528 61 27 en
1523 2514 113 41 haut
1654 2516 45 38 et
1718 2526 55 27 en
1792 2512 182 42 dedans.

416 2571 235 52 Moignon
680 2580 120 45 droit
829 2588 67 38 est
926 2586 175 43 abaissé
1130 2591 45 38 et
1205 2586 129 42 dévié
1362 2599 101 29 vers
1490 2585 44 46 la
1561 2583 185 55 gauche.

436 2639 52 36 12
518 2639 111 53 juin.
665 2650 87 44 Les
786 2654 120 42 deux
947 2657 236 55 moignons
1224 2661 104 38 sont
1363 2654 291 45 immobilisés
1695 2668 55 27 en
1788 2653 195 42 articulé

349 2697 180 70 correct.
529 2697 100 70 par
657 2734 88 31 une
776 2727 156 42 attelle
961 2729 263 54 métallique
1254 2727 167 42 scellée.
1456 2726 128 41 Cette
1614 2724 154 42 attelle
1799 2728 68 42 est
1897 2724 78 41 ob-

348 2757 131 57 tenue
502 2792 83 40 par
606 2787 39 43 le
675 2794 193 55 coulage
886 2798 26 40 à
939 2797 44 42 la
1010 2808 150 45 presse
1189 2798 109 42 d'un
1326 2796 159 53 alliage
1511 2796 120 53 léger
1658 2793 314 45 d'aluminium

346 2835 254 83 provenant
625 2859 55 42 de
709 2869 169 39 carters
907 2867 103 43 hors
1040 2869 195 53 d'usage.
1268 2868 133 40 Deux
1429 2865 69 42 fils
1527 2865 54 42 de
1612 2864 144 46 laiton
1784 2869 188 51 passant

345 2907 122 45 re
513 2919 63 46 les
622 2934 290 50 prémolaires
962 2943 44 37 et
1041 2939 75 42 les
1162 2936 216 57 première
1425 2940 44 38 et
1516 2934 235 46 deuxième
1799 2950 171 41 grosses

343 2976 202 56 molaires
578 2995 248 57 ligaturent
859 3007 190 46 l'attelle
1084 3024 58 27 au
1174 3008 101 56 plus
1308 3007 144 54 grand
1484 3007 239 55 fragment.
1761 3008 210 43 L'attelle

341 3047 67 99 est
434 3060 156 47 scellée
618 3083 59 29 au
704 3074 168 45 ciment
902 3068 57 53 de
986 3080 154 43 Caulk.
1162 3080 73 40 Au
1261 3078 166 42 niveau
1454 3079 55 42 de
1533 3079 47 42 la
1606 3083 127 52 perte
1762 3080 54 42 de
1843 3080 128 43 subs-

341 3106 142 67 nce,
508 3145 126 55 pour
634 3145 278 55 compenser
945 3151 112 42 dans
1090 3164 87 28 une
1209 3148 198 43 certaine
1440 3163 175 29 mesure
1647 3150 45 42 la
1723 3150 245 43 rétraction

341 3178 290 81 ricielle,
658 3212 190 47 l'attelle
874 3220 148 43 décrit
1022 3220 107 43 une
1155 3219 163 43 courbe
1343 3220 26 41 à
1395 3222 237 41 concavité
1656 3224 187 40 tournée
1867 3235 102 29 vers

339 3243 39 47 e
404 3256 113 55 haut
550 3274 90 60 (fig.
674 3284 58 52 1).
