2371 3847
383 3357 39 21 LA
446 3360 255 24 RESTAURATION
726 3364 316 22 MAXILLO-FACIALE.
1768 3369 36 20 10

593 636 157 57 Essai
788 637 69 57 de
899 635 462 59 reconstitution
1406 636 181 57 totale

433 779 102 70 du
600 783 262 68 Massif
913 783 410 69 maxillaire
1389 783 357 69 inférieur

279 943 104 58 par
414 938 101 60 des
547 942 212 77 greffes
792 952 306 58 cutanées,
1138 964 364 57 muqueuses
1538 958 59 42 et
1628 964 279 37 osseuses

762 1138 102 40 PAR
889 1136 106 49 L.
995 1136 496 49 DUFOURMENTEL,

511 1221 92 31 Chef
618 1223 43 29 du
682 1222 124 31 Centre
824 1223 41 30 de
883 1224 167 40 chirurgie
1067 1223 276 30 maxillo-faciale
1362 1223 40 29 de
1419 1223 31 29 la
1470 1228 53 24 10e
1538 1221 140 41 Région.

365 1657 65 45 La
457 1665 278 43 destruction
763 1668 54 41 de
842 1667 44 42 la
911 1668 196 43 branche
1133 1668 276 43 horizontale
1436 1670 61 41 du
1523 1667 249 43 maxillaire
1797 1666 112 44 infé-

280 1725 115 49 rieur
424 1743 44 37 et
499 1742 55 42 de
585 1757 79 27 son
695 1743 247 57 enveloppe
974 1745 54 42 de
1059 1744 134 43 tissus
1223 1760 129 28 mous
1388 1746 130 55 (peau
1549 1750 45 38 et
1625 1745 282 55 muqueuse),

281 1811 165 45 semble
496 1818 93 43 être
633 1821 141 41 restée
819 1820 210 56 jusqu'ici
1073 1823 234 42 au-dessus
1352 1823 77 41 des
1473 1837 250 29 ressources
1768 1823 55 42 de
1866 1822 43 41 la

281 1879 218 66 chirurgie
531 1896 327 43 restauratrice.
894 1899 126 42 Nous
1052 1913 54 27 en
1139 1898 157 43 avions
1328 1900 364 53 précédemment
1726 1901 125 41 tenté
1883 1899 26 41 à

280 1956 214 55 plusieurs
526 1971 186 54 reprises
742 1972 44 41 la
816 1973 346 42 reconstitution
1194 1978 45 38 et
1270 1974 207 42 n'avions
1510 1975 170 44 obtenu
1714 1989 87 41 que
1833 1975 77 42 des

279 2033 210 53 résultats
521 2045 279 57 incomplets.
837 2050 126 41 Nous
995 2054 269 51 rapportons
1296 2034 56 57 ici
1384 2065 87 27 une
1506 2051 290 41 observation
1830 2050 79 55 qui

277 2117 112 50 nous
415 2121 148 52 paraît
591 2122 296 45 intéressante
915 2125 26 41 à
968 2125 43 42 la
1039 2125 83 42 fois
1149 2140 83 41 par
1258 2126 43 41 la
1327 2128 259 40 nouveauté
1614 2128 61 40 du
1702 2128 205 53 procédé,

278 2196 81 41 Par
381 2192 39 42 le
446 2197 90 43 bon
562 2199 188 42 résultat
777 2201 170 42 obtenu
973 2206 44 38 et
1041 2216 84 41 par
1149 2202 43 41 la
1216 2207 154 37 courte
1397 2204 133 40 durée
1558 2203 61 41 du
1646 2202 262 42 traitement

278 2264 88 50 qui,
392 2277 259 40 commencé
674 2276 39 41 le
739 2276 53 41 18
816 2277 196 49 octobre,
1038 2282 109 49 peut
1171 2279 94 40 être
1288 2278 228 41 considéré
1540 2291 174 28 comme
1739 2279 169 41 achevé

279 2333 25 43 à
334 2339 43 46 la
408 2348 105 44 date
545 2352 61 41 du
637 2352 54 42 28
722 2353 248 49 décembre,
1004 2353 272 43 c'est-à-dire
1306 2354 146 41 moins
1483 2356 54 41 de
1569 2355 118 41 deux
1718 2353 114 43 mois
1863 2359 44 37 et

279 2413 117 48 demi
433 2428 141 52 après.

364 2496 64 45 La
448 2504 329 55 photographie
803 2505 89 55 (fig.
919 2506 39 54 1)
983 2510 177 38 montre
1181 2504 128 43 l'état
1332 2507 111 41 dans
1464 2506 146 54 lequel
1631 2520 114 28 nous
1766 2520 142 29 avons

280 2573 216 57 entrepris
533 2579 39 43 le
610 2580 154 43 blessé.
808 2581 36 41 Il
882 2581 111 43 était
1031 2584 186 55 amputé
1255 2583 54 41 de
1347 2596 79 27 son
1464 2582 156 41 massif
1656 2583 251 42 maxillaire

279 2637 209 58 inférieur
525 2656 121 43 selon
684 2672 87 27 une
808 2658 117 54 ligne
962 2659 155 50 allant,
1158 2660 54 41 de
1249 2659 174 54 chaque
1460 2659 113 48 côté,
1614 2659 54 42 de
1705 2659 43 41 la
1785 2659 121 42 fente

280 2715 181 58 buccale
492 2732 26 42 à
549 2733 162 55 l'angle
740 2734 61 42 du
826 2734 265 43 maxillaire.
1110 2711 55 65 Il
1196 2750 56 26 ne
1275 2733 155 44 restait
1454 2734 93 42 rien
1571 2735 53 42 de
1647 2736 42 40 la
1711 2736 196 42 branche

279 2793 275 59 horizontale
589 2810 47 42 ni
665 2811 54 42 de
749 2825 79 28 son
858 2812 261 55 enveloppe,
1162 2811 108 41 c'est
1312 2810 91 42 dire
1445 2825 86 39 que
1571 2811 43 41 la
1642 2811 119 43 lèvre
1798 2812 108 43 infé-

280 2871 152 61 rieure,
463 2885 39 42 le
535 2887 214 55 plancher
771 2889 53 40 de
848 2888 42 41 la
922 2889 186 47 bouche,
1137 2888 39 40 le
1204 2891 200 44 menton,
1433 2887 61 41 les
1524 2887 141 55 plans
1689 2890 219 56 sus-hyoï-

281 2947 122 52 diens
419 2961 169 43 étaient
608 2963 205 43 détruits.
837 2965 66 41 De
923 2964 81 42 l'os
1021 2964 164 55 hyoïde
1203 2963 30 40 il
1252 2962 156 42 restait
1427 2964 216 56 quelques
1662 2965 246 57 fragments

280 3029 76 49 qui
374 3034 208 46 s'étaient
602 3041 162 40 soudés
779 3040 68 47 les
875 3055 84 27 uns
987 3054 89 28 aux
1103 3043 164 44 autres,
1295 3038 190 56 n'ayant
1523 3041 176 43 d'autre
1733 3044 175 42 soutien

281 3109 225 46 antérieur
541 3130 87 40 que
662 3116 39 41 le
729 3115 213 55 moignon
967 3118 53 41 de
1043 3117 160 53 langue
1226 3117 231 48 conservé;
1480 3117 173 43 celui-ci
1682 3120 228 43 lui-même

280 3179 35 51 n
315 3179 125 51 était
474 3192 213 42 accroché
714 3207 87 40 que
834 3207 82 40 par
963 3208 66 28 ses
1070 3192 204 42 attaches
1318 3195 490 55 postéro-supérieures,
1848 3198 63 42 les

280 3250 226 58 faisceaux
532 3267 291 43 musculaires
855 3268 118 54 stylo
1007 3273 44 38 et
1083 3268 433 56 pharyngo-glosses.
