2485 3916
771 441 219 30 APPAREIL
1020 445 59 28 DE
1110 444 140 30 FORCE
1279 444 412 29 INTERMAXILLAIRE
1952 444 79 41 197

493 510 257 56 Construire
774 524 43 43 la
840 531 191 51 potence
1061 530 56 54 (2)
1143 534 46 38 et
1212 529 39 43 le
1274 529 175 41 bouton
1478 529 56 54 (5)
1561 544 54 27 en
1639 528 167 42 faisant
1829 543 55 27 en
1907 532 119 38 sorte

407 585 84 42 Que
514 582 233 54 l'encoche
776 600 47 37 et
852 592 38 48 le
922 598 156 43 milieu
1110 601 61 41 du
1203 601 174 41 bouton
1409 613 57 28 se
1487 603 215 39 trouvent
1735 601 93 40 être
1860 613 76 27 sur
1963 614 61 27 un

404 644 103 52 plan
541 661 324 49 parfaitement
901 669 265 44 horizontal.
1204 672 71 40 En
1309 671 246 54 procédant
1592 670 125 49 ainsi,
1752 684 60 28 on
1826 669 203 51 obtient

403 724 59 35 Un
487 733 199 49 appareil
713 736 79 54 qui
816 740 184 53 produit
1026 757 87 27 une
1139 742 119 42 force
1284 741 55 42 de
1362 741 198 42 traction
1585 742 206 54 toujours
1816 739 135 55 égale,
1978 740 43 41 la

384 1591 131 43 Pente
553 1600 178 59 d'angle
774 1609 167 44 décrite
976 1627 83 40 par
1100 1614 38 42 le
1174 1615 280 41 caoutchouc
1493 1629 56 28 en
1588 1613 176 43 tension
1801 1614 127 39 étant
1963 1610 43 42 la

383 1656 142 93 erne
560 1671 88 43 soit
688 1679 251 50 au-dessus,
978 1683 89 41 soit
1104 1685 263 42 au-dessous
1407 1686 53 41 de
1496 1685 44 40 la
1574 1683 116 55 ligne
1726 1681 276 57 horizontale

383 1719 162 58 décrite
572 1754 83 41 par
680 1760 86 29 une
792 1748 118 56 ligne
937 1753 79 53 qui
1040 1754 135 42 serait
1201 1755 111 42 tirée
1339 1756 53 41 de
1416 1755 226 42 l'encoche
1669 1754 53 41 de
1747 1753 44 40 la
1815 1755 189 53 potence

382 1801 55 33 au
463 1804 152 75 milieu
645 1815 61 42 du
735 1818 175 45 bouton
939 1823 55 41 de
1021 1824 44 41 la
1092 1825 223 53 gouttière
1345 1827 67 40 du
1434 1826 94 48 bas,
1560 1839 56 28 au
1649 1827 201 39 moment
1881 1822 52 42 de
1961 1821 43 43 la

379 1867 193 52 Position
605 1882 53 44 de
689 1887 329 48 mi-ouverture
1052 1894 53 42 de
1137 1895 43 41 la
1211 1896 187 41 bouche.

445 2901 454 63 FONCTIONNEMENT
925 2936 62 29 DE
1012 2925 290 42 L'APPAREIL.
1328 2948 58 4 -
1411 2923 81 41 Les
1517 2922 245 54 gouttières
1785 2938 87 30 Une
1898 2925 84 43 fois

360 2971 188 60 scellées,
578 2986 237 60 l'appareil
839 2999 72 37 est
939 2996 85 42 mis
1054 3011 54 27 en
1137 2994 151 42 action
1315 3008 84 40 par
1425 2992 44 42 la
1496 2994 110 43 mise
1635 3010 55 27 en
1719 2996 178 42 tension
1927 2997 53 42 de

358 3044 299 100 caoutchoucs
682 3068 126 38 entre
830 3064 228 46 l'encoche
1082 3067 54 42 de
1158 3066 43 40 la
1223 3068 191 52 potence
1438 3065 61 41 du
1522 3067 112 41 haut
1667 3072 44 37 et
1743 3067 39 43 le
1806 3068 173 43 bouton

359 3103 316 81 accrochage
709 3134 53 41 de
794 3135 43 41 la
869 3138 224 53 gouttière
1126 3138 60 41 du
1219 3135 92 41 bas.

442 3185 64 57 La
529 3198 173 61 tension
702 3198 130 61 plus
857 3220 57 28 ou
937 3209 145 41 moins
1105 3205 216 44 s'obtient
1344 3220 83 41 par
1448 3207 39 42 le
1511 3209 187 42 nombre
1722 3211 76 40 des
1822 3215 150 38 caout-

359 3247 174 58 choucs.
