2494 3925
793 446 270 34 TREATMENT
1091 454 55 27 OF
1174 454 28 28 A
1232 455 381 29 PSEUDARTHRITIS
1932 459 77 40 I77

408 503 56 13 \r'I.,-,
496 502 21 14 .,

464 516 113 66 6
608 516 70 43 for
707 522 243 48 cicatricial
982 533 259 49 retraction,
1275 533 76 42 the
1382 534 137 53 splint
1553 534 232 42 described
1815 551 25 26 a
1871 550 135 28 curve

389 564 105 47 With
520 576 57 46 its
604 595 246 56 concavity
875 602 167 41 turned
1068 604 197 41 towards
1292 604 77 41 the
1396 609 80 48 top
1507 604 91 54 (fig.
1630 605 56 53 i).

468 644 175 59 August
670 664 112 48 1Jth.
871 669 93 43 The
991 672 159 43 buccal
1177 674 90 41 and
1294 673 100 43 skin
1420 675 188 40 wounds
1634 674 169 54 having
1828 675 173 50 healed,

386 701 72 48 the
489 723 176 48 patient
698 747 91 30 was
823 742 276 43 transferred
1131 750 47 36 to
1212 746 77 40 Dr.
1327 743 178 43 Revel's
1537 745 190 52 surgical
1760 746 180 41 service.

465 783 246 59 September
737 808 100 41 2nd.
925 812 94 43 The
1046 815 137 53 splint
1211 829 90 27 was
1327 815 316 42 re-cemented.

463 853 43 74 v
506 853 219 74 eptewiber
725 853 111 74 yd.
938 883 247 54 Operation
1224 892 47 35 to
1310 885 173 54 replace
1522 886 77 41 the
1638 886 360 53 pseudarthrosis

381 908 58 59 y
466 923 113 53 bone
608 946 156 46 grafts.

442 995 296 107 Chloroform
771 1024 298 43 anaesthesia.
1162 1028 181 42 Patient
1374 1028 180 42 showed
1585 1042 25 27 a
1640 1027 186 42 vertical
1856 1028 140 42 linear

378 1063 92 39 SI-ir
497 1069 115 52 from
643 1084 77 44 the
749 1089 81 43 left
861 1093 136 43 labial
1027 1099 291 42 commissure
1348 1104 47 36 to
1426 1099 76 41 the
1533 1098 116 42 chin.
1738 1098 149 41 Below
1916 1098 76 41 the

373 1118 130 110 lower
536 1144 163 52 border
734 1161 45 40 of
815 1163 77 42 the
926 1168 201 49 maxilla,
1166 1182 23 29 2
1226 1170 287 42 centimeters
1548 1170 115 40 from
1699 1168 77 41 the
1810 1168 181 43 median

373 1188 54 64 Jin
496 1220 91 40 WaS
612 1227 62 56 a.
674 1227 230 56 depressed
928 1236 188 44 cicatrix
1141 1240 218 54 adhering
1383 1246 48 36 to
1456 1241 76 41 the
1558 1240 111 53 deep
1690 1239 179 48 tissues,
1896 1239 26 40 i.
1950 1255 35 25 e.

372 1263 75 65 the
447 1263 133 65 floor
601 1296 45 39 of
670 1299 77 43 the
769 1306 176 41 mouth.
1030 1310 93 42 The
1145 1310 88 43 loss
1257 1311 44 40 of
1324 1312 123 53 bony
1469 1311 242 42 substance
1732 1324 91 28 was
1846 1309 139 43 about

373 1343 21 30 2
420 1353 113 41 Cent.
564 1369 23 41 5
616 1363 45 43 in
689 1369 154 56 lenght
872 1378 91 40 and
986 1381 227 43 extended
1235 1383 115 40 from
1379 1382 76 41 the
1483 1382 117 52 right
1629 1381 169 41 central
1825 1380 163 42 incisor

368 1406 48 110 th
433 1415 74 47 the
527 1426 94 49 rst
642 1437 46 44 lef
688 1437 35 44 t
743 1445 157 42 molar.
981 1450 38 41 A
1039 1452 249 52 prosthetic
1308 1458 248 48 apparatus
1575 1466 91 27 was
1684 1451 302 51 maintaining

368 1474 72 46 the
469 1435 247 151 fragments
747 1513 45 40 in
821 1518 118 51 good
969 1521 211 52 position.

364 1614 40 40 d'
450 1565 46 32 1°
525 1568 71 45 An
619 1576 191 49 incision
834 1601 91 28 was
950 1592 133 41 made
1109 1593 133 53 along
1267 1594 76 41 the
1369 1594 109 53 edge
1504 1594 45 40 of
1574 1594 76 41 the
1674 1593 89 54 jaw
1787 1598 47 37 to
1859 1606 123 28 some

364 1614 196 88 ance
596 1645 183 58 beyond
815 1658 77 42 the
929 1664 248 54 extremity
1213 1665 44 40 of
1294 1666 110 41 each
1441 1665 44 41 of
1522 1665 77 42 the
1636 1670 89 36 two
1762 1664 219 54 opposing

362 1695 216 65 egIllents
578 1695 87 65 of
703 1723 128 53 bons,
872 1731 92 41 and
1002 1746 91 29 was
1131 1736 257 53 completed
1426 1737 62 53 by
1525 1751 26 26 a
1590 1736 165 42 second
1792 1734 187 43 incision

360 1757 127 104 I
522 1781 77 45 the
634 1796 188 42 vertical
860 1800 188 43 cicatrix
1084 1805 116 42 from
1236 1821 108 27 near
1379 1807 77 42 the
1493 1807 289 42 commissure
1817 1811 48 37 to
1901 1806 77 41 the

360 1823 71 117 inii
431 1823 57 117 er
514 1853 109 55 edge
652 1864 45 39 of
726 1867 77 42 the
832 1873 200 42 maxilla.

440 1918 48 33 2°
518 1920 92 49 The
646 1940 205 41 external
887 1944 189 50 surface,
1115 1948 77 41 the
1228 1948 134 43 lower
1397 1949 109 53 edge
1543 1950 90 40 and
1670 1949 76 41 the
1781 1949 193 41 internal

354 1976 168 96 surface
553 1997 45 39 Of
628 2003 78 43 the
737 2011 199 43 anterior
965 2015 226 54 fragment
1223 2032 113 28 were
1366 2020 199 53 exposed
1594 2020 63 53 by
1685 2032 155 31 means
1872 2019 44 41 of
1947 2035 26 26 a

354 2046 161 53 Uglne.
601 2070 93 46 The
720 2082 223 49 posterior
967 2086 225 54 fragment
1220 2103 90 27 was
1336 2090 110 42 then
1472 2091 178 41 treated
1674 2090 46 40 in
1746 2090 77 42 the
1849 2104 122 28 same

352 2115 107 54 Way.
553 2135 40 44 It
627 2145 163 46 should
822 2153 54 42 be
909 2158 140 40 noted
1081 2159 102 41 that
1217 2161 125 41 these
1375 2166 225 48 segments
1633 2162 44 39 of
1709 2161 116 41 bone
1856 2175 114 26 were

350 2185 106 56 verv
479 2199 188 56 Ifficult
693 2222 48 37 to
765 2221 190 46 liberate
981 2241 57 27 on
1063 2236 193 35 account
1283 2231 45 40 of
1353 2231 77 41 the
1455 2232 99 42 firm
1580 2230 216 41 adhesion
1821 2230 45 40 of
1891 2230 77 41 the

346 2253 86 100 soft
458 2278 125 41 parts
609 2287 49 38 to
684 2289 78 43 the
788 2293 160 44 buccal
973 2313 186 28 mucosa
1185 2301 91 40 and
1302 2301 76 41 the
1405 2302 169 52 danger
1599 2301 45 40 of
1670 2300 194 53 opening
1889 2300 78 41 the

344 2313 185 120 latt
663 2361 233 53 assistant,
920 2368 110 41 with
1053 2384 26 27 a
1100 2371 141 52 finger
1261 2372 46 39 in
1330 2372 76 40 the
1427 2371 164 43 mouth
1612 2370 45 41 of
1672 2370 76 41 the
1770 2370 193 53 patient,

344 2385 44 71 o
388 2385 156 71 lOWed
564 2428 91 40 and
676 2436 251 42 controlled
948 2440 76 41 the
1045 2446 261 38 movement
1330 2442 45 40 of
1396 2442 76 41 the
1494 2441 169 53 rugine,
1687 2441 95 40 first
1805 2453 57 27 on
1884 2439 77 41 the

341 2469 198 100 W
562 2494 109 47 then
695 2516 58 29 on
777 2507 77 42 the
878 2508 195 45 internal
1096 2513 188 41 surface.
1369 2513 93 41 The
1486 2512 222 53 difficulty
1730 2511 230 41 increased

341 2534 47 104 b
388 2534 95 104 hen
483 2534 95 104 the
578 2534 383 104 pseudarthrosis
988 2582 121 42 itself
1137 2583 91 42 had
1256 2588 48 36 to
1332 2584 55 41 be
1414 2582 222 42 liberated
1662 2582 116 40 from
1806 2580 151 53 neigh-

338 2595 187 114 b0
554 2638 253 51 adhesions.
904 2652 41 41 It
978 2667 91 28 was
1101 2654 206 54 strongly
1339 2654 157 41 united
1529 2658 47 36 to
1609 2652 76 42 the
1718 2657 90 36 two
1840 2652 116 40 bone

338 2668 254 85 fr
640 2713 196 60 forming
881 2736 26 27 a
953 2724 191 54 triangle
1190 2725 110 40 with
1347 2725 106 40 base
1499 2722 279 42 downwards
1824 2722 129 41 when

335 2709 82 119 vicw
417 2709 33 119 C
522 2771 115 51 from
662 2786 77 42 the
763 2790 138 51 front,
927 2796 91 40 and
1041 2795 228 42 consisted
1292 2795 44 39 of
1360 2795 168 39 fibrous
1552 2793 137 41 tissue
1713 2794 115 39 from
1854 2804 24 41 7
1904 2798 47 35 to

332 2808 36 113 t
368 2808 108 113 Ill.
496 2840 138 51 thIck.
713 2858 93 44 The
823 2862 241 44 liberation
1082 2866 45 40 of
1145 2866 76 41 the
1239 2864 203 42 external
1460 2864 174 41 surface
1651 2878 90 27 was
1759 2863 192 42 effected

332 2885 44 110 to
398 2907 46 31 as
466 2918 107 38 near
594 2922 77 44 the
695 2932 80 53 top
798 2947 49 28 as
869 2935 210 53 possible,
1104 2937 83 41 but
1210 2936 35 40 it
1268 2950 91 27 was
1381 2934 258 55 impossible
1662 2940 47 36 to
1733 2935 116 42 clear
1871 2935 76 42 the

328 2954 82 123 aj
410 2954 82 123 ar
492 2954 192 123 border
684 2954 111 123 as
827 3005 78 42 the
937 3006 162 44 tissues
1131 3006 197 43 adhered
1359 3011 48 36 to
1436 3007 76 42 the
1538 3006 198 54 gingival
1762 3021 185 29 mucosa

328 3035 241 114 Tcould
592 3071 80 36 not
698 3070 117 45 have
840 3075 112 44 been
977 3079 126 42 freed
1126 3078 192 41 without
1345 3077 177 54 cutting
1545 3077 96 42 into
1667 3079 77 42 the
1768 3080 175 42 mouth.

325 3161 64 42 *
408 3060 90 101 6
532 3126 116 51 bone
681 3139 250 57 fragments
965 3150 91 41 and
1090 3148 361 56 pseudarthrosis
1485 3151 219 41 attached
1737 3156 48 36 to
1819 3151 124 42 them

324 3161 127 116 bein
472 3192 106 50 s
600 3216 199 46 exposed
821 3217 280 55 throughout
1124 3218 118 43 their
1262 3218 259 56 continuity
1543 3221 76 42 the
1641 3221 300 43 interosseous

324 3232 160 67 fibrous
522 3267 137 51 tissue
697 3294 90 33 was
825 3288 178 43 excised
1039 3290 63 55 by
1138 3304 26 27 a
1200 3288 206 51 bistouri,
1444 3296 160 51 except
1643 3297 45 36 at
1728 3292 76 41 the
1842 3297 94 51 top,
