2473 3916
480 578 346 95 Appareil
892 590 91 70 de
1048 593 203 70 force
1316 594 605 71 intermaxillaire

608 752 152 56 pour
791 738 326 60 déviations
1149 745 641 79 antéro-postérieures

779 867 102 56 des
929 870 352 58 maxillaires
1326 871 310 60 inférieurs

961 1040 88 40 Par
1080 1041 51 40 E.
1166 1040 268 53 MORALE,

641 1113 94 32 Chef
755 1117 43 30 du
824 1118 213 33 Laboratoire
1062 1122 40 30 de
1124 1123 160 40 prothèse
1309 1125 42 29 du
1377 1125 123 31 Centre
1524 1127 40 29 de
1588 1127 167 39 chirurgie

558 1163 33 26 et
614 1163 40 32 de
677 1167 160 37 prothèse
860 1174 236 28 restauratrice,
1117 1174 40 29 de
1181 1174 30 29 la
1236 1174 71 30 face
1332 1176 40 29 de
1396 1177 29 28 la
1451 1176 67 40 13e
1518 1176 136 40 Région
1679 1176 147 39 (Vichy).

841 1218 111 40 (Chef
974 1222 42 29 du
1042 1222 98 31 Centre
1140 1222 43 31 :
1212 1224 44 29 DI'
1279 1224 32 30 F.
1340 1225 198 42 LEMAITRK.)

462 1536 80 46 Cet
576 1552 215 51 appareil,
819 1557 90 41 très
944 1557 171 57 simple,
1151 1562 148 41 donne
1334 1563 53 41 de
1422 1564 113 40 bons
1568 1560 234 48 résultats;
1838 1573 86 41 que
1957 1559 44 41 la

378 1592 171 61 bouche
581 1618 88 42 soit
701 1629 186 38 ouverte
920 1639 57 29 ou
1010 1630 177 49 fermée,
1220 1630 44 41 la
1293 1631 197 42 traction
1520 1645 76 28 sur
1624 1631 39 41 le
1694 1628 250 49 maxillaire
1971 1630 26 40 à

374 1671 219 54 redresser
611 1688 174 58 s'opère
803 1697 207 53 toujours
1030 1700 422 51 horizontalement,
1475 1703 54 40 de
1548 1700 194 51 l'arrière
1762 1701 26 40 à
1806 1699 187 44 l'avant.

458 1744 82 49 Les
571 1762 226 52 appareils
828 1767 54 41 de
912 1767 120 44 force
1068 1769 386 55 intermaxillaire,
1487 1771 78 55 qui
1599 1786 54 32 se.
1674 1759 99 55 font
1804 1769 192 43 ordinai-

373 1814 170 50 ciiient
572 1841 110 33 avec
712 1821 199 58 boutons
939 1853 116 41 pour
1083 1843 317 48 caoutchoucs,
1432 1857 76 28 sur
1534 1841 249 56 gouttières
1783 1841 137 56 haut
1949 1844 45 39 et

402 1891 60 42 as,
486 1892 44 60 n
530 1892 198 60 opèrent
745 1919 83 41 pas
850 1908 208 54 toujours
1081 1913 258 45 exactement
1339 1913 95 45 la
1455 1913 198 42 traction
1677 1913 53 42 de
1750 1911 196 43 l'arrière
1969 1912 24 40 à

369 1941 190 75 avant;
589 1972 146 43 même
764 1990 55 28 en
847 1978 263 54 distançant
1139 1983 319 42 sensiblement
1485 1984 63 41 les
1576 1972 195 53 boutons
1794 1968 199 56 d'accro-

368 2016 158 64 chages
557 2038 63 43 du
650 2043 120 43 haut
796 2047 55 42 de
880 2022 140 69 ceux
1034 2052 61 41 du
1126 2053 96 49 bas,
1253 2053 45 41 la
1327 2053 198 42 traction
1554 2067 78 33 sur
1665 2053 41 41 le
1742 2052 250 42 maxillaire

364 2087 100 104 est
464 2087 75 104 a
573 2123 89 40 peu
696 2117 102 52 près
833 2118 280 46 horizontale
1149 2137 86 39 que
1271 2123 113 41 dans
1416 2123 44 41 la
1494 2123 198 55 position
1726 2124 54 40 de
1814 2123 177 43 bouche

364 2117 118 106 e,
482 2117 119 106 e
618 2181 25 41 à
664 2198 176 31 mesure
859 2202 86 41 que
965 2190 44 42 la
1026 2192 175 42 bouche
1222 2193 191 48 s'ouvre,
1434 2197 118 38 cette
1569 2192 197 44 traction
1785 2206 44 27 se
1842 2195 142 38 trans-

365 2223 138 59 forme
521 2248 356 62 d'horizontale,
901 2261 55 40 de
985 2261 196 43 l'arrière
1212 2263 26 40 à
1266 2263 190 49 l'avant,
1480 2278 55 27 en
1563 2262 226 49 verticale,
1823 2263 53 40 de
1905 2262 81 42 bas

366 2308 54 35 en
443 2307 126 53 haut.

444 2377 22 77 ^T1
466 2377 18 77 l
514 2394 67 38 est
613 2393 269 60 important,
904 2401 180 57 lorsque
1114 2404 94 42 l'on
1238 2393 142 53 désire
1412 2404 193 54 corriger
1635 2416 86 31 une
1752 2402 232 47 mauvaise

328 2456 8 2 -
361 2447 196 54 Position
588 2465 112 44 d'un
737 2471 265 51 maxillaire,
1040 2488 87 40 que
1168 2475 64 41 les
1266 2474 222 55 appareils
1522 2488 85 40 que
1645 2473 93 41 l'on
1770 2472 212 55 applique

361 2516 191 58 °P6rent.
566 2534 79 43 des
672 2547 319 37 mouvements
1019 2545 276 41 redresseurs
1317 2544 79 53 qui
1416 2538 144 47 soient
1583 2558 54 26 en
1664 2545 186 51 rapport
1872 2555 109 29 avec

359 2588 111 55 ceux
496 2609 86 41 que
604 2605 95 45 l'on
722 2610 143 43 désire
889 2614 191 42 obtenir.

463 2660 238 67 L'appareil
733 2680 55 42 de
813 2683 123 42 force
966 2684 372 45 intermaxillaire
1365 2697 85 41 que
1482 2696 113 28 nous
1625 2683 264 53 présentons
1921 2680 57 43 ici

353 2728 181 97 Remplit
568 2758 48 30 ce
644 2750 327 58 desideratum;
996 2755 31 42 il
1056 2756 94 56 agit
1177 2756 111 41 dans
1322 2755 39 41 le
1395 2768 101 28 sens
1521 2753 139 43 voulu
1687 2752 204 55 puisque,
1921 2752 55 41 de

353 2784 274 74 ouverture
649 2820 25 41 à
692 2821 49 42 la
763 2822 243 46 fermeture
1027 2817 55 51 de
1105 2827 44 41 la
1168 2826 188 47 bouche,
1380 2825 42 40 la
1444 2823 198 42 traction
1663 2824 54 41 de
1743 2823 232 55 l'appareil

354 2869 78 37 SUr
468 2875 40 44 le
544 2889 254 46 maxillaire
829 2896 32 41 à
904 2910 207 30 ramener
1145 2911 57 27 en
1237 2897 149 40 bonne
1428 2893 196 56 position
1662 2899 66 36 est
1766 2894 207 53 toujours

351 2940 179 51 bercée
558 2955 410 52 horizontalement
997 2968 55 41 de
1071 2959 204 49 l'arrière
1303 2966 25 39 à
1356 2964 188 42 l'avant.

434 3058 328 62 DESCRIPTION
796 3093 64 30 DE
893 3085 291 41 L'APPAREIL.
1217 3109 59 3 —
1308 3082 255 56 L'appareil
1594 3097 46 28 se
1673 3097 236 42 compose:

434 3138 48 34 10
512 3139 72 45 En
612 3146 119 53 haut,
761 3152 135 44 d'une
918 3156 231 53 gouttière
1177 3169 55 27 en
1257 3153 194 42 maxilor
1480 3153 47 56 (i)
1527 3153 36 56 ;
1590 3169 78 28 sur
1694 3159 127 38 cette
1838 3158 131 52 gout-

347 3189 107 53 here
472 3216 75 37 est
572 3216 114 45 fixée
711 3221 45 42 la
779 3228 192 50 potence
1002 3227 62 55 (2)
1088 3227 108 42 faite
1223 3224 110 43 d'un
1357 3225 47 41 fil
1429 3227 55 40 de
1507 3225 281 43 maillechort
1812 3226 153 55 rigide.

430 3272 66 47 La
517 3290 193 48 potence
732 3298 69 40 est
824 3295 114 45 fixée
960 3311 78 28 sur
1057 3297 46 42 la
1124 3295 223 60 gouttière
1370 3311 82 42 par
1473 3311 82 27 son
1577 3296 239 44 extrémité
1838 3299 128 55 supé-
