2336 3900
441 448 78 39 204
831 443 54 28 LA
916 443 337 30 RESTAURATION
1283 442 403 30 MAXILLO-FACIALE

672 3305 182 33 Bordeaux.
878 3326 45 6 -
950 3308 224 41 Imprimeries
1199 3307 272 38 GOUNOUILHOU,
1495 3316 87 29 9-11,
1606 3317 56 19 rue
1690 3306 184 30 Guiraude.

726 752 73 35 Cet
832 752 120 36 index
988 752 354 45 bibliographique,
1379 753 101 34 dont
1514 763 101 24 nous
1649 762 101 24 nous
1784 761 88 34 pro-

651 833 146 35 posons
820 824 50 34 de
892 823 235 45 poursuivre
1150 824 38 35 la
1210 822 259 46 publication,
1496 824 152 34 devant
1670 820 204 47 présenter

652 893 188 36 d'autant
868 893 89 45 plus
985 893 189 36 d'intérêt
1200 893 97 46 qu'il
1328 903 86 25 sera
1442 893 90 45 plus
1559 892 186 45 complet,
1775 902 101 24 nous

653 964 135 46 prions
814 975 72 25 nos
914 964 197 36 confrères
1138 965 69 46 qui
1235 964 182 35 auraient
1444 963 136 46 publié
1607 965 69 34 des
1704 965 173 33 travaux

654 1038 49 33 de
736 1036 90 35 bien
860 1036 155 35 vouloir
1047 1047 102 24 nous
1183 1047 47 24 en
1264 1038 153 33 donner
1449 1034 247 36 l'indication
1729 1033 149 46 précise

654 1118 101 34 pour
774 1106 126 36 éviter
920 1109 146 34 autant
1085 1118 79 34 que
1184 1106 171 46 possible
1375 1108 115 33 toute
1509 1106 200 35 omission.

733 1628 95 34 This
861 1626 327 46 bibliographical
1221 1626 119 35 index
1374 1626 132 35 wliose
1538 1625 247 46 publication
1822 1634 58 26 we

656 1699 139 35 intend
809 1700 42 32 to
868 1700 98 42 keep
980 1707 65 33 on,
1059 1696 79 34 will
1156 1697 50 35 be
1224 1696 43 35 of
1284 1708 24 23 a
1328 1699 155 43 greater
1502 1697 166 36 interest
1688 1706 44 26 as
1751 1696 32 34 it
1803 1695 76 35 will

658 1770 163 34 become
848 1778 109 24 more
982 1767 208 46 complete.

733 1839 213 36 Therefore
973 1849 59 25 we
1059 1840 73 35 ask
1158 1838 42 36 of
1227 1849 72 24 our
1328 1838 33 44 «
1361 1838 168 44 confrères
1529 1838 69 44 »,
1628 1838 89 35 who
1746 1837 130 36 would

656 1911 104 34 laave
785 1909 130 35 issued
943 1920 108 24 some
1076 1910 141 42 works,
1245 1911 43 32 to
1315 1910 50 34 be
1392 1920 40 24 so
1460 1908 96 36 kind
1583 1920 43 24 as
1652 1911 44 33 to
1721 1908 91 44 give
1836 1919 47 24 us

660 1980 49 36 ail
746 1979 278 37 informations
1059 1980 126 35 about
1220 1980 123 42 them,
1381 1979 40 35 in
1456 1980 117 36 order
1606 1983 43 31 to
1685 1978 119 37 avoid
1840 1990 44 26 as

662 2052 119 36 mucli
808 2062 43 26 as
878 2051 173 48 possible
1077 2063 81 35 any
1184 2051 200 36 omission.

552 3080 44 30 LA
627 3082 259 33 RESTAURATION
912 3083 333 31 MAXILLO-FACIALE
1271 3083 58 29 est
1352 3093 64 19 une
1441 3083 134 29 tribune
1604 3083 101 36 libre;
1733 3082 47 29 les
1805 3081 198 41 signataires
2034 3077 56 30 des

462 3129 133 30 articles
619 3133 33 25 et
676 3130 47 29 les
745 3133 198 29 annonciers
965 3131 144 40 gardent
1132 3130 151 30 l'entière
1308 3130 256 40 responsabilité
1589 3130 40 30 de
1654 3130 87 29 leurs
1764 3129 257 40 appréciations.

1229 3223 447 31 L'Administrateur-Gérant
1676 3223 57 31 :
1757 3223 43 30 H.
1820 3221 186 33 VILLAIN.
