2402 3891
486 428 77 50 156
873 441 55 28 LA
958 439 335 31 RESTAURATION
1324 439 403 29 MAXILLO-FACIALE

481 539 66 28 we
577 539 93 29 owe
702 531 48 36 to
780 526 36 41 it
846 541 26 27 a
902 525 309 44 considerable
1240 525 267 55 proportion
1537 526 46 40 of
1613 539 82 28 our
1722 540 176 28 success
1927 526 46 40 in
2002 520 109 47 such

481 609 123 29 cases
630 611 48 28 as
704 611 74 28 are
804 611 102 28 now
930 596 275 55 sufficiently
1230 595 77 43 old
1330 600 48 37 to
1405 597 55 42 be
1485 596 201 55 judged.)

568 733 95 42 The
692 733 141 42 result
863 734 45 41 of
939 747 81 28 our
1048 733 125 42 work
1205 733 46 41 in
1293 733 90 41 this
1422 732 220 49 instance,
1674 747 48 28 as
1760 733 156 41 shown
1944 734 63 53 by
2036 730 75 42 the

482 810 311 55 photographs
820 810 113 56 (figs.
960 811 24 40 8
1008 811 92 41 and
1122 810 59 54 9),
1197 810 36 41 is
1256 809 141 55 really
1417 809 262 55 gratifying.
1764 810 43 40 It
1830 814 168 38 cannot
2020 809 90 54 yet,

482 886 221 49 however,
727 887 56 42 be
806 887 266 42 considered
1093 885 123 49 final,
1240 885 121 43 since
1384 886 77 41 the
1484 886 117 41 bone
1622 886 121 54 graft
1765 886 37 42 is
1824 890 81 37 not
1928 900 49 28 so
1999 880 114 47 solid

480 977 48 27 as
556 963 35 41 it
619 963 90 41 will
736 964 186 41 become
950 963 46 40 in
1024 977 156 29 course
1208 964 46 40 of
1282 963 131 49 time;
1443 962 84 42 but
1555 968 48 36 at
1632 963 93 42 this
1753 964 106 41 date
1890 964 222 53 (January

483 1040 123 54 12th)
638 1055 66 28 we
732 1041 117 41 have
879 1054 137 40 every
1044 1054 159 28 reason
1232 1044 48 37 to
1309 1040 116 54 hope
1454 1040 103 40 that
1586 1040 78 41 the
1692 1039 254 42 functional
1973 1036 139 46 result

479 1116 89 41 will
596 1117 56 42 be
681 1131 49 28 as
759 1116 295 55 satisfactory
1082 1131 48 27 as
1159 1117 78 41 the
1265 1116 334 55 improvement
1628 1116 46 40 in
1703 1116 218 54 patient's
1948 1128 164 43 appea-

481 1207 146 29 rance.
717 1195 70 41 He
803 1207 84 28 can
911 1192 186 55 already
1111 1193 102 44 feed
1227 1192 180 44 himself
1423 1192 112 42 with
1552 1207 115 34 ease,
1686 1193 176 54 though
1882 1207 58 27 no
1959 1188 154 47 dental

481 1270 247 54 prosthesis
754 1271 81 41 has
862 1284 49 27 as
938 1274 76 51 yet
1041 1270 114 41 been
1182 1271 273 53 attempted.
1543 1270 143 41 There
1712 1269 36 42 is
1775 1284 57 26 no
1863 1269 180 54 flowing
2069 1265 43 43 of

479 1345 159 50 saliva,
665 1347 92 41 and
782 1347 163 54 speech
970 1347 80 40 has
1077 1347 185 41 become
1288 1346 164 42 almost
1479 1345 188 43 normal.
1754 1347 70 40 No
1853 1346 199 53 dressing
2077 1343 35 41 is

480 1436 238 40 necessary
751 1423 47 40 in
832 1423 117 54 spite
984 1423 45 40 of
1064 1422 79 41 the
1176 1422 95 41 fact
1307 1423 103 40 that
1446 1423 78 40 the
1558 1422 88 41 last
1682 1422 238 55 operation
1954 1423 46 40 of
2035 1421 76 41 the

479 1498 134 43 series
644 1499 37 41 is
714 1499 45 40 of
790 1498 113 42 such
933 1503 153 36 recent
1119 1499 120 40 date.
1332 1498 94 41 The
1458 1512 121 28 scars
1610 1498 89 42 will
1731 1498 265 55 eventually
2027 1497 86 43 dis-

480 1589 171 41 appear
677 1579 49 36 to
755 1589 26 27 a
807 1587 113 40 very
945 1578 128 49 great
1101 1578 172 37 extent.
1363 1575 248 49 Moreover,
1640 1576 78 41 the
1747 1575 178 55 patient
1953 1589 98 35 can,
2080 1571 33 42 if

480 1653 57 41 he
558 1651 126 49 likes,
709 1651 130 42 allow
860 1651 78 40 the
960 1650 99 41 hair
1081 1650 44 40 of
1148 1650 77 42 the
1248 1649 123 56 scalp
1392 1651 120 53 graft
1535 1656 48 37 to
1604 1666 135 40 grow,
1763 1653 45 40 in
1830 1652 147 42 which
1998 1665 114 32 case,

483 1743 49 27 as
556 1729 36 41 it
616 1729 36 41 is
678 1726 232 54 naturally
934 1725 141 54 curly,
1101 1726 35 40 it
1162 1726 89 41 will
1277 1727 125 53 quite
1427 1728 216 55 passably
1666 1729 217 42 resemble
1909 1744 26 27 a
1958 1727 154 46 beard,

482 1804 242 55 especially
748 1803 34 41 if
807 1801 203 55 skilfully
1036 1806 90 37 cut.
1215 1803 56 40 So
1297 1803 70 42 far
1392 1805 55 41 he
1472 1805 82 42 has
1579 1806 114 41 been
1719 1805 335 43 clean-shaven.

571 1878 362 55 Unfortunately
953 1879 77 41 the
1052 1879 98 41 hair
1170 1893 144 40 grows
1336 1886 47 36 at
1406 1895 83 28 one
1511 1887 104 49 spot
1636 1883 146 41 where
1804 1883 127 42 there
1952 1879 163 45 should

484 1958 55 41 be
559 1971 116 27 none
700 1956 100 52 (viz.
824 1969 57 27 on
902 1956 77 41 the
1000 1955 128 43 inner
1147 1956 176 43 surface
1345 1957 44 41 of
1410 1958 77 42 the
1511 1958 112 41 floor
1643 1959 45 40 of
1709 1960 76 40 the
1805 1960 198 53 mouth),
2025 1956 91 44 and

483 2034 81 40 has
592 2037 49 37 to
669 2032 55 42 be
751 2035 79 38 cut
858 2031 306 56 periodically.
1256 2033 52 40 In
1338 2047 81 28 our
1446 2034 278 55 experience,
1754 2036 222 48 however,
2006 2033 110 43 such

482 2109 177 55 ectopic
682 2109 98 42 hair
803 2109 81 41 has
907 2124 26 27 a
957 2111 228 54 tendency
1208 2114 48 37 to
1281 2110 254 55 disappear,
1560 2116 213 37 constant
1797 2116 184 38 contact
2004 2110 111 43 with

483 2187 78 42 the
590 2186 144 42 saliva
763 2186 134 55 being
926 2186 274 56 apparently
1228 2188 331 42 unfavourable
1588 2192 48 37 to
1665 2188 58 41 its
1751 2188 191 54 growth.
