2494 3892
461 3362 40 24 Lk
524 3370 254 41 RESTAURATION
801 3392 317 28 MAXILLO-FACIALE.
1844 3406 34 22 II

1009 656 95 54 Un
1150 652 256 79 appareil

395 793 193 71 pour
626 804 402 91 réduction
1074 816 92 69 de
1211 816 361 72 fractures
1617 816 396 81 anciennes

818 989 78 58 du
942 994 324 58 maxillaire
1310 992 281 73 inférieur

541 1109 265 66 (CHARIOT
841 1142 36 35 A
911 1134 283 50 GLISSIÈRE
1231 1146 142 37 AVEC
1405 1147 85 36 VIS
1527 1147 73 36 DE
1634 1134 223 65 RAPPEL)

629 1301 89 47 Par
741 1309 40 43 le
808 1313 374 59 Médecin-Major
1207 1319 53 41 de
1287 1324 49 37 2e
1361 1318 139 42 classe
1525 1317 238 52 FRISON,

724 1391 94 33 Chef
830 1395 45 31 du
892 1397 124 32 Centre
1035 1401 40 29 de
1092 1401 243 41 Stomatologie
1353 1401 40 30 de
1410 1401 38 30 la
1448 1401 64 30 10e
1528 1400 139 41 Région.

419 1858 8 3 -
465 1816 65 48 La
556 1832 237 53 réduction
822 1846 54 43 de
905 1849 220 44 certaines
1152 1852 221 43 fractures
1400 1853 239 43 anciennes
1667 1853 61 42 du
1755 1850 248 45 maxillaire

381 1876 219 80 inférieur,
629 1925 111 34 avec
766 1926 127 48 perte
921 1902 73 82 de
994 1902 243 82 substance
1237 1902 121 82 plus
1358 1902 99 82 ou
1482 1928 153 44 moins
1635 1928 155 44 étend
1792 1943 69 36 ue,
1888 1927 115 43 mais

382 1920 88 140 r,
470 1920 147 140 aVec
617 1920 176 140 perte
793 1920 88 140 de
881 1920 294 140 substance
1175 1920 147 140 plus
1322 1920 88 140 ou
1410 1920 176 140 mOIns
1586 1920 147 140 eten
1733 1920 117 140 ue,
1850 1920 153 140 malS

381 1958 203 114 toujours
625 2001 57 31 en
722 1996 101 42 voie
867 2000 55 41 de
965 2002 331 46 consolidation
1338 2005 208 50 vicieuse,
1580 2007 6 2 -
1591 2009 67 38 est
1700 2005 169 55 parfois
1911 2005 91 41 fort

381 2032 171 109 ?
579 2059 27 42 à
634 2066 190 49 obtenir.
856 2076 39 40 Il
920 2092 115 28 nous
1062 2079 145 44 arrive
1233 2080 333 56 fréquemment
1593 2077 57 47 de
1677 2086 125 38 nous
1802 2086 200 38 trouver

380 2120 69 80 en
449 2120 233 80 Présence
727 2147 110 45 d'un
881 2152 156 52 blessé,
1083 2158 265 52 présentant
1393 2157 77 42 des
1504 2148 266 67 fragments
1806 2157 256 58 orientés

346 2186 60 94 -
406 2186 302 94 Sernent,
744 2224 251 56 fragments
1030 2232 111 54 qu'il
1173 2247 115 27 nous
1322 2237 68 38 est
1424 2233 259 55 impossible
1719 2234 53 41 de
1806 2233 188 48 réduire,

376 2267 282 67 avec
685 2305 90 52 une
775 2305 228 52 pression
1029 2308 224 44 manuelle
1286 2309 252 54 énergique.
1572 2309 65 40 La
1667 2308 328 42 consolidation

372 2345 68 38 est
469 2364 78 47 cep
609 2367 29 41 d
1450 2382 518 42 "b'l't

372 2345 68 76 est
469 2364 252 70 cependant
750 2390 159 33 encore
938 2381 294 58 incomplète;
1261 2386 156 40 tantôt
1445 2384 31 41 il
1504 2384 142 42 existe
1675 2398 87 27 une
1790 2382 205 43 mobilité

375 2424 24 29 a
425 2427 250 85 61116
675 2427 376 85 tantôt,
1073 2474 59 28 au
1156 2460 236 50 contraire,
1419 2475 114 27 nous
1560 2464 263 39 constatons
1846 2458 145 56 l'exis-

371 2490 72 90 ten
443 2490 54 90 C
520 2514 46 48 ci
566 2514 63 48 un
652 2528 68 40 cal
744 2531 176 45 fibreux
942 2536 316 46 relativement
1284 2536 141 42 lâche.
1462 2537 114 54 Quoi
1602 2536 109 55 qu'il
1737 2550 55 28 en
1826 2535 101 50 soit,
1951 2535 40 42 le

371 2570 281 97 issement
652 2570 374 97 extemporané
1026 2570 126 97 de
1174 2613 221 43 l'articulé
1416 2612 176 43 normal
1613 2616 67 38 est
1702 2612 286 49 irréalisable,

371 2648 74 79 x
445 2648 111 79 so
556 2648 260 79 uhons
849 2700 46 29 se
928 2691 263 52 présentent
1223 2704 115 41 pour
1370 2689 191 54 corriger
1593 2693 118 38 cette
1745 2688 245 43 difformité

370 2730 190 57 voie
574 2747 331 59 d'installation
932 2765 220 46 définitive
1152 2765 41 46 :

454 2816 47 32 1°
530 2818 99 49 Une
657 2829 311 54 intervention
997 2842 291 55 chirurgicale
1317 2845 142 51 ayant
1488 2855 115 41 pour
1630 2842 85 42 but
1745 2842 54 42 de
1827 2842 162 43 libérer

366 2867 86 91 jes
452 2867 261 91 ragnaents,
744 2912 275 49 c'est-à-dire
1045 2917 319 51 l'ostéotémie;

406 3029 9 10 ,
450 2969 49 34 2°
528 2970 100 49 Une
661 2982 321 55 intervention,
1005 2995 291 56 prothétique
1330 3009 83 40 par
1447 2995 76 42 des
1558 2997 223 55 appareils
1816 2999 170 42 devant

366 3023 235 89 Terminer
601 3023 78 89 la
679 3023 289 89 réduction
994 3072 134 42 lente.

425 3110 166 99 Avant
618 3133 54 43 de
698 3138 112 45 faire
836 3148 134 53 appel
996 3163 59 28 au
1081 3161 215 33 concours
1323 3148 61 41 du
1410 3140 266 65 chirurgien,
1703 3161 114 34 nous
1843 3168 142 28 avons

362 3186 168 89 referé
555 3206 184 78 tenter
739 3206 289 78 correction
1028 3206 342 78 prothétique,
1370 3206 263 78 encouragé
1633 3206 133 78 par
1789 3230 44 43 la
1858 3245 127 29 cons-

362 3253 229 91 tatatioin
591 3253 183 91 d'uilp-
774 3253 344 91 consolidation
1164 3315 158 28 encore
1367 3301 272 58 incomplète
1686 3311 45 37 et
1778 3307 206 43 désireux
