2488 3895
749 455 259 33 APPARATUS
1037 459 84 30 FOR
1150 460 232 29 REDUCING
1411 459 256 30 FRACTURES
1937 453 78 49 169

395 511 72 47 the
488 523 225 59 fragment
736 538 45 43 in
803 544 241 54 executing
1065 559 83 29 one
1171 559 49 27 or
1242 549 87 37 two
1352 544 218 54 windings
1593 546 45 40 of
1661 546 75 42 the
1759 547 252 54 regulating

394 593 144 44 screw.

476 661 230 70 February
742 682 93 52 9th.
930 685 94 43 The
1060 686 234 43 reduction
1328 685 91 41 and
1453 699 26 27 a
1514 686 170 53 perfect
1719 686 289 43 articulation

392 733 70 36 are
484 736 228 54 obtained.
797 755 80 41 We
900 762 176 36 cement
1101 758 76 41 the
1200 756 222 53 retaining
1445 755 137 54 splint
1610 756 90 54 (fig.
1725 757 59 53 3).

473 875 108 49 OBS.
611 887 61 43 II.
699 918 59 4 —
784 895 183 44 Private
996 899 97 49 P.,
1114 899 223 42 wounded
1364 900 106 52 May
1496 898 123 53 29th,
1645 898 124 53 1918,
1792 898 61 54 by
1880 899 123 41 burs-

387 933 93 62 ng
504 952 44 39 of
571 964 209 44 grenade.
866 966 109 44 Sent
1002 974 47 36 to
1075 970 77 42 the
1178 968 368 53 Stomatological
1568 973 152 37 center
1739 969 45 40 of
1811 969 191 49 Rennes,

387 1000 114 57 June
541 1027 94 46 5th.

469 1085 131 53 Point
629 1103 44 39 of
699 1111 182 40 entrance
881 1111 61 40 :
972 1110 168 43 middle
1167 1111 87 42 line
1282 1111 44 41 of
1353 1110 76 42 the
1455 1111 134 42 lower
1613 1110 75 54 lip.

468 1155 131 53 Point
626 1173 45 40 of
697 1176 76 42 exit
773 1176 47 42 :
850 1180 129 52 angle
1007 1182 45 40 of
1078 1182 76 42 the
1181 1180 245 50 mandible,
1454 1195 57 27 on
1538 1181 76 41 the
1641 1180 132 54 right.

465 1225 273 73 Destroying
761 1249 45 39 of
830 1249 76 42 the
930 1251 252 42 horizontal
1206 1266 150 27 ramus
1379 1252 115 40 from
1512 1250 256 55 symphysis
1787 1254 47 37 to
1853 1250 143 54 angle.

380 1283 68 48 An
469 1301 267 56 edentulous
759 1320 222 51 posterior
1003 1327 154 50 stump
1180 1323 35 41 is
1238 1323 122 41 what
1384 1322 192 42 remains
1600 1322 44 40 of
1667 1321 48 41 it.

462 1366 77 48 We
574 1384 254 45 undertook
863 1391 76 41 the
974 1397 247 39 treatment
1244 1395 45 39 of
1311 1393 90 41 this
1423 1392 222 41 wounded
1669 1396 48 36 at
1741 1391 76 42 the
1840 1392 86 42 end
1950 1393 44 40 of

377 1423 171 64 August
570 1451 130 44 when
723 1471 64 29 we
807 1460 179 43 arrived
1007 1468 47 36 at
1078 1463 76 42 the
1177 1462 368 54 Stomatological
1568 1467 151 37 center
1735 1463 46 40 of
1801 1463 190 41 Rennes.

459 1506 78 47 ^e
569 1527 282 43 ascertained
883 1531 76 41 the
991 1533 226 43 existence
1249 1535 45 39 of
1326 1548 25 26 a
1382 1548 110 40 very
1523 1538 154 48 strong
1707 1532 167 42 fibrous
1906 1531 87 43 cal-

374 1559 113 66 .,
522 1583 206 66 bringing
762 1601 208 51 together
1003 1603 76 42 the
1114 1609 90 36 two
1237 1605 247 53 fragments
1518 1604 44 41 in
1596 1617 151 40 wrong
1779 1602 209 55 position.

374 1633 67 47 All
469 1655 212 53 reduction
681 1655 86 53 is
796 1670 174 56 plainly
997 1673 259 55 impossible
1285 1676 69 40 for
1381 1675 76 42 the
1486 1675 119 53 large
1633 1675 80 41 left
1742 1675 245 52 fragment;

373 1705 72 47 the
471 1723 267 55 edentulous
764 1739 119 54 right
910 1756 82 29 one
1019 1759 107 40 may
1151 1746 54 42 be
1231 1746 184 42 secured
1440 1746 44 40 in
1511 1760 25 27 a
1561 1746 196 54 position
1782 1745 206 54 allowing

372 1784 24 30 zL
422 1794 114 90 good
564 1803 291 49 articulation
884 1813 70 40 for
981 1828 26 27 a
1035 1816 249 53 prosthetic
1313 1817 234 54 appliance
1580 1816 90 55 (fig.
1701 1817 58 54 4).

452 1857 78 48 C
562 1870 151 50 decide
713 1870 87 50 to
840 1884 197 52 practice
1074 1886 76 42 the
1188 1887 249 54 prosthetic
1475 1888 234 42 reduction
1741 1888 61 54 by
1832 1902 153 28 means

368 1917 42 40 of
442 1927 74 47 the
549 1941 162 59 sliding
744 1954 104 51 tray
880 1954 110 41 with
1024 1956 76 42 the
1134 1957 252 54 regulating
1418 1972 136 28 screw
1586 1959 45 39 in
1663 1958 322 53 immobilizing

366 1985 73 109 the
472 2001 117 56 right
623 2015 226 56 fragment
884 2023 62 55 by
979 2039 26 27 a
1038 2027 184 42 mortise
1255 2028 116 53 joint
1405 2029 203 41 soldered
1642 2042 56 27 on
1733 2029 75 41 the
1842 2043 143 40 upper

365 2065 242 109 -PParatus
638 2086 90 56 (fig.
758 2092 59 53 5).

361 2136 347 108 Slideptember
740 2164 120 50 13th.
951 2167 291 54 Application
1274 2169 44 40 in
1348 2170 161 41 mouth
1541 2171 45 40 of
1616 2174 247 49 apparatus
1891 2172 89 40 and

404 2195 113 71 Ing
547 2224 104 55 tray
685 2230 64 53 (as
780 2234 156 42 shown
966 2238 145 42 above
1142 2239 63 54 by
1235 2239 76 41 the
1342 2240 171 41 models
1543 2239 318 54 photograph).

443 2276 263 64 September
744 2304 108 52 14th
885 2308 90 41 and
1015 2308 226 54 following
1281 2309 124 54 days.
1505 2309 197 41 Gradual
1743 2309 233 41 reduction

357 2331 43 48 in
433 2359 244 63 Practising
711 2386 83 30 one
829 2389 50 27 or
913 2381 88 37 two
1036 2379 219 53 windings
1290 2380 46 39 of
1370 2379 76 42 the
1481 2378 252 54 regulating
1765 2392 148 28 screw.

440 2417 263 65 September
728 2450 112 37 21st.
926 2449 94 41 The
1045 2450 235 41 reduction
1305 2449 35 41 is
1365 2449 229 42 obtained.
1682 2449 41 40 It
1748 2448 36 41 is
1809 2448 163 54 impos-

355 2476 78 49 sibi
439 2503 21 27 e
486 2502 47 37 at
560 2517 26 27 a
612 2507 116 46 later
752 2517 157 52 period
937 2523 47 37 to
1011 2524 67 37 set
1105 2520 46 41 in
1178 2520 77 41 the
1281 2519 217 54 patient's
1524 2519 161 41 mouth
1712 2523 260 50 temporary

353 2558 286 73 asticating
663 2592 250 47 apparatus
943 2589 90 55 (fig.
1063 2590 58 55 6).

352 2753 27 42 b
436 2700 106 52 OBS.
571 2714 84 47 III.
692 2750 58 5 —
792 2728 182 44 Private
1022 2732 100 48 G.,
1159 2730 222 42 wounded
1414 2729 125 53 April
1584 2728 120 51 25th,
1744 2728 124 53 1918,
1906 2727 61 54 by

352 2753 200 112 ursting
600 2791 45 39 of
693 2795 124 44 shell.
931 2800 109 43 Sent
1090 2806 47 36 to
1186 2801 76 41 the
1309 2798 369 53 Stomatological
1723 2803 152 38 center
1923 2799 45 40 of

352 2823 186 76 Rennes,
573 2857 107 58 May
712 2868 94 49 3rd.

346 2965 16 40 f
429 2912 60 44 At
513 2923 101 46 that
638 2933 110 45 time
772 2952 26 27 a
821 2940 174 43 clinical
1018 2941 308 43 examination
1349 2940 219 42 disclosed
1591 2955 26 27 a
1639 2941 324 43 comminutive

346 2965 192 69 fracture
568 3000 45 40 of
643 3004 76 44 the
750 3009 118 54 right
899 3012 93 43 side
1023 3014 44 40 of
1097 3013 76 41 the
1202 3011 229 42 mandible
1459 3011 111 41 with
1599 3026 26 27 a
1654 3012 120 55 large
1802 3013 87 42 loss
1919 3014 44 41 of

347 3034 110 59 One
482 3057 45 45 in
552 3078 268 43 connection
844 3082 112 41 with
982 3085 75 40 the
1083 3082 164 43 second
1283 3081 207 55 bicuspid
1527 3083 90 42 and
1654 3084 76 42 the
1767 3085 96 42 first
1889 3085 74 54 big

344 3118 150 51 olar.
572 3138 123 47 Both
716 3147 116 45 have
854 3152 113 43 been
988 3154 94 54 pull
1104 3158 79 36 out
1206 3153 61 53 by
1289 3152 75 42 the
1386 3153 245 54 projectile.
1715 3156 244 50 Moreover,

342 3178 49 44 th
394 3200 69 78 ere
496 3214 90 34 was
621 3225 26 28 a
680 3216 233 47 deviation
948 3225 44 40 of
1026 3224 77 41 the
1137 3224 80 41 left
1251 3223 225 53 fragment
1512 3228 46 37 to
1593 3224 76 43 the
1704 3225 118 54 right
1860 3226 98 55 (one

342 3259 260 60 centimeter
626 3288 49 37 at
702 3286 148 59 least).
