2494 3904
726 447 222 35 APPAREIL
977 454 119 30 POUR
1126 445 260 39 RÉDUCTION
1416 455 60 28 DE
1505 453 256 32 FRACTURES
1976 447 78 39 161

499 515 149 82 Vaste
671 531 310 51 délabrement
1017 542 54 41 de
1105 542 44 41 la
1183 541 151 54 région
1359 540 311 55 symphysaire
1705 542 62 41 du
1800 543 250 41 maxillaire

422 574 210 115 Inférieur
661 606 46 37 et
738 605 77 43 des
840 609 259 54 téguments
1127 603 313 50 mentonniers
1463 615 45 36 et
1540 610 344 54 sus-hyoïdiens.
1916 612 131 42 Perte

423 648 52 98 de
505 662 241 54 substance
778 690 178 33 osseuse
987 682 354 55 correspondant
1373 694 90 27 aux
1493 680 69 42 six
1592 680 131 42 dents
1755 681 287 43 antérieures.

422 714 96 54 e
555 742 224 46 gouttière
818 749 54 42 de
911 753 265 42 contention
1214 767 55 27 en
1305 751 192 41 maxilor
1534 750 126 42 coulé
1698 756 67 37 est
1804 752 239 54 appliquée

421 797 212 74 quelques
670 813 125 53 jours
835 823 130 52 après
1004 823 184 42 l'entrée
1229 823 60 41 du
1328 822 143 41 blessé
1508 822 26 40 à
1573 821 228 54 l'hôpital;
1841 821 115 55 puis,
1996 823 45 41 la

418 862 213 58 réfection
670 885 244 59 plastique,
942 893 61 41 du
1042 898 189 37 menton
1271 897 44 37 et
1358 892 53 42 de
1451 891 44 42 la
1534 891 120 42 lèvre
1693 890 237 46 inférieure
1970 896 68 38 est

415 939 232 59 Pratiquée
674 968 83 40 par
780 959 44 42 le
847 961 62 40 Dr
935 963 360 42 Dufourmentel.

970 2298 87 42 FIG.
1057 2298 52 42 3.
1109 2298 35 42 —
1144 2298 192 42 Tirailleur
1336 2298 90 42 A.

537 2331 175 49 Moulages
729 2346 96 39 après
841 2347 178 34 réduction
1036 2355 34 27 et
1085 2352 197 30 scellement
1298 2353 40 29 de
1355 2352 30 30 la
1401 2352 169 41 gouttière
1588 2353 40 29 de
1643 2354 206 29 contention.

380 2482 125 105 A
526 2489 44 44 la
592 2496 62 45 fin
677 2504 55 42 de
755 2511 260 50 novembre,
1040 2513 40 41 le
1103 2513 155 49 blessé,
1285 2515 55 40 en
1340 2515 113 40 très
1476 2513 147 41 bonne
1645 2512 100 41 voie
1770 2512 54 41 de
1847 2524 155 69 conso-

380 2536 201 115 on,
601 2577 104 45 part
724 2590 55 28 en
798 2581 345 44 convalescence
1162 2583 270 55 temporaire
1451 2597 54 27 en
1523 2582 141 54 Algérie
1664 2582 54 54 ;
1736 2581 45 41 la
1797 2581 205 43 mobilité

382 2609 73 78 es
455 2609 270 78 fragments
748 2653 68 37 est
840 2651 25 41 à
888 2646 130 61 peine
1041 2653 289 56 perceptible.

462 2690 60 48 Le
546 2715 53 33 22
621 2709 191 60 janvier,
836 2721 41 42 le
900 2723 144 43 blessé
1066 2729 68 38 est
1158 2724 205 42 examiné
1385 2724 27 41 à
1436 2737 80 28 son
1538 2727 172 46 retour;
1735 2736 113 28 nous
1871 2736 126 28 cons-

378 2751 76 59 tat
454 2751 76 59 ns
554 2779 60 50 qu
614 2779 81 50 un
721 2788 78 43 des
823 2792 250 55 fragments
1097 2800 68 37 est
1199 2809 54 28 en
1288 2793 196 56 position
1515 2792 206 43 vicieuse.
1754 2793 75 55 (Le
1854 2792 143 43 blessé

376 2832 227 57 naît
622 2857 127 42 avoir
766 2861 156 44 enlevé
940 2878 80 29 son
1038 2866 200 55 appareil
1256 2879 58 27 au
1330 2878 130 28 cours
1478 2864 51 41 de
1529 2864 70 41 sa
1616 2864 376 55 convalescence.)

458 2901 49 70 a
507 2901 275 70 réduction
806 2938 69 37 est
898 2934 259 56 impossible
1182 2939 45 48 et
1251 2936 43 40 la
1317 2934 205 44 mobilité
1545 2948 158 29 encore
1727 2936 146 42 moins
1897 2950 97 42 per-

373 2972 76 97 1
449 2972 114 97 e
596 2994 136 51 qu'en
763 3006 259 42 novembre.
1059 3007 125 41 Nous
1217 3004 211 43 décidons
1460 3006 265 46 néanmoins
1758 3008 54 42 de
1844 3011 151 39 tenter

358 3028 57 87 la
448 3047 234 59 réduction
717 3073 303 58 prothétique.

453 3126 26 90 2
505 3120 167 56 février.
702 3138 293 58 Application
1024 3149 62 41 du
1114 3146 172 43 chariot
1314 3147 27 40 à
1368 3146 195 54 glissière
1596 3148 89 56 (fig.
1717 3150 58 55 2).

369 3182 53 98 f
422 3182 79 98 es
501 3182 186 98 jours
715 3211 221 56 suivants,
968 3233 57 27 on
1052 3219 210 55 pratique
1289 3217 54 42 la
1359 3218 237 43 réduction
1622 3221 278 54 progressive
1928 3223 62 41 du

369 3240 221 71 ent
611 3286 55 30 en
684 3278 169 50 faisant
874 3290 212 44 exécuter
1104 3304 61 28 un
1186 3303 57 28 ou
1264 3288 119 43 deux
1401 3293 127 39 tours
1547 3291 26 42 à
1592 3290 44 43 la
1655 3291 68 43 vis
1744 3292 53 43 de
1817 3293 168 56 rappel.
