2479 3916
495 584 415 91 Apparatus
962 595 89 66 of
1088 595 584 94 intermaxillary
1722 595 201 69 force

400 725 86 63 for
516 760 232 44 antero-
760 753 330 74 posterior
1090 753 363 74 deviations
1453 753 99 74 of
1552 753 132 74 the
1684 753 331 74 mandible^

998 944 67 54 By
1107 945 51 40 A.
1205 944 265 51 MORALE,

416 998 84 51 -''it
500 998 28 51 I
528 998 56 51 (il
584 998 56 51 the
640 998 116 51 facial
777 1022 178 44 prothetic
955 1022 196 44 laboratorv
1151 1022 53 44 of
1204 1022 71 44 the
1275 1022 160 44 surgical
1435 1022 146 44 Center
1595 1028 91 38 (qtJ¡
1704 1027 135 39 Region,
1860 1025 128 40 Vichy).

830 1074 122 38 (Chief
965 1078 40 29 of
1005 1078 69 29 the
1094 1079 146 30 Center:
1264 1079 54 41 Dr
1318 1079 54 41 F.
1372 1079 201 41 LEMÚfltF.)

476 1410 106 48 This
611 1435 110 42 very
748 1424 158 55 simple
934 1434 247 48 apparatus
1208 1431 122 51 gives
1359 1432 116 50 good
1502 1430 173 41 results.
1708 1427 157 43 Mouth
1893 1441 114 40 open

389 1482 47 82 Or
461 1482 128 55 close,
619 1492 76 42 the
723 1497 195 41 traction
945 1512 57 28 on
1031 1501 76 41 the
1134 1501 228 42 mandible
1390 1506 47 36 to
1463 1506 65 36 set
1558 1500 130 52 right,
1716 1503 146 37 exerts
1889 1497 119 42 itself

389 1539 297 78 10lizontally
720 1568 91 39 and
845 1567 229 45 forwards.

471 1624 259 58 Apparatus
758 1636 45 40 of
828 1637 362 59 intermaxillary
1217 1643 117 41 force
1362 1644 131 41 made
1521 1642 44 40 of
1592 1654 140 41 upper
1758 1640 89 40 and
1874 1639 132 41 lower

387 1688 158 50 sPhnts
577 1705 219 49 provided
826 1709 110 41 with
968 1711 140 42 hooks
1140 1714 90 40 and
1261 1714 177 40 elastics
1471 1714 55 40 do
1559 1718 78 35 not
1670 1712 165 52 always
1867 1709 137 54 apply

386 1766 179 57 exactly
591 1774 75 41 the
693 1779 195 41 traction
915 1780 228 44 forwards.
1233 1785 125 40 Even
1385 1785 45 39 in
1457 1783 252 51 distancing
1735 1795 109 40 very
1869 1780 134 43 much

386 1825 73 77 the
485 1850 143 44 upper
653 1846 140 44 hooks
819 1850 114 42 from
960 1852 75 43 the
1061 1854 135 43 lower
1219 1868 125 35 ones,
1372 1855 75 41 the
1475 1855 193 41 traction
1695 1867 56 27 on
1778 1852 74 42 the
1878 1866 124 28 man-

384 1895 116 52 dible
530 1910 35 42 is
596 1918 162 54 nearly
788 1920 262 52 horizontal,
1084 1925 107 55 only
1221 1926 128 41 when
1381 1926 76 41 the
1488 1925 160 44 mouth
1679 1924 35 41 is
1746 1923 134 48 close;
1912 1922 88 41 and

381 1976 45 80 as
466 1977 75 44 the
580 1987 94 40 oral
712 1990 156 54 cavity
906 2005 154 41 opens,
1103 1995 90 41 this
1233 1996 196 40 traction
1469 1995 114 40 from
1624 1994 246 40 horizontal
1910 1993 86 40 and

384 2032 62 62 01
446 2032 147 62 wards
629 2056 208 46 becomes
872 2064 190 41 vertical
1096 2066 90 40 and
1221 2066 221 53 upwards.

465 2115 91 48 The
580 2127 122 41 main
727 2130 127 53 point
878 2133 129 42 when
1031 2149 64 28 we
1119 2140 120 36 want
1265 2140 47 35 to
1337 2140 171 37 correct
1533 2135 75 40 the
1631 2147 150 39 wrong
1804 2132 192 55 position

378 2177 44 40 of
449 2199 26 27 a
502 2198 249 50 mandible,
781 2201 36 41 is
847 2203 101 41 that
979 2205 77 42 the
1085 2210 246 50 apparatus
1361 2205 180 54 applied
1570 2208 180 50 operate
1780 2204 217 41 redresser

378 2259 280 51 Movements
694 2270 44 41 in
774 2275 267 41 connection
1076 2276 110 40 with
1221 2277 127 40 those
1382 2290 64 27 we
1481 2276 109 40 wish
1624 2280 47 34 to
1706 2274 168 40 obtain.

459 2328 93 48 The
589 2347 248 47 apparatus
873 2345 45 40 of
954 2346 362 53 intermaxillary
1352 2346 118 42 force
1506 2360 64 27 we
1606 2345 137 53 speak
1780 2344 56 48 of,
1875 2344 116 48 here,

374 2396 179 49 realizes
580 2409 90 42 this
698 2412 320 44 desideratum.
1112 2417 38 39 It
1179 2416 143 40 works
1350 2416 44 39 in
1423 2415 76 41 the
1527 2414 205 54 required
1760 2413 229 48 direction,

373 2469 46 32 as
445 2466 45 44 in
517 2480 193 53 opening
737 2484 90 39 and
852 2484 170 54 closing
1048 2487 76 41 the
1151 2485 175 48 mouth,
1355 2486 76 40 the
1458 2484 194 41 traction
1680 2482 45 40 of
1751 2483 74 40 the
1853 2496 137 39 appa-

373 2537 121 44 ratus
519 2557 56 30 on
601 2550 77 43 the
702 2555 229 41 mandible
956 2560 48 36 to
1028 2556 130 53 bring
1181 2557 115 40 back
1320 2556 46 39 in
1389 2556 117 51 good
1530 2554 208 53 position,
1764 2553 35 40 is
1823 2553 164 53 always

370 2610 181 47 exerted
588 2619 302 61 horizontally
927 2628 90 40 and
1055 2627 229 42 forwards.

453 2745 322 54 DESCRIPTION
816 2772 57 29 OF
910 2774 94 29 THE
1045 2772 285 31 APPARATUS.
1372 2787 58 4 -
1472 2766 44 34 rO
1555 2760 69 40 An
1665 2772 143 40 upper
1846 2760 134 53 splint

367 2816 43 32 In
445 2826 40 42 «
485 2826 160 42 maxilor
645 2826 60 42 »
728 2830 73 53 (i).

452 2887 67 45 On
555 2896 89 43 this
678 2900 153 53 splint,
867 2903 35 40 is
937 2904 119 42 fixed
1090 2919 26 26 a
1151 2920 15 20 «
1187 2901 269 52 descending
1483 2901 65 40 rod
1548 2901 49 40 »
1619 2901 57 53 (2)
1713 2901 130 42 made
1878 2902 45 40 of
1956 2916 25 27 a

364 2947 126 60 rigid
490 2947 85 60 Ge
601 2984 107 27 man
745 2971 142 43 Silver
923 2975 130 42 Wire.
1151 2974 91 40 The
1279 2971 271 54 descending
1586 2973 79 40 rod
1700 2972 35 42 is
1771 2973 118 41 fixed
1924 2987 56 27 on

363 3017 74 93 the
470 3035 138 50 splint
642 3041 62 54 by
735 3042 58 41 its
825 3046 202 52 superior
1050 3042 257 54 extremity,
1331 3042 58 41 its
1412 3043 153 52 length
1597 3048 121 38 must
1752 3045 52 41 be
1837 3045 143 41 calcu-

362 3084 134 66 lated,
522 3120 48 27 so
595 3110 102 42 that
722 3113 77 42 the
824 3116 139 40 notch
982 3116 56 53 (3)
1067 3130 57 27 on
1148 3113 144 42 which
1316 3127 64 28 we
1405 3113 147 43 fasten
1577 3116 75 41 the
1676 3115 175 42 elastics
1875 3130 106 41 may

363 3156 52 48 be
444 3177 133 42 made
608 3180 45 42 in
684 3184 110 39 such
825 3199 26 27 a
881 3200 102 41 way
1012 3187 101 41 that
1145 3185 76 41 the
1251 3185 161 41 mouth
1448 3185 133 53 being
1618 3187 92 41 half
1742 3201 128 40 open,
1904 3188 75 42 the

419 3289 16 41 (
435 3289 26 41 )
485 3296 59 33 See
561 3302 56 31 the
637 3305 217 32 illustrations
872 3319 85 31 page
978 3310 55 41 196
1050 3310 62 29 and
1131 3308 192 40 following.
