2336 3882
557 645 117 53 Cas
727 641 380 58 d'utilisation
1159 642 174 56 dune
1380 642 164 56 bride
1591 641 374 57 cicatricielle

993 825 86 40 Par
1120 824 41 53 J.
1211 823 324 48 ROBINSON,

737 911 365 40 Chirurgien-dentiste
1121 911 40 29 de
1180 911 29 29 la
1230 909 132 31 Faculté
1381 911 40 29 de
1439 910 175 30 médecine
1633 911 39 29 de
1694 911 101 38 Paris,

666 965 165 29 Assistant
856 964 43 30 du
924 964 214 39 Dispensaire
1163 971 36 21 n"
1224 973 36 29 4^
1285 964 71 38 (rue
1382 964 40 29 de
1449 963 415 40 La-Tour-d'Auvergne).

537 1381 59 41 Le
631 1380 227 55 capitaine
894 1381 97 47 L.,
1027 1379 143 42 blessé
1202 1395 56 26 en
1291 1379 256 56 septembre
1585 1392 111 41 1914
1730 1394 82 41 par
1845 1396 86 26 une
1966 1376 113 44 balle

448 1456 244 55 explosive,
720 1471 114 26 nous
864 1471 26 26 a
919 1458 71 39 été
1015 1457 207 53 présenté
1250 1455 38 42 le
1317 1468 50 29 12
1392 1457 246 41 novembre
1667 1468 111 43 1917
1801 1459 130 52 après
1957 1452 125 46 avoir

448 1533 101 40 subi
583 1534 54 40 de
672 1534 293 39 nombreuses
1000 1532 258 53 opérations
1293 1531 263 55 plastiques.
1596 1534 63 39 La
1692 1534 227 41 mâchoire
1954 1530 128 56 supé-

448 1608 142 42 rieure
619 1624 55 26 ne
703 1611 206 52 présente
939 1608 200 41 d'autres
1167 1608 335 54 particularités
1531 1624 85 39 que
1646 1609 42 41 la
1717 1610 281 41 destruction
2028 1606 52 41 de

449 1688 152 38 toutes
633 1684 62 42 les
727 1685 146 41 dents.
911 1685 63 40 La
1005 1684 226 42 mâchoire
1263 1684 236 43 inférieure
1531 1689 69 38 est
1633 1686 174 41 réduite
1840 1700 90 27 aux
1964 1686 116 41 deux

450 1761 220 41 branches
710 1764 264 38 montantes
1015 1765 44 36 et
1101 1760 151 54 angles
1294 1766 275 50 supportant
1616 1762 175 41 chacun
1832 1777 88 27 une
1961 1757 118 46 seule

448 1849 148 40 grosse
636 1835 206 48 molaire;
884 1840 127 37 toute
1052 1835 43 42 la
1134 1837 180 53 portion
1354 1838 252 41 antérieure
1646 1838 55 41 de
1740 1837 82 42 l'os
1861 1835 219 57 comprise

449 1914 125 37 entre
598 1923 71 27 ces
693 1909 132 41 dents
847 1923 26 26 a
896 1909 149 54 disparu
1045 1909 56 54 ;
1126 1909 61 42 les
1210 1910 250 54 fragments
1482 1916 103 36 sont
1608 1911 188 42 mobiles
1819 1917 45 36 et
1888 1906 192 47 réducti-

448 1984 115 49 bles;
591 1985 52 40 ils
671 1990 102 36 sont
802 1984 126 42 reliés
957 1999 81 40 par
1064 2000 87 27 une
1179 1987 116 41 forte
1324 1987 124 42 bride
1477 1987 296 48 cicatricielle,
1803 1987 191 55 laquelle
2023 1996 56 30 va

448 2062 184 42 devenir
654 2076 60 27 un
736 2061 232 43 auxiliaire
990 2062 210 54 précieux
1223 2064 113 40 dans
1357 2063 44 41 la
1421 2065 211 53 prothèse
1654 2064 318 42 restauratrice
1994 2073 84 43 que

447 2154 113 27 nous
591 2139 143 42 allons
767 2138 238 56 appliquer
1037 2140 25 40 à
1095 2154 47 27 ce
1176 2140 155 42 blessé.
1369 2141 59 40 Le
1460 2145 190 37 menton
1681 2146 69 36 est
1784 2141 143 54 aplati
1959 2145 44 37 et
2036 2137 41 40 la

445 2214 119 43 lèvre
582 2215 237 42 inférieure
838 2220 147 37 rentre
1004 2230 55 27 en
1078 2216 169 41 dedans
1267 2217 61 40 du
1346 2217 165 40 niveau
1530 2217 53 40 de
1602 2216 43 41 la
1663 2216 118 42 lèvre
1801 2217 232 54 supérieure
2033 2217 43 54 ;

446 2297 118 37 cette
603 2292 269 55 disposition
911 2293 228 42 anormale
1180 2293 78 41 des
1295 2293 144 41 lèvres
1476 2294 214 54 empêche
1730 2293 38 42 le
1807 2293 177 43 malade
2024 2290 52 41 de

446 2368 162 43 fermer
637 2369 410 54 hermétiquement
1077 2384 82 27 son
1191 2369 146 42 orifice
1369 2369 158 41 buccal
1558 2383 114 41 pour
1701 2369 144 42 éviter
1874 2367 202 44 l'écoule-

444 2450 127 38 ment
595 2446 52 42 de
671 2446 43 41 la
736 2446 151 41 salive.
915 2447 64 39 La
1000 2445 175 53 langue,
1199 2446 192 41 touchée
1415 2460 80 40 par
1518 2445 37 42 le
1580 2445 246 55 projectile,
1850 2450 68 37 est
1941 2441 135 46 sensi-

446 2521 199 43 blement
677 2522 266 42 raccourcie.

534 2600 62 40 La
616 2598 125 42 bride
769 2598 440 54 interfragmentaire
1238 2612 85 39 que
1349 2597 42 54 je
1412 2597 128 42 viens
1562 2598 52 41 de
1637 2598 192 53 signaler
1850 2613 44 27 se
1913 2603 160 36 trouve

444 2676 90 39 très
552 2675 168 42 tendue
739 2675 178 54 lorsque
936 2674 61 42 les
1017 2675 248 52 fragments
1285 2678 102 37 sont
1406 2676 172 39 écartés
1595 2673 95 42 l'un
1710 2674 53 42 de
1782 2675 161 41 l'autre
1962 2680 112 49 pour

444 2748 42 42 la
514 2751 237 42 réduction
778 2756 46 37 et
854 2752 206 53 s'oppose
1091 2752 25 39 à
1145 2754 129 37 toute
1304 2750 199 42 traction
1532 2751 77 41 des
1638 2751 169 54 parties
1835 2751 156 41 molles
2019 2759 54 30 en

446 2832 161 44 avant;
631 2833 129 36 toute
784 2829 118 41 force
925 2830 181 39 exercée
1131 2841 76 27 sur
1229 2827 42 41 la
1294 2826 124 42 bride
1442 2827 111 41 tend
1576 2828 25 40 à
1625 2828 241 41 descendre
1889 2827 45 41 la
1954 2827 118 41 lèvre

445 2903 350 44 contrairement
821 2907 25 39 à
871 2920 48 27 ce
945 2920 86 39 que
1057 2919 114 27 nous
1195 2904 191 41 voulons
1411 2904 199 48 obtenir;
1636 2919 55 26 en
1716 2909 213 48 exerçant
1954 2905 117 40 cette

447 2976 117 42 force
594 2993 103 28 sous
726 2982 44 41 la
798 2982 140 49 bride,
963 2996 115 27 nous
1098 2995 217 28 amenons
1343 2981 39 41 le
1412 2985 188 37 menton
1630 2996 55 26 en
1715 2986 141 36 avant
1886 2986 45 37 et
1960 2988 112 34 nous

444 3051 238 45 soulevons
712 3056 43 42 la
783 3057 120 43 lèvre
932 3058 250 42 inférieure.
1217 3059 59 39 Le
1307 3057 229 55 problème
1567 3057 112 41 était
1699 3057 125 42 ainsi
1853 3057 158 47 résolu,
2042 3050 26 42 il

445 3127 144 42 fallait
614 3143 45 26 se
683 3131 129 43 baser
836 3149 75 26 sur
935 3150 71 27 ces
1031 3135 196 41 données
1252 3148 114 41 pour
1391 3133 107 42 faire
1523 3133 44 42 la
1590 3135 209 54 prothèse
1825 3133 243 43 définitive.

532 3206 131 40 Deux
704 3209 176 43 attelles
919 3211 286 54 métalliques
1246 3210 151 41 furent
1437 3210 286 49 construites,
1766 3208 304 57 enveloppant

443 3284 250 54 largement
720 3281 62 42 les
810 3286 268 53 fragments;
1107 3287 105 42 elles
1238 3287 152 42 furent
1418 3286 175 43 réunies
1621 3300 82 42 par
1730 3301 60 27 un
1816 3300 101 41 gros
1946 3285 44 42 fil
2017 3283 52 42 de
