2512 3895
636 439 388 42 RECONSTITUTION
1054 452 63 28 DU
1146 451 159 29 MASSIF
1333 449 278 31 MAXILLAIRE
1641 437 249 40 INFÉRIEUR
1997 448 77 41 149

449 509 153 55 Rentes
645 533 159 49 greffes
849 539 129 52 après
1022 535 346 56 régularisation
1408 539 45 37 et
1500 534 220 42 résection
1767 533 203 55 partielle
2014 534 57 41 de

447 577 112 54 leurs
581 600 168 48 parties
773 608 301 49 exubérantes
1103 608 88 53 (fig.
1220 607 31 41 6
1251 607 62 41 et
1340 605 57 54 7).

532 659 233 56 Troisième
801 677 236 55 opération.
1075 679 63 42 Le
1172 675 48 45 2
1220 675 266 45 décembre'
1504 675 123 55 1918.

531 730 277 59 Corrections
848 748 196 43 diverses
1084 748 221 44 destinées
1344 747 27 41 à
1410 745 194 56 parfaire
1648 744 302 55 l'adaptation
1988 745 80 41 des

446 790 249 64 lambeaux.
733 816 58 43 Ce
814 822 159 53 temps
1006 820 198 56 échappe
1237 819 25 41 à
1293 821 130 39 toute
1455 815 271 56 description
1758 820 44 38 et
1836 819 233 52 comporte

1178 2574 73 30 FIG.
1277 2573 29 31 8.

516 2627 77 63 FIG.,
607 2637 17 30 8
641 2644 34 27 et
689 2654 29 30 9.
736 2664 41 7 -
794 2649 98 31 Deux
907 2656 130 36 aspects
1054 2652 45 30 du
1119 2651 108 31 blessé
1250 2651 101 30 Sch.
1377 2648 94 42 après
1493 2648 178 31 retouches
1688 2651 34 27 et
1736 2648 106 40 greffe
1866 2648 112 30 ostéo-

555 2689 233 42 penostiques.
815 2697 143 40 (Photos
983 2701 88 38 prise
1097 2700 31 29 le
1156 2709 17 31 7
1199 2699 131 41 janvier
1360 2707 88 31 1919,
1479 2696 55 29 dix
1556 2696 93 40 jours
1665 2694 94 40 après
1776 2694 201 41 l'opération

558 2728 46 51 de
604 2728 142 51 greffe.)

434 2913 85 38 Une
554 2921 108 44 série
697 2930 55 41 de
786 2935 166 52 petites
986 2937 253 48 résections,
1278 2935 54 41 de
1367 2908 254 81 plicatures,
1660 2934 56 42 de
1751 2938 177 41 sutures
1965 2950 90 30 aux

436 2973 227 63 fferents
693 3001 152 53 points
877 3008 77 42 des
983 3009 171 54 greffes.

520 3054 244 58 Quatrième
794 3077 236 53 opération.
1062 3080 62 41 Le
1153 3078 55 43 28
1238 3075 234 43 décembre
1502 3074 125 56 1918.

519 3132 48 34 10
596 3132 282 58 Découverte
905 3149 77 42 des
1009 3150 119 42 deux
1154 3146 258 45 extrémités
1439 3147 77 41 des
1541 3147 220 45 branches
1790 3152 263 40 montantes

432 3197 81 41 par
533 3211 99 34 une
641 3207 187 51 incision
851 3222 189 40 cutanée
1063 3219 234 56 pratiquée
1319 3231 91 28 aux
1434 3218 118 42 deux
1575 3220 262 43 extrémités
1862 3220 61 41 du
1944 3218 113 41 lam-

435 3253 115 54 beau
580 3274 199 53 chevelu.
