2426 3888
439 426 71 51 146
824 438 54 27 LA
904 438 338 31 RESTAURATION
1269 441 406 29 MAXILLO-FACIALE

434 523 115 42 n'est
583 523 193 56 possible
809 524 106 55 qu'à
948 525 43 42 la
1024 528 150 42 sonde.
1211 529 64 40 La
1308 528 152 54 parole
1493 533 67 36 est
1595 528 269 43 totalement
1898 530 165 54 impos-

435 593 122 42 sible.

523 665 60 40 Le
616 664 142 42 blessé
791 670 66 38 est
890 668 158 51 admis,
1083 684 83 41 par
1197 669 298 43 autorisation
1524 669 189 54 spéciale
1740 671 61 41 du
1831 669 235 43 Directeur

436 736 60 41 du
523 736 173 42 Service
720 737 55 42 de
808 738 148 50 Santé,
985 740 25 41 à
1043 746 149 38 entrer
1223 755 58 27 au
1316 742 162 41 Centre
1510 741 57 40 où
1600 754 80 29 son
1705 741 263 43 traitement
1995 743 66 39 est

436 806 387 44 immédiatement
858 813 270 41 commencé.

887 2541 71 31 FlG.
987 2552 26 30 5.
1033 2560 39 5 —
1095 2542 110 30 Même
1230 2546 114 35 aspect
1366 2542 58 39 (vu
1449 2543 39 29 de
1515 2542 98 39 face).

521 2717 217 44 Première
772 2721 235 54 opération.
1043 2722 62 41 Le
1139 2721 54 41 18
1226 2722 184 42 octobre
1444 2722 124 53 1918.

524 2794 48 35 1°
603 2790 310 44 Prélèvement
938 2805 76 28 sur
1038 2792 61 41 les
1126 2792 155 54 berges
1307 2792 144 41 droite
1476 2795 43 38 et
1545 2792 173 54 gauche
1748 2793 55 41 de
1831 2792 44 42 la
1903 2794 162 41 brèche

434 2852 309 62 traumaticjue
767 2863 54 41 de
844 2863 118 41 deux
985 2862 242 42 lambeaux
1248 2864 189 40 cutanés
1460 2862 196 43 dessinés
1679 2863 120 42 selon
1823 2863 39 42 le
1885 2864 179 42 schéma

441 2928 87 54 (fig.
544 2930 55 53 2),
615 2934 230 42 retournés
861 2934 54 42 de
934 2933 128 53 façon
1085 2933 26 41 à
1128 2934 229 53 présenter
1374 2948 54 27 en
1447 2934 161 42 dehors
1626 2933 94 43 leur
1738 2934 95 43 face
1857 2936 209 41 cruentée

435 3003 45 39 et
509 3003 177 40 suturés
713 3002 93 44 l'un
836 3004 25 41 à
890 3003 161 44 l'autre
1080 3018 75 28 sur
1182 3004 42 42 la
1251 3004 119 54 ligne
1397 3004 206 44 médiane
1636 3005 89 54 (fig.
1756 3006 57 53 3).
1845 3005 127 43 Ainsi
1999 3009 66 39 est

435 3070 274 43 reconstitué
736 3088 61 27 un
824 3074 107 56 plan
960 3077 165 40 cutané
1152 3075 299 42 intra-buccal
1479 3075 278 56 remplaçant
1786 3076 39 43 le
1851 3077 216 55 plancher

437 3142 55 41 de
519 3140 43 42 la
589 3142 186 42 bouche.

523 3218 49 38 2°
603 3211 310 46 Prélèvement
952 3215 109 43 d'un
1099 3216 211 43 lambeau
1347 3216 26 41 à
1411 3217 118 41 deux
1564 3217 229 55 pédicules
1830 3218 141 41 allant
2011 3218 55 41 de

434 3284 42 42 la
512 3282 149 56 région
697 3283 345 56 préauriculaire
1077 3286 145 43 droite
1256 3286 26 42 à
1317 3285 44 43 la
1395 3287 172 53 gauche
1602 3302 54 28 en
1691 3293 187 53 passant
1915 3302 77 29 sur
2028 3287 39 41 le
