2372 3888
460 410 102 42 L68
851 424 57 29 LA
932 424 344 29 RESTAURATION
1300 423 411 30 MAXILLO-FACIALE

547 515 50 47 3°
627 509 147 43 When
803 509 79 43 the
912 509 238 42 reduction
1179 508 37 43 is
1246 508 218 42 obtained
1493 508 79 42 the
1602 508 184 43 inferior
1815 509 156 42 saddle
1994 504 97 45 and

458 586 79 42 the
564 586 204 55 superior
793 585 111 43 slide
930 587 84 41 bar
1040 600 75 28 are
1141 586 142 42 taken
1309 551 218 85 on;

460 664 111 42 then
615 663 85 44 the
745 663 255 54 anchorage
1042 663 113 55 keys
1200 676 75 28 are
1316 662 231 50 fastened;
1594 662 92 49 and
1728 662 78 43 the
1850 659 240 45 immobili-

461 740 150 42 sation
652 740 45 41 of
738 740 78 42 the
856 740 251 54 fragments
1148 739 47 42 in
1236 743 172 39 correct
1449 739 293 43 articulation
1782 739 37 42 is
1860 736 229 48 obtained,

460 817 197 44 without
692 817 224 54 changing
950 816 79 43 the
1064 820 263 52 apparatus.

545 953 106 44 USE
674 964 59 29 OF
754 964 94 29 THE
871 960 291 34 APPARATUS.
1185 979 60 4 —
1266 952 45 41 It
1331 952 38 42 is
1392 952 191 42 obvious
1605 952 105 42 that
1731 952 92 42 this
1845 951 248 55 apparatus

462 1033 126 38 must
615 1029 109 55 only
755 1029 57 42 be
846 1029 113 42 used
991 1029 47 41 in
1072 1043 126 29 cases
1230 1029 45 41 of
1309 1022 112 61 vety
1455 1029 191 42 difficult
1680 1028 253 43 reduction.
2026 1026 67 41 Its

463 1105 281 55 application
773 1106 38 42 is
839 1106 134 42 made
1003 1119 109 41 easy
1139 1105 132 43 when
1300 1106 78 42 the
1408 1110 90 37 two
1528 1106 251 53 fragments
1809 1118 130 42 carry
1968 1101 125 45 teeth

463 1195 50 27 or
548 1181 132 43 when
716 1195 92 29 one
838 1182 46 41 of
920 1181 127 42 them
1082 1182 37 42 is
1155 1181 229 43 reducible
1420 1182 91 42 and
1546 1195 110 41 may
1690 1181 55 42 be
1781 1178 313 54 immediately

462 1258 187 53 secured
672 1258 48 42 in
744 1258 120 54 right
889 1250 213 63 position.

550 1336 82 43 We
644 1335 132 43 have
802 1336 113 42 used
938 1335 38 41 it
1001 1335 113 42 with
1139 1349 175 29 success
1332 1334 211 44 however
1560 1334 47 42 in
1625 1335 177 42 inverse
1822 1333 269 44 conditions.

464 1412 67 41 Its
561 1413 256 41 endurance
846 1412 47 41 in
921 1411 138 50 mouth
1059 1411 92 50 is
1180 1412 155 42 rather
1363 1411 127 42 short
1519 1412 94 41 and
1640 1411 90 42 this
1761 1410 332 55 consideration

462 1487 37 42 is
528 1486 263 56 important
828 1501 59 28 on
923 1492 196 37 account
1156 1488 45 40 of
1238 1487 78 42 the
1353 1487 180 49 trouble
1568 1488 170 42 caused
1772 1488 64 54 by
1871 1487 59 42 its
1966 1485 125 43 bulk.

464 1563 85 42 Let
573 1578 52 28 us
648 1568 121 38 state
793 1563 196 54 anyhow
1011 1563 105 53 that
1138 1563 37 41 it
1198 1563 82 41 has
1304 1562 170 55 always
1497 1563 115 43 been
1633 1563 101 43 well
1750 1563 232 42 tolerated
2004 1559 90 45 and

463 1638 193 44 allowed
674 1654 53 27 us
748 1643 49 38 to
819 1639 159 41 obtain
998 1652 112 41 very
1131 1639 192 42 difficult
1344 1640 259 43 reductions
1624 1641 105 49 and,
1752 1638 340 56 consequently,

464 1720 48 37 to
539 1717 138 46 avoid
701 1720 49 37 to
776 1716 78 42 the
880 1716 226 42 wounded
1131 1729 26 28 a
1182 1716 194 54 surgical
1400 1716 323 44 intervention.

553 1851 341 41 OBSERVATION
925 1851 35 41 I.
990 1877 58 4 -
1075 1850 274 46 Skirmisher
1375 1852 103 50 A.,
1506 1853 227 42 wounded
1759 1853 108 53 May
1896 1851 111 52 25th
2033 1849 63 53 by

464 1921 208 54 bursting
686 1922 46 40 of
746 1921 127 42 shell.
953 1921 111 42 Sent
1082 1925 49 38 to
1151 1921 79 43 the
1251 1922 374 55 Stomatological
1644 1927 154 38 center
1816 1923 46 40 of
1882 1921 214 42 Chalons-

462 1993 267 47 sur-Marne,
761 1992 108 54 May
898 1991 124 43 26th.

550 2062 143 54 Large
717 2061 281 44 destruction
1027 2064 44 40 of
1097 2063 78 43 the
1206 2063 259 56 symphysis
1495 2064 154 54 region
1679 2064 45 41 of
1754 2064 79 41 the
1862 2060 232 45 mandible

441 2131 116 44 and
580 2133 45 41 of
649 2133 78 42 the
751 2146 145 43 upper
918 2133 230 55 hyoidean
1171 2135 92 41 and
1288 2134 103 42 chin
1414 2138 274 50 teguments.
1773 2134 110 41 Loss
1907 2133 46 41 of
1976 2132 118 41 bone

463 2204 47 41 in
540 2204 271 44 connection
838 2204 114 42 with
980 2204 79 43 the
1089 2205 69 42 six
1186 2205 125 43 front
1341 2204 141 43 teeth.
1571 2205 41 42 A
1642 2208 97 38 cast
1773 2203 223 55 (maxilor)
2029 2215 66 28 re-

464 2274 148 43 tainer
640 2275 140 55 splint
809 2275 37 42 is
876 2275 184 55 applied
1088 2289 123 29 some
1241 2276 113 54 days
1384 2276 118 41 after
1530 2275 77 42 the
1636 2272 227 47 wounded
1890 2288 134 30 came,
2045 2276 48 37 to

464 2346 78 42 the
572 2331 220 70 hospital;
825 2346 111 43 then
967 2346 78 42 the
1076 2344 164 57 plastic
1270 2346 218 42 refection
1520 2347 45 40 of
1596 2345 78 43 the
1705 2345 105 42 chin
1840 2344 92 42 and
1958 2344 137 41 lower

462 2416 64 55 lip
552 2416 37 43 is
614 2417 260 55 performed
898 2417 63 55 by
985 2417 149 55 Major
1158 2417 366 43 Dufourmentel.

532 2487 81 42 At
645 2489 78 42 the
756 2489 90 42 end
878 2489 44 41 of
956 2486 274 51 November,
1264 2488 79 42 the
1374 2487 226 42 wounded
1631 2487 48 41 in
1709 2500 104 41 way
1845 2487 46 41 of
1923 2486 171 42 correct

465 2559 330 42 consolidation
822 2573 105 42 goes
954 2563 49 37 to
1030 2559 179 54 Algerie
1238 2572 58 27 on
1322 2558 128 42 leave
1479 2558 49 41 of
1552 2552 360 51 convalescence.
1999 2555 96 42 The

464 2629 213 55 mobility
699 2630 64 49 of,
763 2630 82 49 the
867 2630 252 53 fragments
1140 2629 38 41 is
1200 2628 165 54 hardly
1386 2628 290 55 perceptible.

551 2698 208 57 January
785 2700 132 43 22nd.
1007 2700 95 42 The
1130 2698 226 43 wounded
1380 2698 37 41 is
1443 2699 241 42 examined
1708 2698 131 42 when
1864 2698 55 42 he
1946 2708 147 32 comes

466 2767 132 51 back,
636 2771 104 41 and
761 2785 65 29 we
862 2771 150 54 verify
1047 2770 104 44 that
1188 2783 84 28 one
1309 2769 45 40 of
1390 2769 78 41 the
1503 2768 251 55 fragments
1788 2769 38 41 is
1860 2769 47 41 in
1942 2778 153 41 wrong

465 2838 210 54 position.
773 2841 111 54 (The
916 2840 226 43 wounded
1174 2838 341 55 acknowledges
1547 2844 49 37 to
1629 2840 117 41 have
1779 2837 210 44 removed
1989 2837 105 44 his

466 2914 249 47 apparatus
743 2912 162 54 during
931 2913 70 41 his
1030 2910 379 55 convalescence).

552 2979 95 42 The
673 2981 238 45 reduction
936 2983 37 42 is
1000 2987 81 38 not
1108 2981 196 57 possible
1331 2982 92 42 and
1449 2981 93 42 still
1567 2982 86 42 less
1680 2980 276 57 perceptible
1982 2980 114 42 than

465 3049 47 42 in
542 3049 273 44 November.
905 3053 335 49 Nevertheless,
1271 3065 66 29 we
1369 3040 155 54 decide
1553 3057 49 36 to
1633 3041 201 65 attempt
1864 3052 79 41 the
1973 3063 123 43 pros-

466 3120 145 43 thetic
644 3120 250 44 reduction.

554 3190 235 53 February
817 3192 103 50 2nd,
952 3194 280 54 application
1262 3194 45 40 of
1336 3192 79 43 the
1443 3192 163 55 sliding
1634 3197 106 50 tray
1772 3192 91 59 (fig.
1894 3193 60 54 2).

551 3262 96 43 The
682 3259 229 60 following
911 3259 161 60 days,
1108 3278 66 29 we
1209 3263 199 57 practice
1442 3260 78 46 the
1555 3263 189 56 gradual
1778 3262 237 45 reduction
2049 3259 45 43 of
