2482 3910
760 440 317 33 MOBILISATION
1107 435 258 48 MÉCANIQUE
1396 436 138 38 D'UNE
1565 447 211 36 ESQUILLE
2004 442 76 38 18r

450 512 88 58 sont
564 521 166 48 remplis
758 525 48 38 de
832 526 125 41 tissus
984 529 217 52 fongueux.
1229 529 184 39 Derrière
1439 530 206 50 l'esquille,
1675 531 24 38 à
1727 531 136 46 droite,
1894 533 183 39 donnant

452 578 107 34 lssue
580 592 55 28 au
655 588 94 47 pus,
774 591 122 39 existe
916 606 58 27 un
995 594 251 40 décollement
1265 594 184 51 profond.

500 699 9 10 ,
525 639 75 43 Les
634 648 190 46 branches
854 657 263 41 horizontales
1147 664 90 35 sont
1264 658 233 51 légèrement
1526 658 260 52 rapprochées
1815 661 48 38 de
1891 661 41 39 la
1961 661 110 51 ligne

446 699 193 58 médiane,
663 715 41 39 la
726 719 126 40 droite
874 727 56 34 est
952 736 48 26 en
1021 724 332 51 linguo-version,
1377 723 40 39 la
1440 724 150 50 gauche
1612 736 48 26 en
1680 723 285 51 jugo-version.

521 833 238 68 appareil
788 863 74 37 que
892 865 103 27 nous
1024 854 218 46 décrivons,
1275 853 376 51 indépendamment
1679 855 47 38 de
1755 867 72 26 son
1857 854 132 40 action
2018 856 47 38 de

440 891 62 55 re,
502 891 141 55 duction
667 915 34 33 et
723 914 47 37 de
793 918 227 39 contention
1043 920 67 38 des
1133 920 149 50 grands
1301 918 230 51 fragments,
1550 932 24 25 a
1597 922 103 47 pour
1726 918 68 39 but
1815 920 47 37 de
1884 931 180 28 ramener

439 966 47 29 en
505 965 178 48 position
705 981 178 38 normale
902 982 195 51 l'esquille
1117 983 296 40 intermédiaire
1434 987 33 35 et
1486 983 90 40 d'en
1598 996 159 26 assurer
1775 984 40 38 la
1836 984 225 50 coaptation

439 1031 87 59 avec
550 1031 57 40 les
635 1038 190 44 branches
850 1046 275 48 horizontales,
1152 1049 274 51 d'augmenter
1451 1048 111 40 ainsi
1585 1048 56 39 les
1666 1048 164 39 chances
1854 1048 47 39 de
1926 1061 133 27 conso-

434 1031 170 106 lzdation
633 1104 104 40 dans
766 1108 41 39 la
837 1110 139 52 région
1009 1113 193 52 basilaire
1202 1113 38 52 :
1240 1113 292 52 l'ostéogénèse
1561 1113 233 39 établissant
1822 1126 61 25 ses
1912 1114 147 38 travées

433 1149 100 46 dans
557 1162 35 38 le
616 1179 92 29 sens
731 1173 48 38 de
803 1176 225 40 continuité
1048 1180 48 38 de
1119 1179 97 39 l'arc
1242 1179 310 39 mandibulaire.

944 2201 92 41 FIG.
1036 2201 55 41 1.
1091 2201 37 41 -
1128 2201 186 41 Appareil
1342 2203 167 30 démonté.

483 2370 92 48 Une
597 2390 373 46 gouttière-attelle
992 2398 86 45 AB,
1104 2400 24 37 à
1151 2397 316 52 piolongement
1491 2396 280 46 vestibulaire,
1798 2401 62 34 est
1883 2397 141 50 placée

403 2440 257 68 chaque
688 2455 209 52 fragment
926 2461 159 41 latéral.
1117 2463 108 39 Celle
1253 2464 52 38 de
1333 2464 159 49 gauche
1516 2463 35 37 B
1579 2461 193 52 présente
1799 2474 83 26 une
1909 2461 114 50 pièce

401 2498 190 91 rnélliane
629 2523 309 41 reconstituant
976 2538 52 27 en
1062 2527 137 51 partie
1233 2528 40 39 la
1311 2527 112 39 table
1458 2527 161 38 interne
1656 2530 40 35 et
1733 2525 199 45 destinée,
1970 2539 50 25 en

400 2556 48 104 SI
448 2556 178 104 "itistant
659 2583 24 37 à
715 2585 175 44 l'attelle
922 2592 56 38 du
1011 2594 93 37 côté
1137 2593 167 50 opposé,
1337 2593 25 37 à
1394 2590 207 40 diminuer
1629 2589 238 51 l'irruption
1899 2590 51 38 de
1981 2590 39 38 la

400 2624 126 94 r
548 2640 106 42 dans
677 2648 39 40 la
742 2653 140 49 région
904 2655 107 40 lésée
1032 2681 54 4 -
1108 2659 105 37 dans
1236 2657 39 38 la
1298 2656 109 51 plaie
1428 2653 288 41 mentonnière
1738 2658 278 35 notamment.

400 2682 54 44 .a
483 2706 373 50 gouttière-attelle
884 2720 137 39 droite
1047 2723 36 37 A
1115 2722 209 38 embrasse
1351 2732 114 26 assez
1492 2719 321 50 profondément
1843 2718 38 38 le
1908 2720 107 47 frag-

395 2759 101 97 "t
496 2759 122 97 qui,
647 2782 310 48 actuellement,
985 2799 52 25 ne
1061 2788 192 49 présente
1279 2798 80 36 que
1385 2784 110 38 deux
1521 2784 123 37 dents
1668 2787 191 46 pouvant
1886 2784 129 37 servir

391 2812 26 99 (1
421 2827 20 26 c
465 2824 139 48 piliers
629 2840 221 57 d'ancrage
880 2850 87 49 (des
994 2852 157 38 racines
1176 2849 188 39 curables
1388 2852 203 47 pourront
1617 2849 86 37 être
1727 2848 185 39 utilisées
1936 2860 76 39 par

391 2874 38 87 :t
458 2891 137 58 sUIte).
628 2904 94 43 Une
750 2912 123 40 coiffe
900 2916 244 51 métallique
1174 2918 63 36 est
1268 2913 143 39 scellée
1441 2924 70 29 sur
1538 2912 39 40 la
1624 2914 28 50 5
1709 2918 42 34 et
1780 2918 121 47 porte
1929 2927 81 26 une

388 2953 397 61 (ouronne-crochet
818 2981 222 39 amovible.

383 3074 39 34 t
424 3018 115 100 Ces
565 3031 111 44 deux
703 3043 168 38 attelles
897 3050 96 34 sont
1022 3043 159 42 réunies
1206 3054 78 41 par
1308 3043 103 39 trois
1435 3045 130 38 lames
1590 3045 228 51 parallèles,
1846 3046 51 45 D,
1926 3043 82 40 cin-

383 3074 106 96 s
519 3093 113 43 selon
660 3102 43 39 la
732 3109 155 38 courbe
916 3111 53 38 de
996 3110 183 40 l'arcade
1213 3108 56 50 (1),
1301 3107 125 47 l'une,
1460 3110 106 38 fixée
1594 3111 24 37 à
1648 3110 149 46 droite,
1829 3111 176 48 glissant

383 3146 115 40 ntre
519 3152 61 42 les
603 3164 110 41 deux
738 3176 157 43 autres,
920 3174 128 41 fixées
1070 3176 24 38 à
1118 3175 173 49 gauche.

439 3275 60 53 (1)
499 3275 150 53 COI/grès
665 3296 151 35 dentaire
834 3303 185 38 ¡I/Ier¡¡flic,
1040 3304 51 42 p.
1091 3304 86 42 350,
1177 3304 157 42 Georges
1352 3304 48 30 Vil
1400 3304 36 30 la
1436 3304 48 30 in.
