2351 3888
1000 246 105 42 XIV
1131 270 56 6 -
1214 258 24 39 3
1258 270 26 6 -
1305 258 104 41 1919

358 428 714 176 Emile
1186 460 846 140 LINET

706 658 86 54 17,
833 670 110 31 rue
981 659 75 43 de
1100 658 256 55 l'Odéon,
1395 658 166 42 Paris
1599 660 144 46 (VI6)

1133 765 345 43 Téléphone
1506 766 264 34 Fleurus
1796 766 123 36 10-49

496 956 488 150 LBBORHTOIRE
1040 960 88 128 DE
1182 944 362 162 PROTHESE
1600 960 352 145 DEMIRIRE

598 1210 288 63 EXÉCUTION
924 1220 254 53 PARFAITE
1214 1222 68 50 DE
1316 1218 132 55 TOUS
1486 1220 90 52 LES
1610 1220 240 52 TRAVAUX

414 1318 112 60 Or,
556 1318 470 62 Caoutchouc,
1060 1319 426 57 Porcelaine,
1516 1318 360 60 Celluloïd,
1904 1324 130 46 etc.

506 1514 112 62 La
672 1512 196 62 Dent
1009 1508 268 69 LINET
1461 1531 198 49 CMarque
1659 1531 273 49 française)
2080 1495 21 74 Il

614 1618 56 35 LA
691 1618 106 35 PLUS
816 1618 126 35 JOLIE
962 1617 56 35 ET
1038 1618 55 35 LA
1116 1619 105 35 PLUS
1242 1618 157 35 SOLIDE
1421 1619 57 36 DU
1498 1619 162 35 MONDE
1682 1618 161 37 ENTIER

978 1686 140 28 Usine
1148 1684 27 30 à
1208 1687 249 27 Versailles

486 1836 332 58 Fabrication
863 1835 268 70 française
1183 1835 90 59 des
1318 1837 337 59 Fournitures
1696 1838 265 58 dentaires

631 2021 443 53 Caoutchouc
1116 2021 318 54 dentaire
1477 2022 345 55 "LINET"

416 2119 142 40 Qualité
583 2120 218 44 supérieure.
838 2119 78 35 Prix
941 2130 93 33 pour
1064 2120 32 35 le
1127 2120 226 36 caoutchouc
1379 2122 96 41 base,
1511 2121 31 34 la
1570 2122 109 42 boîte,
1714 2116 30 36 7
1770 2118 166 34 francs
1962 2125 70 32 net.

722 2216 402 70 Appareil"
1151 2206 581 64 LÉBÉDINSKY"

944 2300 86 38 Pour
1057 2301 276 46 mécanothérapie
1360 2301 142 37 buccale.

414 2381 219 35 Traitement
659 2380 44 35 de
728 2379 32 35 la
779 2380 236 34 constriction
1034 2378 64 35 des
1118 2378 199 35 mâchoires
1334 2373 187 45 (trismus).
1550 2379 99 35 Prix:
1675 2374 71 37 45
1771 2377 165 33 francs
1962 2384 70 31 net.

627 2543 56 42 En
708 2538 232 61 préparation
940 2538 59 61 :
1025 2539 285 45 OUTIIiliRGES
1337 2541 40 42 et
1403 2536 227 55 PRODUITS
1658 2539 162 53 DIVERS

556 2720 174 51 LES
795 2718 471 52 ANNALES
1326 2718 570 52 DENTAIRES

785 2820 45 31 et
856 2816 454 35 PUBLICATIONS
1337 2815 324 35 CONNEXES

460 2959 496 61 PROTHÈSE
1012 2969 476 49 DENTHIRE
1544 2969 451 49 MODERHE

884 3050 170 39 Volume
1083 3049 144 38 Album
1259 3061 96 35 paru
1386 3060 48 26 en
1466 3048 102 38 1914

532 3114 155 51 Édition
708 3128 48 38 de
775 3127 124 49 grand
922 3126 87 39 luxe
1031 3127 219 38 richement
1270 3124 128 40 reliée.
1424 3125 73 39 Prix
1497 3125 44 39 :
1573 3129 59 37 15
1658 3131 163 33 francs
1842 3129 80 35 net.

421 3275 218 41 Numéros
671 3272 327 54 exceptionnels
1030 3274 55 39 de
1117 3274 38 39 la
1186 3287 156 40 guerre
1374 3267 300 57 AJVJVALES
1674 3267 362 57 DTzNTATJ^ES

921 3350 72 32 Prix
993 3350 44 32 :
1065 3348 33 37 3
1124 3351 164 32 francs
1314 3349 33 31 le
1372 3350 727 62 numéro.

356 3434 66 49 VV.
432 3472 457 11 -
889 3472 457 11 n
1346 3472 686 11 --
2034 3414 64 69 ))
