2443 3898
899 453 144 29 INDEX
1071 452 403 38 BIBLIOGRAPHIQUE
1920 452 76 38 203

427 518 22 13 o

398 531 103 56 ,:u.r
530 531 57 33 les
618 532 199 39 fractures
849 539 54 33 du
935 539 225 35 maxillaire
1263 538 168 34 IMBERT
1450 541 41 32 et
1509 539 132 33 RÉAL.
1660 560 52 2 -
1730 539 75 34 Sur
1822 539 56 34 les
1896 537 101 35 frac-

373 534 124 114 ®ri,r
497 534 103 114 eur-
600 534 207 114 Principes
807 534 85 114 du
921 586 238 35 traitement
1210 588 111 32 tures
1342 587 54 33 du
1418 586 224 35 maxillaire
1661 586 200 34 inférieur.
1885 584 112 34 Prin-

373 604 184 84 /T^Bert
577 628 41 31 et
638 627 132 46 RÉAL,
792 631 96 34 Bull,
888 631 64 34 et
970 634 122 33 Mém.
1115 634 43 32 de
1211 633 107 44 cipes
1340 633 63 35 du
1403 633 252 35 traitement
1679 633 122 53 (Bull.
1820 636 34 30 et
1873 632 121 35 Mém.

373 651 38 37 a
429 660 82 39 Soc.
532 670 43 33 de
597 673 120 45 Chir.,
741 687 43 23 II
804 677 160 43 janvier
984 681 127 45 1916).
1210 680 43 33 de
1269 679 39 34 la
1324 679 83 34 Soc.
1426 680 43 33 de
1488 680 121 45 Chir.,
1631 691 41 24 11
1690 680 158 45 janvier
1866 678 127 45 1916).

374 775 168 68 Enorme
542 775 336 68 liyperostose
897 803 258 35 consécutive
1257 803 217 46 MORESTIN
1474 803 145 46 (H.).
1619 803 74 46 —
1718 795 176 43 Éùorme
1920 803 72 44 hy-

413 838 78 66 Une
511 838 179 42 fracture
712 848 49 33 de
782 848 40 34 la
842 849 178 36 branche
1041 859 117 29 mon-
1206 853 207 42 perostose
1443 851 257 35 consécutive
1729 850 24 35 à
1782 862 79 22 une
1890 850 101 34 frac-

369 870 119 82 Tante
488 870 59 82 de
547 870 80 82 la
653 893 204 37 mâchoire
888 895 66 45 (H.
984 897 168 34 MORES-
1206 900 91 32 ture
1319 899 49 33 de
1389 898 40 35 la
1449 899 178 35 branche
1648 900 213 33 montante
1883 898 48 34 de
1952 896 40 35 la

370 923 80 80 CN.,
483 887 113 101 Bull..
624 942 34 30 et
688 941 122 34 Mém.
844 943 43 33 de
920 944 39 33 la
991 944 83 34 Soc.
1109 945 42 33 de
1205 944 203 35 mâchoire
1434 945 119 44 (Bull.
1571 950 40 29 et
1632 946 121 33 Mém.
1778 945 43 33 de
1844 944 38 33 la
1905 944 83 33 Soc.

370 963 53 37 Ch
427 981 62 37 zr.,
516 989 44 26 11
585 983 160 44 janvier
771 992 109 38 1916.
1206 992 43 32 de
1272 991 121 45 Chir.,
1420 1003 41 23 11
1484 993 159 44 janvier
1665 992 126 45 1916).

363 1133 13 33 1
414 1093 251 55 Traitement
690 1099 177 58 palliatif
894 1116 49 34 de
968 1115 39 35 la
1032 1127 116 34 para-
1252 1115 227 38 MORESTIN
1518 1115 97 46 (H.).
1650 1136 53 3 -
1736 1114 251 35 Traitement

363 1133 25 66 2
388 1133 76 66 ysie
483 1150 143 41 faciale
648 1169 75 33 par
744 1160 37 35 le
803 1161 252 36 froncement
1079 1165 68 33 des
1201 1163 177 44 palliatif
1399 1165 50 33 de
1469 1164 40 34 la
1529 1163 201 45 paralysie
1750 1161 143 35 faciale
1913 1171 75 33 par

360 1192 152 73 orties
550 1204 140 43 milles
730 1210 303 34 sous-cutanées
1078 1210 65 44 (H.
1199 1210 37 34 le
1270 1210 253 34 froncement
1557 1212 69 33 des
1660 1209 151 45 parties
1846 1207 139 34 molles

360 1226 42 85 d
402 1226 194 85 ORETIN,
617 1251 106 35 Bull.
744 1257 34 31 et
795 1255 122 34 Mém.
939 1256 43 33 de
1001 1256 39 34 la
1060 1257 83 34 Soc.
1200 1257 303 34 sous-cutanées
1531 1256 118 44 (Bull.
1675 1259 33 30 et
1731 1254 86 39 Mém.
1817 1254 34 39 ,
1851 1254 70 39 de
1945 1253 39 33 la

363 1290 41 21 e
431 1285 120 52 Chir.,
582 1298 45 32 18
651 1298 160 44 janvier
839 1303 127 45 1916).
1201 1304 83 33 Soc.
1315 1304 43 33 de
1389 1304 126 43 Chir.,
1515 1304 72 43 18
1614 1302 159 44 janvier
1803 1300 127 44 191.6).

395 1404 209 53 prothèse
633 1425 302 40 restauratrice;
968 1438 78 23 une
1075 1439 69 22 an-
1250 1426 122 33 FREY
1406 1426 89 44 (L.).
1525 1446 53 3 -
1608 1424 192 35 Prothèse
1829 1424 152 32 restau-

388 1459 43 27 ee
452 1459 39 51 d
491 1459 254 51 expérience;
770 1472 194 45 quelques
986 1474 157 34 conclu-
1197 1472 163 40 ratrice;
1402 1484 79 22 une
1520 1472 127 35 année
1685 1469 321 45 d'expérience;

364 1504 108 64 lOllS
484 1506 77 53 (L-
561 1506 135 53 FREY,
717 1517 260 46 Odontologie,
998 1520 146 36 février
1197 1520 194 43 quelques
1420 1519 251 34 conclusions
1705 1515 273 47 (Odontologie,

364 1547 124 47 916).
1196 1566 147 43 février
1371 1566 127 45 1916).

356 1658 244 80 Prothèse
618 1687 137 34 nasale
778 1687 60 44 (A.
861 1689 128 44 PONT,
989 1689 151 44 Odon-
1247 1690 117 32 PONT
1403 1689 118 45 (A.).
1521 1689 60 45 —
1616 1688 192 34 Prothèse
1841 1685 137 35 nasale

356 1709 53 57 toi
409 1709 94 57 Ogie,
530 1727 147 39 février
705 1735 127 45 1916).
1198 1736 274 45 (Odontologie,
1499 1736 146 35 février
1672 1734 126 45 1916).

354 1836 40 78 s
394 1836 60 78 De
454 1836 80 78 la
562 1852 233 45 réparation
827 1859 68 33 des
924 1862 135 42 pertes
1090 1855 49 42 de
1242 1861 226 36 MORESTIN
1501 1859 97 45 (H.).
1628 1879 52 3 -
1707 1859 61 32 De
1795 1857 40 34 la
1862 1855 111 45 répa-

354 1882 205 79 substance
559 1882 82 79 du
664 1903 119 35 crâne
804 1907 41 32 et
864 1907 272 43 particulière-
1190 1907 134 35 ration
1350 1909 69 33 des
1444 1909 134 43 pertes
1605 1907 49 33 de
1679 1905 216 41 substance
1920 1904 53 33 du

353 1933 113 73 ient
495 1942 53 34 du
576 1946 117 38 "front
693 1946 51 38 à
774 1951 121 35 l'aide
926 1955 49 33 de
1005 1956 130 33 trans-
1190 1954 119 34 crâne
1332 1957 40 31 et
1394 1953 371 45 particulièrement
1789 1952 53 33 du
1864 1950 110 34 front

353 1972 33 76 i
386 1972 99 76 ants
526 1993 291 49 cartilagineux
860 1998 66 42 (H.
966 2001 169 36 MORES-
1189 2000 23 34 à
1247 1997 120 38 l'aide
1404 2002 49 33 de
1487 2000 251 44 transplants
1774 1996 198 44 cartiJagi-

353 2022 192 79 B-Ull.
545 2022 82 79 et
627 2022 165 79 Mém.
827 2046 42 33 de
902 2046 39 34 la
973 2047 83 35 Soc.
1090 2049 43 33 de
1188 2058 107 29 neux
1325 2047 118 44 (Bull.
1473 2050 34 30 et
1530 2047 122 32 Mém.
1681 2045 43 33 de
1751 2045 38 32 la
1816 2044 82 33 Soc.
1928 2043 43 33 de

353 2052 117 67 zr.,
501 2090 45 35 15
573 2085 147 39 février
748 2093 128 43 1916).
1190 2094 121 42 Chir.,
1336 2104 44 32 15
1402 2093 145 34 février
1569 2092 127 44 1916).

390 2189 223 81 fsectÍon
635 2210 175 38 étendue
832 2216 53 33 du
907 2216 225 36 maxillaire
1236 2212 176 39 FREDET
1412 2212 252 39 etHERPIN.
1664 2212 50 39 -
1714 2212 253 39 Résection

346 2237 197 80 Intneur.
568 2255 195 41 Prothèse
782 2261 246 37 immédiate.
1053 2264 76 34 Ré-
1184 2263 174 34 étendue
1402 2264 53 33 du
1500 2261 223 35 maxillaire
1764 2258 201 35 inférieur.

346 2284 145 44 tats
520 2298 173 50 éloignés
726 2307 190 44 (FREDET
945 2313 41 31 et
1013 2309 115 35 HER-
1184 2310 193 34 Prothèse
1442 2308 245 36 immédiate.
1757 2305 209 35 Résultats

347 2331 81 77 PIN
461 2305 105 76 Bull.
600 2355 34 29 et
664 2353 123 35 Mem.
821 2356 43 32 de
896 2356 39 34 la
967 2357 82 34 Soc.
1084 2359 43 32 de
1183 2356 172 43 éloignés
1382 2355 122 44 (Bull,
1534 2359 34 29 et
1593 2355 120 32 Mém.
1744 2353 42 33 de
1813 2352 39 34 la
1880 2352 83 33 Soc.

347 2345 117 84 ZW.,
489 2400 48 33 29
560 2395 147 39 février
731 2402 127 44 1916).
1181 2404 43 33 de
1248 2402 121 44 Chir.,
1395 2412 48 32 29
1465 2402 147 34 février
1636 2400 127 44 1916).

341 2506 41 80 f
382 2506 185 80 Procédé
583 2526 143 47 simple
741 2526 59 39 de'
805 2533 225 35 contention.
1030 2533 95 35 des
1231 2532 172 33 HERPIN
1431 2530 92 45 (A.).
1549 2550 50 3 -
1622 2518 175 44 Procédé
1820 2527 142 44 simple

341 2544 194 92 (ctures
576 2574 54 35 du
671 2578 225 35 maxillaire
935 2580 190 35 inférieur
1180 2581 48 34 de
1272 2577 236 35 contention
1553 2578 68 33 des
1665 2575 197 34 fractures
1905 2574 55 33 du

326 2592 30 81 v
356 2592 47 81 :
434 2604 190 60 JIERPIN,
662 2623 138 35 Presse
835 2626 194 45 médicale,
1067 2627 56 35 fé-
1177 2625 223 36 maxillaire
1432 2623 190 35 inférieur
1658 2621 149 45 (Presse
1841 2619 118 35 médi-

355 2646 79 64 ner
434 2646 160 64 1916).
1177 2674 90 43 cale,
1292 2672 146 34 février
1463 2670 126 44 1916).

337 2773 36 74 t
373 2773 185 74 Fistules
587 2797 206 37 salivaires
820 2801 301 44 parotidiennes
1226 2800 189 35 PIÉTRI:
1415 2800 71 35 —
1531 2798 173 34 Fistules
1752 2796 204 35 salivaires

335 2815 306 82 trainatKués-
665 2846 106 34 Leur
790 2848 238 36 traitement
1048 2861 73 34 par
1173 2840 317 54 parotidiennes
1507 2844 308 44 traumatiques.
1852 2844 105 34 Leur

334 2859 34 84 d
368 2859 326 84 ).lI.mobI]¡satIon
717 2896 41 32 et
779 2894 37 35 le
839 2904 116 36 repos
978 2897 141 34 absolu
1172 2895 237 35 traitement
1432 2903 74 34 par
1529 2890 361 36 l'immobilisation
1915 2892 42 33 et

334 2909 67 82 des
446 2929 224 44 Mâchoires
720 2940 177 46 (PlÉTRI,
935 2944 90 32 Rev.
1076 2944 43 32 de
1171 2944 37 32 le
1225 2951 116 34 repos
1360 2940 143 35 absolu
1519 2941 69 33 des
1605 2939 222 34 mâchoires
1849 2938 103 45 (Rev.

334 2952 200 70 yngol.,
565 2994 108 26 mars
705 2988 127 44 1916).
1172 2990 43 33 de
1237 2986 204 45 laryngol.,
1467 2998 107 23 mars
1600 2986 126 45 1916).

328 3091 112 81 la^e
462 3102 41 37 la
524 3115 315 36 reconstitution
864 3120 49 33 de
934 3119 74 35 l'os
1030 3132 84 22 ma-
1218 3109 225 41 MORESTIN
1468 3116 98 47 (H.).
1587 3138 52 2 -
1658 3118 61 34 De
1737 3117 41 35 la
1796 3127 156 24 recons-

328 3127 102 87 eet
430 3127 76 87 du
506 3127 230 87 contour
752 3164 192 36 orbitaire
957 3166 23 35 à
994 3167 120 35 l'aide
1167 3164 171 35 titution
1362 3165 49 33 de
1433 3164 74 35 l'os
1526 3165 169 56 malaire
1719 3167 40 32 et
1782 3166 53 33 du
1860 3174 91 24 con-

1187 3212 13 2 -
1283 3210 15 3 *-

328 3178 67 86 de
395 3178 273 86 fr^Splants
707 3211 316 45 cartilagineux
1043 3213 67 45 (H.
1166 3212 94 34 tour
1295 3211 192 35 orbitaire
1522 3211 24 35 à
1581 3212 121 35 l'aide
1738 3213 49 33 de
1822 3214 129 35 trans-

328 3220 146 56 MoR
478 3255 84 36 TIN,
584 3250 105 39 Ë~ull.
711 3261 33 30 et
762 3258 122 35 Mém.
907 3261 42 33 de
969 3261 38 33 !a
1027 3261 82 34 Soc.
1165 3259 136 45 plants
1321 3258 302 45 cartilagineux.
1636 3259 118 45 (Biill.
1777 3262 33 29 et
1828 3258 68 33 Mé
1900 3269 49 22 ln.

328 3220 66 86 de
397 3267 29 38 r-
427 3248 135 64 ETIN,
584 3253 105 36 Bull.
711 3261 33 30 et
762 3258 122 35 Mém.
907 3261 42 33 de
969 3261 38 33 la
1027 3261 82 34 Soc.
1165 3259 136 45 plants
1321 3258 302 45 cartilagineux
1636 3259 118 45 (Bull.
1777 3262 33 30 et
1828 3258 121 33 Mém.

329 3271 41 35 ~g
428 3287 87 50 kw.,
545 3308 20 34 7
592 3312 111 30 mars
728 3305 127 45 1916).
1165 3307 43 33 de
1234 3306 38 33 la
1300 3305 83 39 Soc.
1413 3306 43 33 de
1485 3306 120 44 Chir.,
1637 3316 21 35 7
1685 3317 106 24 mars
1821 3305 64 45 191
1885 3305 64 45 G).
