2411 3900
825 612 98 75 An
923 612 295 75 attempt
1262 623 62 42 to
1372 622 380 42 reconstruct

564 784 100 47 an
722 761 264 70 entire
1044 752 258 79 lower
1357 761 157 92 jaw
1569 760 107 94 by
1733 779 281 49 means

640 938 71 58 of
746 938 188 79 grafts
980 937 66 59 of
1079 938 150 74 skin,
1266 958 249 38 mucosa
1560 933 137 63 and
1697 933 240 63 bone^)

927 1147 76 40 BY
1035 1146 48 41 L.
1117 1145 531 52 DUFOURMENTEL,

677 1228 94 30 Chef
791 1228 44 30 du
859 1228 123 30 Centre
1008 1228 40 29 de
1072 1228 167 39 chirurgie
1263 1226 275 31 maxillo-faciale
1560 1226 40 30 de
1624 1227 32 29 la
1682 1232 57 26 roe.
1756 1225 141 40 Region.

565 1645 134 41 Cases
732 1643 45 41 of
809 1642 225 56 complete
1068 1643 282 47 destruction
1383 1643 45 41 of
1461 1643 79 42 the
1571 1643 146 42 whole
1750 1643 45 42 of
1827 1644 80 41 the
1937 1634 171 49 frontal

479 1719 182 54 portion
690 1719 45 40 of
765 1718 79 41 the
872 1717 136 43 lower
1036 1717 103 55 jaw,
1169 1718 233 54 including
1431 1719 117 41 bbth
1576 1719 117 42 bone
1723 1720 93 41 and
1844 1719 92 41 soft
1966 1719 140 54 parts,

477 1794 153 42 would
653 1808 120 28 seem
799 1798 49 37 to
873 1794 117 42 have
1016 1794 113 42 been
1154 1795 202 41 hitherto
1383 1795 264 44 considered
1670 1795 184 56 beyond
1878 1796 78 41 the
1981 1805 126 43 repa-

476 1875 158 51 ratory
662 1883 172 43 powers
863 1869 45 42 of
937 1871 78 41 the
1043 1884 205 41 surgeon.
1336 1874 82 41 We
1446 1872 118 42 have
1594 1872 227 42 ourselves
1851 1885 58 28 on
1937 1864 172 50 several

478 1947 211 55 previous
727 1946 230 42 occasions
993 1949 260 54 attempted
1288 1948 79 43 the
1403 1947 120 51 task,
1561 1949 86 41 but
1685 1962 83 28 our
1803 1949 156 42 efforts
1995 1956 117 33 were

477 2037 139 28 never
638 2023 233 42 rewarded
895 2023 64 56 by
982 2023 143 56 really
1149 2025 302 58 satisfactory
1466 2025 179 43 results.
1730 2012 129 69 Now,
1885 2025 222 44 however,

477 2115 66 27 we
568 2113 82 29 are
667 2099 101 42 able
792 2104 49 37 to
866 2104 152 51 report
1044 2115 27 27 a
1094 2115 102 29 case
1219 2101 149 43 which
1390 2116 66 35 we
1481 2101 174 43 believe
1680 2107 48 36 to
1754 2102 55 41 be
1835 2101 46 41 of
1904 2100 203 44 interest,

477 2181 82 37 not
589 2176 118 55 only
727 2190 58 29 on
816 2180 194 40 account
1041 2177 45 42 of
1114 2178 81 42 the
1224 2177 192 56 novelty
1446 2177 45 43 of
1511 2178 89 42 the
1631 2177 247 57 procedure
1909 2170 202 61 adopted

478 2254 93 42 and
604 2255 79 41 the
718 2254 245 42 successful
988 2254 173 48 results
1196 2255 232 49 obtained,
1465 2255 86 41 but
1586 2254 299 56 particularly
1919 2254 192 41 because

479 2332 45 41 of
547 2332 77 42 the
649 2332 137 42 short
800 2332 214 42 duration
1038 2333 45 41 of
1107 2333 79 42 the
1209 2336 266 46 treatment,
1493 2332 150 42 which
1664 2325 148 60 began
1835 2344 59 28 on
1913 2329 198 43 October

481 2409 110 42 18th
619 2410 92 43 and
737 2410 148 54 might
914 2409 56 43 be
998 2411 222 53 regarded
1248 2424 49 28 as
1325 2409 279 43 terminated
1630 2408 65 56 by
1721 2403 251 51 December
1972 2403 140 51 28th

483 2486 43 54 (i.
556 2501 36 27 e.
622 2487 48 41 in
697 2486 86 43 less
811 2487 115 42 than
953 2491 91 38 two
1073 2487 93 42 and
1193 2501 27 27 a
1247 2485 96 58 half
1369 2486 220 54 months).

569 2564 245 41 Reference
849 2568 47 37 to
934 2564 73 55 fig.
1048 2577 22 27 i
1104 2563 93 42 will
1231 2563 124 41 show
1388 2563 80 40 the
1502 2562 235 43 condition
1770 2561 48 41 in
1851 2560 149 43 which
2033 2558 78 42 the

480 2640 177 54 patient
684 2654 126 30 came
835 2644 48 38 to
909 2655 66 27 us.
1063 2640 95 41 The
1182 2638 145 42 whole
1354 2638 45 41 of
1423 2639 80 41 the
1529 2642 249 37 structures
1804 2637 46 42 of
1874 2638 79 40 the
1977 2636 135 41 lower

478 2716 90 54 jaw
592 2731 116 28 were
733 2717 187 54 missing
947 2731 50 28 as
1022 2717 119 41 from
1167 2730 27 27 a
1219 2714 91 43 line
1337 2714 156 42 drawn
1517 2714 119 42 from
1664 2713 130 55 angle
1820 2718 50 37 to
1896 2713 131 54 angle
2053 2722 59 30 on

480 2794 112 41 each
620 2794 106 42 side.
841 2794 206 54 Nothing
1074 2793 232 44 remained
1334 2792 45 41 of
1407 2792 79 42 the
1513 2791 171 54 frontal
1711 2792 182 55 portion
1922 2791 45 41 of
1994 2791 118 41 bone

481 2870 92 40 and
594 2858 91 54 s6ft
709 2875 127 50 parts
858 2898 58 4 —
937 2872 79 41 the
1037 2870 136 44 lower
1193 2869 79 56 lip,
1296 2869 79 42 the
1399 2868 115 42 floor
1536 2869 45 41 of
1603 2869 79 42 the
1704 2868 177 49 mouth,
1906 2868 79 42 the
2008 2866 103 43 chin

483 2946 93 52 and
600 2947 300 54 supra-hyoid
925 2961 126 29 areas
1077 2947 171 53 having
1274 2946 61 42 all
1359 2946 115 41 been
1501 2945 255 56 destroyed.
1844 2943 268 55 Fragments

484 3022 45 40 of
558 3022 78 41 the
665 3022 143 56 hyoid
835 3024 117 42 bone
981 3037 115 29 were
1125 3026 198 52 present,
1354 3022 85 50 but
1467 3022 171 53 having
1667 3035 59 29 no
1756 3022 132 41 other
1916 3022 193 53 support

483 3097 249 55 anteriorly
770 3099 115 42 than
924 3100 123 42 what
1089 3096 93 45 still
1222 3098 178 43 existed
1440 3099 45 41 of
1525 3099 96 42 the.
1643 3102 184 49 tongue,
1869 3098 113 54 they
2020 3094 95 43 had

482 3174 186 43 become
700 3175 220 45 adherent
951 3181 50 37 to
1032 3190 85 31 one
1148 3176 205 42 another.
1444 3176 95 42 The
1570 3179 164 51 stump
1758 3175 45 41 of
1827 3175 86 41 the
1944 3178 168 50 tongue

547 3300 42 42 (1)
613 3299 59 31 See
690 3299 58 30 the
766 3300 218 31 illustrations
999 3311 87 31 page
1105 3310 55 29 142
1179 3301 65 30 and
1259 3300 193 41 following.
